time,nav,sell1,sell1_cnt,sell2,sell2_cnt,buy1,buy1_cnt,buy2,buy2_cnt
2020-06-09 09:06:56.450000,0.0,29450,50,29455,5000,29445,9668,29440,20823
2020-06-09 09:06:57.540000,0.0,29455,5000,29460,19411,29445,9768,29440,20823
2020-06-09 09:06:58.540000,0.0,29460,6402,29465,19798,29450,8150,29445,19130
2020-06-09 09:06:59.650000,0.0,29465,5299,29470,19725,29455,12084,29450,26282
2020-06-09 09:07:00.840000,29507.89,29465,5299,29470,19725,29455,8803,29450,26282
2020-06-09 09:07:02.040000,29507.89,29470,5117,29475,9808,29465,2500,29460,22285
2020-06-09 09:07:03.250000,29507.89,29470,5117,29475,19807,29465,3700,29460,11974
2020-06-09 09:07:04.340000,29507.89,29470,40,29475,5189,29465,24757,29460,20786
2020-06-09 09:07:05.500000,29507.89,29475,5099,29480,19733,29470,4151,29465,12526
2020-06-09 09:07:06.750000,29507.89,29475,6299,29480,9734,29470,2500,29465,22837
2020-06-09 09:07:07.840000,29507.89,29475,5099,29480,9734,29470,2495,29465,22842
2020-06-09 09:07:08.950000,29507.89,29475,5299,29480,19833,29470,2495,29465,12531
2020-06-09 09:07:09.940000,29506.58,29475,5449,29480,19834,29470,10615,29465,11032
2020-06-09 09:07:11.140000,29506.58,29475,5449,29480,9925,29470,2465,29465,22842
2020-06-09 09:07:12.250000,29506.58,29475,5449,29480,9925,29470,11834,29465,21343
2020-06-09 09:07:13.450000,29506.58,29475,351,29480,5309,29470,11784,29465,21343
2020-06-09 09:07:14.550000,29506.58,29480,5309,29485,20997,29470,12444,29465,21343
2020-06-09 09:07:15.550000,29506.58,29475,176,29480,5309,29470,12444,29465,21343
2020-06-09 09:07:16.640000,29506.58,29480,5307,29485,20997,29470,15472,29465,21338
2020-06-09 09:07:17.750000,29506.58,29475,4938,29480,19516,29470,2054,29465,13581
2020-06-09 09:07:18.850000,29506.58,29475,4938,29480,9517,29470,3054,29465,23892
2020-06-09 09:07:19.950000,29517.25,29475,4938,29480,9727,29470,2918,29465,23992
2020-06-09 09:07:21.140000,29517.25,29480,19726,29485,20997,29470,12123,29465,11127
2020-06-09 09:07:22.340000,29517.25,29480,10628,29485,20997,29470,11857,29465,21438
2020-06-09 09:07:23.340000,29517.25,29480,6418,29485,20997,29470,11738,29465,21438
2020-06-09 09:07:24.340000,29517.25,29475,4938,29480,10754,29470,4285,29465,23992
2020-06-09 09:07:25.340000,29517.25,29475,4938,29480,10787,29470,4386,29465,23992
2020-06-09 09:07:26.450000,29517.25,29475,6338,29480,20786,29470,4386,29465,13681
2020-06-09 09:07:27.540000,29517.25,29475,6338,29480,20786,29470,4386,29465,13881
2020-06-09 09:07:28.650000,29517.25,29470,1004,29475,6338,29465,9823,29460,20829
2020-06-09 09:07:29.850000,29531.06,29475,100,29480,20796,29470,11705,29465,10304
2020-06-09 09:07:30.940000,29531.06,29475,100,29480,11297,29470,11865,29465,20715
2020-06-09 09:07:32.140000,29531.06,29475,100,29480,11297,29470,11823,29465,20715
2020-06-09 09:07:33.250000,29531.06,29480,1961,29485,6406,29475,8933,29470,20150
2020-06-09 09:07:34.450000,29531.06,29485,7606,29490,20257,29475,11553,29470,20150
2020-06-09 09:07:35.650000,29531.06,29480,4993,29485,20771,29475,1,29470,11823
2020-06-09 09:07:36.640000,29531.06,29475,50,29480,5993,29470,11823,29465,20965
2020-06-09 09:07:37.640000,29531.06,29480,5943,29485,20771,29470,14883,29465,20965
2020-06-09 09:07:38.750000,29531.06,29480,7443,29485,20771,29470,14869,29465,20965
2020-06-09 09:07:39.850000,29535.14,29480,2203,29485,10772,29475,10954,29470,23126
2020-06-09 09:07:40.950000,29535.14,29480,2210,29485,10772,29475,10054,29470,23126
2020-06-09 09:07:41.940000,29535.14,29480,6200,29485,20771,29475,50,29470,29416
2020-06-09 09:07:43.140000,29535.14,29480,80,29485,7706,29475,9788,29470,34692
2020-06-09 09:07:44.140000,29535.14,29480,80,29485,7706,29475,9788,29470,34925
2020-06-09 09:07:45.250000,29535.14,29485,7706,29490,20257,29475,9398,29470,34924
2020-06-09 09:07:46.240000,29535.14,29485,6406,29490,10358,29475,22681,29470,34924
2020-06-09 09:07:47.440000,29535.14,29480,500,29485,7506,29475,12355,29470,34924
2020-06-09 09:07:48.440000,29535.14,29480,490,29485,10550,29475,9352,29470,34924
2020-06-09 09:07:49.550000,29535.14,29480,5341,29485,10550,29475,9352,29470,35424
2020-06-09 09:07:50.650000,29520.37,29480,5541,29485,20549,29475,39,29470,30135
2020-06-09 09:07:51.650000,29520.37,29480,7499,29485,10550,29475,9585,29470,35424
2020-06-09 09:07:52.740000,29520.37,29480,7500,29485,10550,29475,239,29470,40446
2020-06-09 09:07:53.640000,29520.37,29480,7610,29485,10550,29475,9585,29470,35424
2020-06-09 09:07:54.740000,29520.37,29480,7810,29485,10550,29475,9585,29470,35424
2020-06-09 09:07:55.640000,29520.37,29480,7810,29485,20549,29475,239,29470,30146
2020-06-09 09:07:56.740000,29520.37,29480,2737,29485,10550,29475,9585,29470,35435
2020-06-09 09:07:57.750000,29520.37,29480,2540,29485,7506,29475,9584,29470,35435
2020-06-09 09:07:58.750000,29520.37,29480,7740,29485,20519,29475,238,29470,30146
2020-06-09 09:07:59.840000,29515.95,29485,6406,29490,20358,29480,12105,29475,10075
2020-06-09 09:08:00.940000,29515.95,29485,6406,29490,18814,29480,5000,29475,7944
2020-06-09 09:08:01.940000,29515.95,29485,6406,29490,18814,29480,4954,29475,11026
2020-06-09 09:08:02.940000,29515.95,29480,5000,29485,7606,29475,288,29470,38767
2020-06-09 09:08:03.840000,29515.95,29480,5000,29485,10673,29475,7554,29470,35445
2020-06-09 09:08:04.840000,29515.95,29480,6205,29485,20672,29475,1411,29470,28466
2020-06-09 09:08:05.750000,29515.95,29475,5938,29480,14302,29470,17937,29465,22175
2020-06-09 09:08:06.750000,29515.95,29475,4738,29480,24301,29470,17937,29465,11864
2020-06-09 09:08:07.750000,29515.95,29475,6338,29480,24801,29470,17936,29465,11864
2020-06-09 09:08:08.750000,29515.95,29470,14895,29475,23935,29465,1028,29460,11570
2020-06-09 09:08:09.860000,29499.2,29470,14888,29475,23935,29465,1028,29460,11570
2020-06-09 09:08:10.840000,29499.2,29470,4999,29475,13939,29465,5597,29460,24381
2020-06-09 09:08:11.950000,29499.2,29470,5029,29475,23938,29465,1128,29460,11570
2020-06-09 09:08:12.950000,29499.2,29470,5029,29475,23938,29465,5597,29460,11570
2020-06-09 09:08:13.950000,29499.2,29475,421,29480,13602,29470,8985,29465,21611
2020-06-09 09:08:14.950000,29499.2,29475,6459,29480,23601,29470,2530,29465,11300
2020-06-09 09:08:15.840000,29499.2,29475,5159,29480,23601,29470,6331,29465,11300
2020-06-09 09:08:16.650000,29499.2,29475,5152,29480,23601,29470,6331,29465,11300
2020-06-09 09:08:17.640000,29499.2,29470,5087,29475,14585,29465,450,29460,21881
2020-06-09 09:08:18.540000,29499.2,29470,4406,29475,25139,29465,450,29460,11570
2020-06-09 09:08:19.650000,29499.2,29465,5773,29470,22500,29460,320,29455,13387
2020-06-09 09:08:20.740000,29518.1,29465,5620,29470,22600,29455,10952,29450,22637
2020-06-09 09:08:21.950000,29518.1,29460,4679,29465,13740,29455,3050,29450,25969
2020-06-09 09:08:23.140000,29518.1,29460,4679,29465,23739,29450,11557,29445,20703
2020-06-09 09:08:24.240000,29518.1,29455,4738,29460,13036,29450,3726,29445,24035
2020-06-09 09:08:25.340000,29518.1,29450,27573,29455,19065,29440,1207,29435,13571
2020-06-09 09:08:26.340000,29518.1,29445,4319,29450,27573,29440,3765,29435,8335
2020-06-09 09:08:27.440000,29518.1,29450,8725,29455,24419,29445,13638,29440,10132
2020-06-09 09:08:28.440000,29518.1,29450,5000,29455,24419,29445,10537,29440,7097
2020-06-09 09:08:29.540000,29518.1,29445,24386,29450,19309,29435,5003,29430,13015
2020-06-09 09:08:30.640000,29506.58,29445,4286,29450,24378,29440,3765,29435,12685
2020-06-09 09:08:31.640000,29506.58,29445,6286,29450,24378,29440,5067,29435,12685
2020-06-09 09:08:32.650000,29506.58,29450,5015,29455,24119,29445,4700,29440,8399
2020-06-09 09:08:33.740000,29506.58,29450,5015,29455,24124,29445,4309,29440,8399
2020-06-09 09:08:34.740000,29506.58,29450,5015,29455,24124,29445,4289,29440,8599
2020-06-09 09:08:35.740000,29506.58,29450,15,29455,9071,29445,13148,29440,21143
2020-06-09 09:08:36.740000,29506.58,29450,5000,29455,24478,29445,3997,29440,8599
2020-06-09 09:08:37.740000,29506.58,29450,4993,29455,24478,29445,3997,29440,8599
2020-06-09 09:08:38.650000,29506.58,29455,9425,29460,24703,29445,13192,29440,21165
2020-06-09 09:08:39.540000,29506.58,29455,4743,29460,24703,29445,13501,29440,21165
2020-06-09 09:08:40.450000,29486.96,29455,7799,29460,24703,29445,12501,29440,21165
2020-06-09 09:08:41.550000,29486.96,29455,24201,29460,19649,29445,8169,29440,14186
2020-06-09 09:08:42.540000,29486.96,29450,24486,29455,19147,29445,1529,29440,5268
2020-06-09 09:08:43.550000,29486.96,29445,4135,29450,24486,29440,4702,29435,9635
2020-06-09 09:08:44.540000,29486.96,29450,19422,29455,24201,29445,166,29440,9434
2020-06-09 09:08:45.540000,29486.96,29455,9148,29460,24703,29450,728,29445,8892
2020-06-09 09:08:46.650000,29486.96,29455,7748,29460,24703,29450,1300,29445,8892
2020-06-09 09:08:47.650000,29486.96,29455,4743,29460,24703,29450,6300,29445,11935
2020-06-09 09:08:48.650000,29486.96,29455,4743,29460,24703,29450,550,29445,11892
2020-06-09 09:08:49.650000,29486.96,29455,4743,29460,14704,29450,1350,29445,25230
2020-06-09 09:08:50.640000,29490.59,29455,7805,29460,24708,29445,11549,29440,21936
2020-06-09 09:08:51.740000,29490.59,29450,60,29455,4798,29445,11549,29440,21936
2020-06-09 09:08:52.860000,29490.59,29455,4798,29460,14799,29450,8200,29445,24912
2020-06-09 09:08:53.850000,29490.59,29460,5411,29465,26004,29450,12107,29445,21580
2020-06-09 09:08:54.940000,29490.59,29460,6712,29465,26004,29455,2,29450,10907
2020-06-09 09:08:56.050000,29490.59,29460,5812,29465,26024,29450,10840,29445,21570
2020-06-09 09:08:57.140000,29490.59,29460,5490,29465,26024,29450,11440,29445,21570
2020-06-09 09:08:58.140000,29490.59,29460,5484,29465,26024,29450,10840,29445,21570
2020-06-09 09:08:59.050000,29490.59,29455,4738,29460,24855,29450,2508,29445,14591
2020-06-09 09:09:00.050000,29495.17,29455,4738,29460,14906,29450,7542,29445,24902
2020-06-09 09:09:01.140000,29495.17,29460,6834,29465,26024,29455,11396,29450,10874
2020-06-09 09:09:02.340000,29495.17,29465,6330,29470,25005,29455,17251,29450,23381
2020-06-09 09:09:03.440000,29495.17,29465,30,29470,9952,29460,7940,29455,24230
2020-06-09 09:09:04.640000,29495.17,29470,9754,29475,25653,29460,8332,29455,24024
2020-06-09 09:09:05.640000,29495.17,29465,5000,29470,14808,29460,5000,29455,27356
2020-06-09 09:09:06.640000,29495.17,29470,9754,29475,25653,29460,8322,29455,24024
2020-06-09 09:09:07.750000,29495.17,29470,411,29475,9020,29465,7243,29460,20835
2020-06-09 09:09:08.840000,29495.17,29470,411,29475,5992,29465,7243,29460,20804
2020-06-09 09:09:10.040000,29513.29,29475,8994,29480,24913,29465,7243,29460,20854
2020-06-09 09:09:11.150000,29513.29,29475,5992,29480,24913,29470,5000,29465,10253
2020-06-09 09:09:12.440000,29513.29,29475,2038,29480,19860,29470,8282,29465,9421
2020-06-09 09:09:13.550000,29513.29,29475,2038,29480,19860,29470,7985,29465,9421
2020-06-09 09:09:14.640000,29513.29,29480,5245,29485,26145,29470,7909,29465,19732
2020-06-09 09:09:15.540000,29513.29,29480,8304,29485,26145,29475,109,29470,7909
2020-06-09 09:09:16.650000,29513.29,29480,290,29485,6460,29475,8431,29470,17908
2020-06-09 09:09:17.740000,29513.29,29480,10,29485,7260,29475,7382,29470,17908
2020-06-09 09:09:18.740000,29513.29,29485,6453,29490,25660,29475,7382,29470,17908
2020-06-09 09:09:19.740000,29513.29,29485,6453,29490,15661,29480,7365,29475,20705
2020-06-09 09:09:20.650000,29519.44,29485,6453,29490,18385,29480,7365,29475,20705
2020-06-09 09:09:21.650000,29519.44,29485,1453,29490,8693,29480,10697,29475,19873
2020-06-09 09:09:22.740000,29519.44,29485,7854,29490,26781,29480,2419,29475,7382
2020-06-09 09:09:23.740000,29519.44,29485,7854,29490,26781,29480,4891,29475,10422
2020-06-09 09:09:24.850000,29519.44,29480,91,29485,7854,29475,10722,29470,17954
2020-06-09 09:09:25.740000,29519.44,29480,41,29485,7854,29475,10451,29470,17954
2020-06-09 09:09:26.740000,29519.44,29480,6447,29485,25914,29475,3780,29470,11017
2020-06-09 09:09:27.740000,29519.44,29480,6947,29485,25914,29470,7955,29465,20750
2020-06-09 09:09:28.740000,29519.44,29480,9977,29485,25914,29470,7950,29465,20750
2020-06-09 09:09:29.850000,29518.14,29475,1,29480,6942,29470,7950,29465,20750
2020-06-09 09:09:30.850000,29518.14,29480,6942,29485,25924,29470,7940,29465,20750
2020-06-09 09:09:31.850000,29518.14,29480,9968,29485,25924,29470,7450,29465,20750
2020-06-09 09:09:32.860000,29518.14,29475,51,29480,6952,29470,7450,29465,20750
2020-06-09 09:09:33.640000,29518.14,29475,6183,29480,10006,29470,7118,29465,21582
2020-06-09 09:09:34.550000,29518.14,29475,1370,29480,20005,29470,10550,29465,10439
2020-06-09 09:09:35.550000,29518.14,29475,1419,29480,10006,29470,10550,29465,20750
2020-06-09 09:09:36.550000,29518.14,29475,1400,29480,10016,29470,7268,29465,21582
2020-06-09 09:09:37.640000,29518.14,29475,6138,29480,25187,29470,3206,29465,8271
2020-06-09 09:09:38.740000,29518.14,29475,9157,29480,25187,29465,5008,29460,21608
2020-06-09 09:09:39.840000,29504.14,29470,4933,29475,24215,29465,5008,29460,8294
2020-06-09 09:09:40.940000,29504.14,29475,24215,29480,20138,29465,5008,29460,11365
2020-06-09 09:09:41.840000,29504.14,29475,9162,29480,25192,29465,8331,29460,20944
2020-06-09 09:09:42.840000,29504.14,29470,5493,29475,14409,29465,5099,29460,21776
2020-06-09 09:09:43.840000,29504.14,29470,6903,29475,24418,29465,4989,29460,8394
2020-06-09 09:09:44.750000,29504.14,29470,9933,29475,24418,29460,8394,29455,24659
2020-06-09 09:09:45.640000,29504.14,29465,6898,29470,25077,29460,100,29455,13170
2020-06-09 09:09:46.750000,29504.14,29460,5000,29465,24984,29455,9838,29450,12314
2020-06-09 09:09:47.840000,29504.14,29460,6500,29465,24984,29455,4838,29450,12314
2020-06-09 09:09:48.950000,29504.14,29465,9931,29470,25077,29455,13170,29450,21793
2020-06-09 09:09:49.950000,29501.96,29470,570,29475,14934,29465,8760,29460,20937
2020-06-09 09:09:50.940000,29501.96,29470,6998,29475,24933,29465,3921,29460,7618
2020-06-09 09:09:52.140000,29501.96,29470,7498,29475,24938,29465,3921,29460,7618
2020-06-09 09:09:53.250000,29501.96,29470,20676,29475,24938,29460,7618,29455,12890
2020-06-09 09:09:54.250000,29501.96,29470,8168,29475,24938,29460,7618,29455,23201
2020-06-09 09:09:55.240000,29501.96,29465,3728,29470,11226,29460,7598,29455,23201
2020-06-09 09:09:56.150000,29501.96,29470,1740,29475,19884,29465,14461,29460,10177
2020-06-09 09:09:57.240000,29501.96,29470,1740,29475,9885,29465,14461,29460,20505
2020-06-09 09:09:58.150000,29501.96,29470,8178,29475,24938,29465,11496,29460,10629
2020-06-09 09:09:59.140000,29501.96,29470,1760,29475,6860,29465,14431,29460,20705
2020-06-09 09:10:00.050000,29505.91,29475,6860,29480,43357,29470,2303,29465,16808
2020-06-09 09:10:01.140000,29505.91,29475,728,29480,38303,29470,5238,29465,16373
2020-06-09 09:10:02.250000,29505.91,29475,6966,29480,33358,29470,9009,29465,27119
2020-06-09 09:10:03.250000,29505.91,29475,6966,29480,43357,29470,8251,29465,16808
2020-06-09 09:10:04.240000,29505.91,29475,6966,29480,43367,29470,2422,29465,13806
2020-06-09 09:10:05.350000,29505.91,29475,11151,29480,43367,29470,1571,29465,13806
2020-06-09 09:10:06.350000,29505.91,29470,51,29475,14187,29465,13466,29460,20739
2020-06-09 09:10:07.350000,29505.91,29470,56,29475,14187,29465,11695,29460,20739
2020-06-09 09:10:08.350000,29505.91,29475,11171,29480,43367,29470,244,29465,11713
2020-06-09 09:10:09.240000,29505.91,29475,11169,29480,43367,29470,244,29465,11714
2020-06-09 09:10:10.150000,29505.91,29475,11169,29480,43367,29470,4853,29465,14755
2020-06-09 09:10:11.350000,29495.85,29470,1350,29475,14220,29465,11714,29460,20839
2020-06-09 09:10:12.540000,29495.85,29475,5031,29480,38313,29470,7039,29465,14994
2020-06-09 09:10:13.740000,29495.85,29475,5031,29480,28314,29470,7007,29465,25305
2020-06-09 09:10:14.940000,29495.85,29480,23862,29485,27588,29475,4726,29470,7007
2020-06-09 09:10:16.050000,29495.85,29480,23862,29485,27578,29475,4342,29470,7007
2020-06-09 09:10:17.140000,29495.85,29475,1301,29480,36871,29470,7944,29465,15011
2020-06-09 09:10:18.150000,29495.85,29480,24062,29485,27578,29475,2,29470,11005
2020-06-09 09:10:19.150000,29495.85,29475,4738,29480,32137,29470,5009,29465,25757
2020-06-09 09:10:20.150000,29508.64,29475,5000,29480,44049,29470,5009,29465,12946
2020-06-09 09:10:21.240000,29508.64,29480,28996,29485,27578,29470,8044,29465,22822
2020-06-09 09:10:22.240000,29508.64,29475,5000,29480,34050,29470,5008,29465,23257
2020-06-09 09:10:23.350000,29508.64,29480,28996,29485,27583,29470,8112,29465,22822
2020-06-09 09:10:24.440000,29508.64,29470,4771,29475,24627,29465,3237,29460,8452
2020-06-09 09:10:25.540000,29508.64,29470,4771,29475,24652,29465,2537,29460,8452
2020-06-09 09:10:26.540000,29508.64,29465,6300,29470,22832,29460,588,29455,15927
2020-06-09 09:10:27.640000,29508.64,29470,7773,29475,24652,29460,8180,29455,23264
2020-06-09 09:10:28.640000,29508.64,29470,4769,29475,24652,29460,8180,29455,23264
2020-06-09 09:10:29.740000,29508.64,29465,5000,29470,22858,29460,582,29455,12875
2020-06-09 09:10:30.740000,29509.95,29460,4418,29465,14421,29455,4940,29450,25397
2020-06-09 09:10:31.850000,29509.95,29460,23745,29465,19366,29455,4940,29450,2603
2020-06-09 09:10:32.850000,29509.95,29455,6680,29460,23745,29450,4206,29445,7996
2020-06-09 09:10:33.850000,29509.95,29450,5699,29455,24775,29445,1301,29440,9203
2020-06-09 09:10:34.740000,29509.95,29445,425,29450,13077,29440,5924,29435,24145
2020-06-09 09:10:35.740000,29509.95,29445,5000,29450,13049,29440,5924,29435,24145
2020-06-09 09:10:36.740000,29509.95,29445,5000,29450,23048,29440,5906,29435,13834
2020-06-09 09:10:37.750000,29509.95,29450,7693,29455,24775,29440,8841,29435,23710
2020-06-09 09:10:38.840000,29509.95,29450,7690,29455,24775,29440,8841,29435,23710
2020-06-09 09:10:39.840000,29500.75,29450,4685,29455,24775,29440,8841,29435,23710
2020-06-09 09:10:40.750000,29500.75,29450,4686,29455,24775,29445,328,29440,11929
2020-06-09 09:10:41.750000,29500.75,29450,4685,29455,24775,29445,28,29440,8841
2020-06-09 09:10:42.750000,29500.75,29450,7691,29455,24775,29440,8841,29435,23710
2020-06-09 09:10:43.750000,29500.75,29445,5,29450,7691,29440,8858,29435,23710
2020-06-09 09:10:44.640000,29500.75,29445,6,29450,7696,29440,9537,29435,23710
2020-06-09 09:10:45.640000,29500.75,29445,5,29450,7696,29440,9536,29435,23710
2020-06-09 09:10:46.640000,29500.75,29450,8,29455,9727,29445,9200,29440,22576
2020-06-09 09:10:47.540000,29500.75,29450,4714,29455,24780,29445,5990,29440,12710
2020-06-09 09:10:48.750000,29500.75,29450,4674,29455,24780,29445,2092,29440,9656
2020-06-09 09:10:49.750000,29486.52,29445,5363,29450,23674,29440,6221,29435,13834
2020-06-09 09:10:50.750000,29486.52,29445,4011,29450,23675,29440,5372,29435,13834
2020-06-09 09:10:51.840000,29486.52,29445,4531,29450,23675,29440,5828,29435,9439
2020-06-09 09:10:52.950000,29486.52,29445,3897,29450,23875,29440,1317,29435,9439
2020-06-09 09:10:54.040000,29486.52,29445,5197,29450,23875,29440,1317,29435,9439
2020-06-09 09:10:55.040000,29486.52,29445,3897,29450,23875,29440,1517,29435,9439
2020-06-09 09:10:56.040000,29486.52,29445,5521,29450,13876,29440,6192,29435,22791
2020-06-09 09:10:57.040000,29486.52,29445,5031,29450,13876,29440,3212,29435,22791
2020-06-09 09:10:58.150000,29486.52,29455,397,29460,4399,29450,7843,29445,22861
2020-06-09 09:10:59.140000,29486.52,29455,4988,29460,20752,29450,200,29445,15485
2020-06-09 09:11:00.140000,29491.74,29460,4399,29465,23128,29450,7832,29445,22866
2020-06-09 09:11:01.240000,29491.74,29460,4399,29465,23128,29450,10856,29445,22891
2020-06-09 09:11:02.350000,29491.74,29465,5008,29470,16421,29460,6876,29455,20784
2020-06-09 09:11:03.350000,29491.74,29470,6810,29475,24765,29465,285,29460,17456
2020-06-09 09:11:04.440000,29491.74,29470,6493,29475,20176,29465,141,29460,17456
2020-06-09 09:11:05.640000,29491.74,29470,1493,29475,5123,29465,7435,29460,27332
2020-06-09 09:11:06.750000,29491.74,29475,135,29480,30198,29470,9023,29465,21526
2020-06-09 09:11:07.640000,29491.74,29480,30198,29485,26349,29470,11819,29465,21526
2020-06-09 09:11:08.640000,29491.74,29475,2,29480,30837,29470,11763,29465,21526
2020-06-09 09:11:09.540000,29491.74,29470,425,29475,5951,29465,11650,29460,27332
2020-06-09 09:11:10.540000,29510.15,29470,5425,29475,24086,29460,17456,29455,17799
2020-06-09 09:11:11.540000,29510.15,29465,5000,29470,21773,29460,7500,29455,10423
2020-06-09 09:11:12.650000,29510.15,29465,6300,29470,24793,29460,357,29455,7385
2020-06-09 09:11:13.740000,29510.15,29460,4386,29465,24383,29455,33,29450,12137
2020-06-09 09:11:14.740000,29510.15,29460,5878,29465,24378,29455,33,29450,7557
2020-06-09 09:11:15.540000,29510.15,29460,4578,29465,24378,29455,4483,29450,10602
2020-06-09 09:11:16.540000,29510.15,29460,5878,29465,24378,29455,4093,29450,10602
2020-06-09 09:11:17.340000,29510.15,29455,5,29460,4578,29450,7557,29445,24432
2020-06-09 09:11:18.240000,29510.15,29460,7791,29465,21358,29450,10576,29445,24432
2020-06-09 09:11:19.240000,29513.92,29455,4646,29460,22844,29450,4622,29445,17082
2020-06-09 09:11:20.150000,29513.92,29455,5946,29460,25878,29445,12486,29440,22499
2020-06-09 09:11:21.150000,29513.92,29455,15776,29460,25883,29445,12481,29440,12188
2020-06-09 09:11:22.350000,29513.92,29455,5777,29460,25883,29450,32,29445,15476
2020-06-09 09:11:23.240000,29513.92,29455,4462,29460,25691,29445,15314,29440,22499
2020-06-09 09:11:24.240000,29513.92,29455,5362,29460,25691,29445,12302,29440,22499
2020-06-09 09:11:25.240000,29513.92,29455,5362,29460,25691,29445,12397,29440,22499
2020-06-09 09:11:26.150000,29513.92,29455,5,29460,15692,29450,4622,29445,28288
2020-06-09 09:11:27.150000,29513.92,29455,5,29460,20637,29450,5557,29445,15042
2020-06-09 09:11:28.150000,29513.92,29460,1923,29465,19339,29455,7931,29450,10590
2020-06-09 09:11:29.240000,29513.92,29460,22657,29465,19339,29445,17977,29440,22499
2020-06-09 09:11:30.440000,29511.19,29460,1927,29465,19339,29455,7561,29450,10601
2020-06-09 09:11:31.450000,29511.19,29460,1927,29465,6306,29455,7561,29450,20912
2020-06-09 09:11:32.340000,29511.19,29460,6658,29465,11360,29450,21347,29445,25353
2020-06-09 09:11:33.250000,29511.19,29455,308,29460,6358,29450,11031,29445,25353
2020-06-09 09:11:34.250000,29511.19,29460,1977,29465,6306,29455,7658,29450,19808
2020-06-09 09:11:35.250000,29511.19,29465,5001,29470,10492,29455,20975,29450,19808
2020-06-09 09:11:36.340000,29511.19,29465,5001,29470,20491,29455,10614,29450,19846
2020-06-09 09:11:37.340000,29511.19,29460,4381,29465,5001,29455,7029,29450,19846
2020-06-09 09:11:38.340000,29511.19,29460,4381,29465,11968,29455,28,29450,20281
2020-06-09 09:11:39.340000,29514.29,29465,6914,29470,23133,29455,6703,29450,19846
2020-06-09 09:11:40.340000,29514.29,29470,203,29475,7263,29465,7926,29460,20853
2020-06-09 09:11:41.350000,29514.29,29475,7263,29480,50707,29465,10974,29460,20853
2020-06-09 09:11:42.450000,29514.29,29470,1,29475,7263,29465,11060,29460,20853
2020-06-09 09:11:43.450000,29514.29,29470,6,29475,7263,29465,7926,29460,20853
2020-06-09 09:11:44.450000,29514.29,29475,7963,29480,50707,29465,7500,29460,20853
2020-06-09 09:11:45.450000,29514.29,29470,5700,29475,23016,29460,10977,29455,19602
2020-06-09 09:11:46.340000,29514.29,29465,5005,29470,5700,29460,7935,29455,19602
2020-06-09 09:11:47.340000,29514.29,29460,40,29465,5705,29455,12220,29450,19846
2020-06-09 09:11:48.340000,29514.29,29465,177,29470,5808,29460,7544,29455,19596
2020-06-09 09:11:49.450000,29514.29,29465,5877,29470,5813,29460,7544,29455,19601
2020-06-09 09:11:50.440000,29494.81,29465,5877,29470,5813,29460,9604,29455,22370
2020-06-09 09:11:51.340000,29494.81,29465,5882,29470,5813,29460,12539,29455,19435
2020-06-09 09:11:52.240000,29494.81,29465,7795,29470,5813,29460,12344,29455,19445
2020-06-09 09:11:53.150000,29494.81,29465,7795,29470,20916,29460,4800,29455,12070
2020-06-09 09:11:54.040000,29494.81,29465,7075,29470,20219,29455,12070,29450,20896
2020-06-09 09:11:54.940000,29494.81,29460,5,29465,7075,29455,12070,29450,20896
2020-06-09 09:11:55.940000,29494.81,29465,7876,29470,20235,29455,12070,29450,20896
2020-06-09 09:11:56.850000,29494.81,29465,7076,29470,5182,29460,12481,29455,19446
2020-06-09 09:11:57.740000,29494.81,29465,7076,29470,5182,29460,12480,29455,19446
2020-06-09 09:11:58.650000,29494.81,29465,7076,29470,5182,29460,12475,29455,19446
2020-06-09 09:11:59.440000,29494.81,29465,7076,29470,20235,29460,5044,29455,12070
2020-06-09 09:12:00.350000,29496.61,29465,7076,29470,23251,29460,1897,29455,12070
2020-06-09 09:12:01.440000,29496.61,29455,4417,29460,22731,29450,1088,29445,15435
2020-06-09 09:12:02.530000,29496.61,29455,6,29460,4688,29450,7527,29445,25892
2020-06-09 09:12:03.530000,29496.61,29460,4354,29465,25247,29450,7527,29445,25892
2020-06-09 09:12:04.440000,29496.61,29460,4279,29465,25247,29450,7527,29445,25892
2020-06-09 09:12:05.350000,29496.61,29455,4013,29460,9333,29450,691,29445,28877
2020-06-09 09:12:06.240000,29496.61,29460,4279,29465,25319,29450,7522,29445,25942
2020-06-09 09:12:07.140000,29496.61,29455,3862,29460,22355,29450,691,29445,18566
2020-06-09 09:12:08.140000,29496.61,29455,3862,29460,22355,29445,15485,29440,22071
2020-06-09 09:12:09.050000,29496.61,29455,3862,29460,22355,29445,18489,29440,22071
2020-06-09 09:12:09.940000,29481.95,29450,4309,29455,7916,29445,7279,29440,22506
2020-06-09 09:12:10.940000,29481.95,29450,4309,29455,9829,29445,7270,29440,22506
2020-06-09 09:12:11.840000,29481.95,29455,4773,29460,22365,29445,15243,29440,22071
2020-06-09 09:12:12.840000,29481.95,29455,4773,29460,22345,29445,15236,29440,22071
2020-06-09 09:12:13.750000,29481.95,29455,4772,29460,22345,29445,15236,29440,22071
2020-06-09 09:12:14.640000,29481.95,29450,50,29455,4772,29445,15236,29440,22071
2020-06-09 09:12:15.640000,29481.95,29450,50,29455,4782,29445,15336,29440,22076
2020-06-09 09:12:16.640000,29481.95,29450,4359,29455,22863,29445,7396,29440,12200
2020-06-09 09:12:17.550000,29481.95,29450,4359,29455,22863,29445,6979,29440,12200
2020-06-09 09:12:18.440000,29481.95,29450,4359,29455,22863,29445,6978,29440,12200
2020-06-09 09:12:19.340000,29481.95,29450,130,29455,4784,29445,14488,29440,22076
2020-06-09 09:12:20.140000,29495.77,29455,4719,29460,22361,29445,14488,29440,22076
2020-06-09 09:12:21.040000,29495.77,29455,4719,29460,22363,29445,17486,29440,22126
2020-06-09 09:12:21.930000,29495.77,29450,4304,29455,22793,29445,6547,29440,12250
2020-06-09 09:12:22.840000,29495.77,29450,4304,29455,22788,29445,6542,29440,12250
2020-06-09 09:12:23.750000,29495.77,29450,4304,29455,22788,29445,6798,29440,12250
2020-06-09 09:12:24.750000,29495.77,29445,4989,29450,22389,29440,4721,29435,14031
2020-06-09 09:12:25.840000,29495.77,29445,4989,29450,22389,29440,225,29435,14031
2020-06-09 09:12:26.840000,29495.77,29440,4044,29445,4989,29435,8199,29430,19162
2020-06-09 09:12:27.840000,29495.77,29440,4049,29445,23042,29435,83,29430,7146
2020-06-09 09:12:28.840000,29495.77,29440,4049,29445,23042,29430,7146,29425,28070
2020-06-09 09:12:29.840000,29472.17,29440,4049,29445,23042,29430,7936,29425,28070
2020-06-09 09:12:30.840000,29472.17,29440,4048,29445,23042,29430,7670,29425,28070
2020-06-09 09:12:31.840000,29472.17,29435,4917,29440,12796,29430,4992,29425,27363
2020-06-09 09:12:32.840000,29472.17,29435,647,29440,4048,29430,7009,29425,27490
2020-06-09 09:12:33.840000,29472.17,29435,647,29440,14047,29430,7009,29425,17179
2020-06-09 09:12:34.740000,29472.17,29435,5567,29440,22137,29430,50,29425,17072
2020-06-09 09:12:35.760000,29472.17,29435,5567,29440,22137,29430,40,29425,17072
2020-06-09 09:12:36.740000,29472.17,29435,5567,29440,22137,29430,39,29425,17072
2020-06-09 09:12:37.650000,29472.17,29435,5567,29440,22137,29430,39,29425,17072
2020-06-09 09:12:38.650000,29472.17,29430,4270,29435,5567,29425,10052,29420,23358
2020-06-09 09:12:39.540000,29472.17,29430,652,29435,4920,29425,12495,29420,20965
2020-06-09 09:12:40.540000,29468.6,29430,652,29435,4920,29425,12495,29420,20965
2020-06-09 09:12:41.540000,29468.6,29430,652,29435,4920,29425,12495,29420,20965
2020-06-09 09:12:42.540000,29468.6,29435,4920,29440,9102,29430,7742,29425,25834
2020-06-09 09:12:43.540000,29468.6,29435,4925,29440,22121,29430,3173,29425,15523
2020-06-09 09:12:44.440000,29468.6,29435,9979,29440,17067,29430,2535,29425,5102
2020-06-09 09:12:45.540000,29468.6,29435,9979,29440,17067,29430,2534,29425,10102
2020-06-09 09:12:46.540000,29468.6,29430,1726,29435,23006,29425,5102,29420,13097
2020-06-09 09:12:47.440000,29468.6,29425,272,29430,19681,29420,1639,29415,12091
2020-06-09 09:12:48.240000,29468.6,29425,5000,29430,16679,29420,1639,29415,12091
2020-06-09 09:12:49.350000,29468.6,29425,5000,29430,19696,29420,1639,29415,12091
2020-06-09 09:12:50.350000,29446.28,29425,5000,29430,19696,29420,1624,29415,12091
2020-06-09 09:12:51.240000,29446.28,29425,5000,29430,19696,29420,179,29415,12091
2020-06-09 09:12:52.140000,29446.28,29430,1664,29435,23006,29420,7268,29415,22579
2020-06-09 09:12:53.030000,29446.28,29430,1664,29435,23006,29420,7065,29415,22579
2020-06-09 09:12:54.140000,29446.28,29425,4986,29430,16717,29420,4667,29415,12163
2020-06-09 09:12:55.140000,29446.28,29425,4986,29430,16718,29420,4248,29415,12163
2020-06-09 09:12:56.140000,29446.28,29425,4986,29430,19724,29420,4248,29415,12163
2020-06-09 09:12:57.140000,29446.28,29425,4986,29430,19724,29415,12163,29410,28973
2020-06-09 09:12:58.050000,29446.28,29425,4986,29430,16718,29420,4248,29415,12159
2020-06-09 09:12:58.840000,29446.28,29425,4986,29430,19719,29415,12147,29410,29023
2020-06-09 09:12:59.840000,29449.78,29425,4986,29430,19719,29415,7509,29410,29023
2020-06-09 09:13:00.840000,29449.78,29430,4666,29435,23006,29420,6641,29415,21127
2020-06-09 09:13:01.950000,29449.78,29430,1665,29435,23006,29420,9702,29415,21127
2020-06-09 09:13:02.950000,29449.78,29430,5044,29435,22999,29420,6702,29415,21127
2020-06-09 09:13:04.040000,29449.78,29430,5044,29435,22999,29420,3668,29415,21249
2020-06-09 09:13:04.950000,29449.78,29430,5044,29435,22999,29420,3663,29415,21249
2020-06-09 09:13:05.740000,29449.78,29430,5046,29435,22999,29420,9889,29415,21249
2020-06-09 09:13:06.740000,29449.78,29430,5046,29435,22999,29420,9909,29415,21249
2020-06-09 09:13:07.740000,29449.78,29430,46,29435,4925,29425,6359,29420,18469
2020-06-09 09:13:08.740000,29449.78,29425,19,29430,5046,29420,20219,29415,21249
2020-06-09 09:13:09.740000,29457.11,29430,46,29435,14924,29425,11354,29420,8191
2020-06-09 09:13:10.740000,29457.11,29435,4925,29440,22126,29430,20,29425,14385
2020-06-09 09:13:11.740000,29457.11,29435,8,29440,17072,29430,5656,29425,12364
2020-06-09 09:13:12.940000,29457.11,29435,8,29440,4053,29430,5516,29425,25203
2020-06-09 09:13:13.940000,29457.11,29435,8,29440,4053,29430,5170,29425,25203
2020-06-09 09:13:14.940000,29457.11,29435,6838,29440,9407,29430,3420,29425,24454
2020-06-09 09:13:16.040000,29457.11,29435,6838,29440,22423,29430,136,29425,14143
2020-06-09 09:13:16.940000,29457.11,29435,6838,29440,22423,29430,136,29425,14143
2020-06-09 09:13:17.740000,29457.11,29435,6794,29440,12457,29425,24454,29420,18552
2020-06-09 09:13:18.740000,29457.11,29435,6794,29440,22456,29425,14240,29420,18562
2020-06-09 09:13:19.640000,29457.11,29430,1,29435,6760,29425,14240,29420,18562
2020-06-09 09:13:20.640000,29461.99,29435,6696,29440,7403,29430,7495,29425,24551
2020-06-09 09:13:21.740000,29461.99,29440,308,29445,5192,29435,9971,29430,20855
2020-06-09 09:13:22.940000,29461.99,29445,5192,29450,24846,29435,11750,29430,20855
2020-06-09 09:13:24.050000,29461.99,29440,4042,29445,23257,29435,4995,29430,9255
2020-06-09 09:13:25.140000,29461.99,29445,17104,29450,24846,29435,11659,29430,10529
2020-06-09 09:13:26.250000,29461.99,29445,17104,29450,24846,29435,13159,29430,10529
2020-06-09 09:13:27.250000,29461.99,29445,17104,29450,24846,29435,13159,29430,10529
2020-06-09 09:13:28.150000,29461.99,29435,5486,29440,22117,29430,2510,29425,14240
2020-06-09 09:13:29.150000,29461.99,29435,1,29440,7064,29430,8713,29425,25301
2020-06-09 09:13:30.040000,29467.55,29435,58,29440,4042,29430,8288,29425,25301
2020-06-09 09:13:31.040000,29467.55,29435,4923,29440,9096,29430,1543,29425,24551
2020-06-09 09:13:32.040000,29467.55,29435,4935,29440,22101,29430,1273,29425,14240
2020-06-09 09:13:32.940000,29467.55,29435,4905,29440,22101,29430,881,29425,14240
2020-06-09 09:13:33.850000,29467.55,29440,7048,29445,25197,29430,7631,29425,25301
2020-06-09 09:13:34.740000,29467.55,29435,4662,29440,22101,29430,881,29425,14240
2020-06-09 09:13:35.640000,29467.55,29435,4637,29440,12102,29430,881,29425,24551
2020-06-09 09:13:36.540000,29467.55,29435,2137,29440,22106,29430,881,29425,11740
2020-06-09 09:13:37.430000,29467.55,29435,120,29440,17052,29430,7626,29425,12490
2020-06-09 09:13:38.450000,29467.55,29435,5220,29440,22107,29430,876,29425,11740
2020-06-09 09:13:39.250000,29467.55,29435,5220,29440,22507,29430,2756,29425,11740
2020-06-09 09:13:40.140000,29450.43,29435,7133,29440,22507,29430,2716,29425,11740
2020-06-09 09:13:41.040000,29450.43,29435,7133,29440,22508,29430,2516,29425,11740
2020-06-09 09:13:41.950000,29450.43,29435,7133,29440,22508,29430,2511,29425,11740
2020-06-09 09:13:42.840000,29450.43,29435,7133,29440,22508,29430,2511,29425,11742
2020-06-09 09:13:43.840000,29450.43,29435,7133,29440,22508,29430,2511,29425,11742
2020-06-09 09:13:44.740000,29450.43,29435,7136,29440,22508,29430,2261,29425,11742
2020-06-09 09:13:45.540000,29450.43,29435,7136,29440,22508,29430,1255,29425,11742
2020-06-09 09:13:46.450000,29450.43,29435,7068,29440,22508,29430,1236,29425,11742
2020-06-09 09:13:47.340000,29450.43,29430,4163,29435,12122,29425,2636,29420,20912
2020-06-09 09:13:48.240000,29450.43,29435,6973,29440,22625,29425,11357,29420,19162
2020-06-09 09:13:49.150000,29450.43,29430,4001,29435,12027,29425,6579,29420,20912
2020-06-09 09:13:50.040000,29470.17,29435,6973,29440,22645,29425,11336,29420,19162
2020-06-09 09:13:50.940000,29470.17,29435,6970,29440,22645,29425,11336,29420,19162
2020-06-09 09:13:51.840000,29470.17,29435,2021,29440,17591,29430,6745,29425,12086
2020-06-09 09:13:52.940000,29470.17,29435,2021,29440,4586,29430,6745,29425,22631
2020-06-09 09:13:53.940000,29470.17,29435,6970,29440,9640,29430,4985,29425,21891
2020-06-09 09:13:54.830000,29470.17,29435,6970,29440,19639,29425,11580,29420,18670
2020-06-09 09:13:55.650000,29470.17,29435,6970,29440,22657,29430,4985,29425,11580
2020-06-09 09:13:56.540000,29470.17,29435,6975,29440,19639,29430,4980,29425,11620
2020-06-09 09:13:57.440000,29470.17,29435,6975,29440,19639,29430,4701,29425,11620
2020-06-09 09:13:58.350000,29470.17,29435,6958,29440,9640,29430,4701,29425,21931
2020-06-09 09:13:59.240000,29470.17,29435,2009,29440,4586,29430,6451,29425,22682
2020-06-09 09:14:00.150000,29453.49,29435,6958,29440,22686,29430,61,29425,11621
2020-06-09 09:14:01.140000,29453.49,29430,3951,29435,15024,29425,2526,29420,20421
2020-06-09 09:14:02.040000,29453.49,29430,3947,29435,15044,29425,6862,29420,20421
2020-06-09 09:14:03.030000,29453.49,29425,2858,29430,9001,29420,6971,29415,20731
2020-06-09 09:14:03.940000,29453.49,29430,3847,29435,25043,29420,6971,29415,23231
2020-06-09 09:14:04.940000,29453.49,29425,417,29430,3847,29420,6966,29415,23231
2020-06-09 09:14:05.850000,29453.49,29435,6979,29440,22705,29425,11068,29420,18615
2020-06-09 09:14:06.740000,29453.49,29435,2030,29440,7652,29430,6387,29425,25158
2020-06-09 09:14:07.740000,29453.49,29435,6980,29440,22706,29425,13748,29420,18618
2020-06-09 09:14:08.640000,29453.49,29430,3847,29435,25056,29425,5010,29420,6979
2020-06-09 09:14:09.640000,29453.49,29430,3847,29435,25056,29425,3842,29420,7979
2020-06-09 09:14:10.640000,29455.68,29425,4900,29430,21916,29420,1235,29415,12172
2020-06-09 09:14:11.740000,29455.68,29430,3847,29435,25056,29425,8969,29420,10998
2020-06-09 09:14:12.730000,29455.68,29430,3848,29435,25056,29425,8909,29420,10998
2020-06-09 09:14:13.730000,29455.68,29430,4525,29435,12034,29425,8443,29420,21309
2020-06-09 09:14:14.640000,29455.68,29430,678,29435,6980,29425,10157,29420,19609
2020-06-09 09:14:15.550000,29455.68,29430,1,29435,7009,29425,13162,29420,19609
2020-06-09 09:14:16.440000,29455.68,29435,7009,29440,22706,29425,13168,29420,19609
2020-06-09 09:14:17.550000,29455.68,29430,3847,29435,12063,29425,8405,29420,21359
2020-06-09 09:14:18.640000,29455.68,29435,7256,29440,22684,29425,8048,29420,21359
2020-06-09 09:14:19.740000,29479.38,29435,15303,29440,22684,29425,9793,29420,9298
2020-06-09 09:14:20.740000,29479.38,29435,9235,29440,17630,29425,8043,29420,21359
2020-06-09 09:14:21.740000,29479.38,29435,287,29440,17630,29430,6322,29425,13563
2020-06-09 09:14:22.850000,29479.38,29435,4191,29440,12685,29430,4519,29425,23124
2020-06-09 09:14:23.740000,29479.38,29435,287,29440,7631,29430,4529,29425,23124
2020-06-09 09:14:24.740000,29479.38,29440,4606,29445,23199,29435,1528,29430,6279
2020-06-09 09:14:25.550000,29479.38,29440,4606,29445,23199,29435,6518,29430,6279
2020-06-09 09:14:26.440000,29479.38,29445,5107,29450,25583,29435,8262,29430,17944
2020-06-09 09:14:27.340000,29479.38,29445,5107,29450,25583,29435,11226,29430,17944
2020-06-09 09:14:28.230000,29479.38,29440,4042,29445,10161,29435,6423,29430,19794
2020-06-09 09:14:29.230000,29479.38,29435,5000,29440,22138,29430,4629,29425,16335
2020-06-09 09:14:30.140000,29469.92,29440,3043,29445,23210,29435,5000,29430,4629
2020-06-09 09:14:31.250000,29469.92,29445,207,29450,5952,29440,9239,29435,20826
2020-06-09 09:14:32.340000,29469.92,29445,207,29450,5952,29440,7326,29435,20826
2020-06-09 09:14:33.340000,29469.92,29445,207,29450,5953,29440,6900,29435,20826
2020-06-09 09:14:34.250000,29469.92,29450,5953,29455,27041,29445,882,29440,6622
2020-06-09 09:14:35.250000,29469.92,29455,7380,29460,23848,29445,9626,29440,20753
2020-06-09 09:14:36.250000,29469.92,29455,7430,29460,23848,29445,9626,29440,20753
2020-06-09 09:14:37.140000,29469.92,29455,7430,29460,23848,29450,2464,29445,6601
2020-06-09 09:14:38.140000,29469.92,29455,2430,29460,23853,29450,6978,29445,11111
2020-06-09 09:14:39.040000,29469.92,29455,5513,29460,22254,29450,2459,29445,8101
2020-06-09 09:14:40.040000,29463.97,29455,5517,29460,22255,29450,2034,29445,8101
2020-06-09 09:14:40.930000,29463.97,29455,5517,29460,22255,29450,1992,29445,8101
2020-06-09 09:14:41.840000,29463.97,29455,5549,29460,22255,29450,1987,29445,8101
2020-06-09 09:14:42.540000,29463.97,29450,5236,29455,23618,29445,1500,29440,4130
2020-06-09 09:14:43.340000,29463.97,29450,2736,29455,23618,29445,1503,29440,4130
2020-06-09 09:14:44.140000,29463.97,29450,2769,29455,23718,29445,1503,29440,4130
2020-06-09 09:14:45.040000,29463.97,29450,12768,29455,23718,29445,1,29440,6757
2020-06-09 09:14:46.040000,29463.97,29445,1,29450,2769,29440,6757,29435,20829
2020-06-09 09:14:47.040000,29463.97,29445,4682,29450,20823,29440,5007,29435,9768
2020-06-09 09:14:47.950000,29463.97,29450,2769,29455,23688,29440,6757,29435,20839
2020-06-09 09:14:48.950000,29463.97,29445,396,29450,2771,29440,6729,29435,20839
2020-06-09 09:14:49.740000,29467.84,29445,396,29450,12770,29440,6729,29435,10528
2020-06-09 09:14:50.740000,29467.84,29445,5076,29450,20822,29440,2,29435,9778
2020-06-09 09:14:51.740000,29467.84,29445,5106,29450,20822,29440,4979,29435,9769
2020-06-09 09:14:52.740000,29467.84,29445,5102,29450,20822,29440,4965,29435,9769
2020-06-09 09:14:53.650000,29467.84,29445,5102,29450,20822,29440,4965,29435,9771
2020-06-09 09:14:54.340000,29467.84,29445,5102,29450,20822,29435,9771,29430,19517
2020-06-09 09:14:55.150000,29467.84,29445,5089,29450,20823,29435,9505,29430,19519
2020-06-09 09:14:55.940000,29467.84,29445,5189,29450,20823,29435,9505,29430,19519
2020-06-09 09:14:56.850000,29467.84,29445,170,29450,20820,29435,9499,29430,19519
2020-06-09 09:14:57.640000,29467.84,29445,170,29450,20820,29440,4959,29435,9499
2020-06-09 09:14:58.440000,29467.84,29445,100,29450,2739,29440,6709,29435,20560
2020-06-09 09:14:59.340000,29467.84,29450,3,29455,15293,29445,9045,29440,20445
2020-06-09 09:15:00.340000,29472.17,29450,4935,29455,25332,29445,5000,29440,7109
2020-06-09 09:15:01.440000,29472.17,29460,629,29465,27172,29455,5366,29450,11659
2020-06-09 09:15:02.640000,29472.17,29465,2519,29470,5300,29460,6248,29455,18133
2020-06-09 09:15:03.730000,29472.17,29470,5300,29475,27864,29465,2498,29460,9334
2020-06-09 09:15:05.050000,29472.17,29475,8244,29480,51141,29465,12302,29460,20395
2020-06-09 09:15:06.140000,29472.17,29475,8244,29480,36544,29470,4399,29465,22622
2020-06-09 09:15:07.250000,29472.17,29475,3244,29480,31490,29470,6158,29465,20875
2020-06-09 09:15:08.340000,29472.17,29475,8234,29480,39568,29470,9,29465,22625
2020-06-09 09:15:09.340000,29472.17,29475,8234,29480,49567,29470,9,29465,12314
2020-06-09 09:15:10.340000,29478.46,29465,5,29470,4935,29460,6266,29455,18135
2020-06-09 09:15:11.340000,29478.46,29475,26611,29480,44513,29465,7500,29460,9290
2020-06-09 09:15:12.340000,29478.46,29470,4990,29475,26711,29465,2502,29460,14290
2020-06-09 09:15:13.430000,29478.46,29470,4990,29475,26711,29465,1,29460,14283
2020-06-09 09:15:14.340000,29478.46,29465,431,29470,5323,29460,14283,29455,18135
2020-06-09 09:15:15.250000,29478.46,29470,5326,29475,26711,29460,11000,29455,18135
2020-06-09 09:15:16.250000,29478.46,29465,5000,29470,23386,29460,4752,29455,6490
2020-06-09 09:15:17.140000,29478.46,29470,5328,29475,26711,29460,11000,29455,18124
2020-06-09 09:15:18.140000,29478.46,29470,5328,29475,26711,29465,5000,29460,14029
2020-06-09 09:15:19.040000,29478.46,29470,5328,29475,26711,29465,1,29460,14029
2020-06-09 09:15:20.040000,29478.7,29470,5338,29475,26711,29465,4606,29460,14029
2020-06-09 09:15:20.950000,29478.7,29470,5338,29475,26711,29465,4594,29460,14029
2020-06-09 09:15:21.950000,29478.7,29475,8637,29480,50722,29465,6444,29460,25090
2020-06-09 09:15:22.840000,29478.7,29475,8640,29480,50722,29470,4388,29465,11944
2020-06-09 09:15:23.840000,29478.7,29475,8640,29480,50722,29470,6770,29465,9444
2020-06-09 09:15:24.740000,29478.7,29475,8640,29480,50724,29470,6465,29465,9449
2020-06-09 09:15:25.540000,29478.7,29475,8640,29480,50724,29470,2086,29465,9449
2020-06-09 09:15:26.540000,29478.7,29475,3640,29480,32647,29470,7210,29465,20510
2020-06-09 09:15:27.330000,29478.7,29480,32684,29485,27166,29475,3783,29470,7210
2020-06-09 09:15:28.440000,29478.7,29475,100,29480,37737,29470,5461,29465,19760
2020-06-09 09:15:29.330000,29478.7,29480,32683,29485,27166,29475,780,29470,6125
2020-06-09 09:15:30.440000,29483.9,29475,4800,29480,47737,29470,4375,29465,9449
2020-06-09 09:15:31.440000,29483.9,29475,5000,29480,50751,29470,3977,29465,9449
2020-06-09 09:15:32.440000,29483.9,29475,5000,29480,51151,29470,3993,29465,9449
2020-06-09 09:15:33.350000,29483.9,29475,5000,29480,51151,29470,17,29465,6444
2020-06-09 09:15:34.350000,29483.9,29475,5000,29480,51151,29465,6444,29460,25092
2020-06-09 09:15:35.240000,29483.9,29475,6000,29480,51151,29470,5,29465,9449
2020-06-09 09:15:36.240000,29483.9,29475,6000,29480,51181,29465,4800,29460,24342
2020-06-09 09:15:37.140000,29483.9,29470,4990,29475,24065,29460,14031,29455,17176
2020-06-09 09:15:38.140000,29483.9,29465,5000,29470,20243,29460,4756,29455,8615
2020-06-09 09:15:39.030000,29483.9,29460,3040,29465,20053,29455,3795,29450,12778
2020-06-09 09:15:39.850000,29487.18,29460,7978,29465,18045,29450,6481,29445,21620
2020-06-09 09:15:40.850000,29487.18,29455,4780,29460,17977,29450,6481,29445,11309
2020-06-09 09:15:41.740000,29487.18,29460,2924,29465,23099,29455,4214,29450,8231
2020-06-09 09:15:42.740000,29487.18,29460,2924,29465,23099,29455,2396,29450,11267
2020-06-09 09:15:44.450000,29487.18,29460,2964,29465,23099,29455,2391,29450,11267
2020-06-09 09:15:45.240000,29487.18,29460,2964,29465,23099,29455,2390,29450,11331
2020-06-09 09:15:46.040000,29487.18,29460,2964,29465,23099,29455,2390,29450,8264
2020-06-09 09:15:46.840000,29487.18,29460,8018,29465,18045,29455,250,29450,6514
2020-06-09 09:15:47.840000,29487.18,29455,4750,29460,18017,29450,6514,29445,11309
2020-06-09 09:15:48.740000,29487.18,29455,4750,29460,21041,29450,6514,29445,11309
2020-06-09 09:15:49.630000,29487.18,29455,4750,29460,18017,29450,5699,29445,11309
2020-06-09 09:15:50.540000,29497.6,29455,4750,29460,8018,29450,5699,29445,20025
2020-06-09 09:15:51.440000,29497.6,29455,4750,29460,21018,29450,1723,29445,9714
2020-06-09 09:15:52.240000,29497.6,29455,4750,29460,21018,29450,1723,29445,6568
2020-06-09 09:15:53.040000,29497.6,29455,9804,29460,15964,29445,4818,29440,22131
2020-06-09 09:15:53.830000,29497.6,29450,5040,29455,22865,29445,18,29440,11820
2020-06-09 09:15:54.740000,29497.6,29450,5018,29455,22865,29445,18,29440,7184
2020-06-09 09:15:55.650000,29497.6,29450,5018,29455,22865,29445,4552,29440,10263
2020-06-09 09:15:56.540000,29497.6,29450,5664,29455,22865,29445,33,29440,10263
2020-06-09 09:15:57.330000,29497.6,29450,5664,29455,22865,29445,33,29440,7184
2020-06-09 09:15:58.330000,29497.6,29445,4967,29450,23743,29440,536,29435,5540
2020-06-09 09:15:59.240000,29497.6,29445,646,29450,15017,29440,6784,29435,9353
2020-06-09 09:16:00.040000,29498.14,29445,646,29450,15023,29440,6784,29435,19664
2020-06-09 09:16:00.940000,29498.14,29445,646,29450,15223,29440,6783,29435,19664
2020-06-09 09:16:02.040000,29498.14,29450,10235,29455,17816,29445,10265,29440,10553
2020-06-09 09:16:02.940000,29498.14,29450,10235,29455,7817,29445,8552,29440,21116
2020-06-09 09:16:03.940000,29498.14,29450,10235,29455,17816,29445,10302,29440,11588
2020-06-09 09:16:04.740000,29498.14,29455,5,29460,6206,29450,8226,29445,21956
2020-06-09 09:16:05.530000,29498.14,29455,4755,29460,21259,29450,2500,29445,13395
2020-06-09 09:16:06.440000,29498.14,29455,5,29460,6206,29450,8209,29445,21956
2020-06-09 09:16:07.350000,29498.14,29455,5,29460,6206,29450,8211,29445,21956
2020-06-09 09:16:08.140000,29498.14,29455,4755,29460,21289,29450,2480,29445,13395
2020-06-09 09:16:08.940000,29498.14,29455,4755,29460,21289,29450,2368,29445,10337
2020-06-09 09:16:09.640000,29477.2,29450,3430,29455,9812,29445,8637,29440,21199
2020-06-09 09:16:10.440000,29477.2,29455,4758,29460,21289,29445,8637,29440,10888
2020-06-09 09:16:11.440000,29477.2,29450,5750,29455,22828,29445,5122,29440,7868
2020-06-09 09:16:12.340000,29477.2,29450,20803,29455,17774,29445,3516,29440,1620
2020-06-09 09:16:13.140000,29477.2,29445,1451,29450,20770,29440,1620,29435,8605
2020-06-09 09:16:14.050000,29477.2,29450,15716,29455,22828,29440,7868,29435,9355
2020-06-09 09:16:14.840000,29477.2,29450,5717,29455,22828,29440,7868,29435,19666
2020-06-09 09:16:15.550000,29477.2,29445,5000,29450,23718,29440,6118,29435,8605
2020-06-09 09:16:16.440000,29477.2,29445,4996,29450,23702,29440,1575,29435,5592
2020-06-09 09:16:17.340000,29477.2,29445,4996,29450,23702,29440,1842,29435,5592
2020-06-09 09:16:18.230000,29477.2,29445,4998,29450,23752,29440,1812,29435,5592
2020-06-09 09:16:19.140000,29477.2,29445,4998,29450,23752,29440,1795,29435,5592
2020-06-09 09:16:19.940000,29494.86,29440,3595,29445,4998,29435,3842,29430,22431
2020-06-09 09:16:20.940000,29494.86,29440,8649,29445,18016,29435,100,29430,5830
2020-06-09 09:16:21.950000,29494.86,29435,4584,29440,21664,29430,5830,29425,18448
2020-06-09 09:16:22.840000,29494.86,29435,4584,29440,21664,29430,1854,29425,18548
2020-06-09 09:16:23.740000,29494.86,29435,4584,29440,21664,29430,5830,29425,18548
2020-06-09 09:16:24.540000,29494.86,29435,4551,29440,21664,29430,1428,29425,18548
2020-06-09 09:16:25.440000,29494.86,29435,4404,29440,21664,29430,1428,29425,14005
2020-06-09 09:16:27.150000,29494.86,29435,4404,29440,21664,29430,1428,29425,14005
2020-06-09 09:16:27.940000,29494.86,29435,4404,29440,21664,29430,1448,29425,14005
2020-06-09 09:16:28.740000,29494.86,29430,3441,29435,22507,29425,7255,29420,6512
2020-06-09 09:16:29.650000,29494.86,29430,5000,29435,22507,29425,7255,29420,6512
2020-06-09 09:16:30.650000,29487.4,29430,5000,29435,22507,29425,7255,29420,6512
2020-06-09 09:16:31.540000,29487.4,29430,4967,29435,22507,29425,6864,29420,6512
2020-06-09 09:16:32.440000,29487.4,29430,4967,29435,22507,29425,11858,29420,6512
2020-06-09 09:16:33.330000,29487.4,29430,4867,29435,22507,29425,11908,29420,6512
2020-06-09 09:16:34.940000,29487.4,29430,4862,29435,22507,29425,6908,29420,6512
2020-06-09 09:16:35.640000,29487.4,29430,4862,29435,22507,29425,11923,29420,9554
2020-06-09 09:16:36.640000,29487.4,29430,4862,29435,22507,29425,11956,29420,9554
2020-06-09 09:16:37.440000,29487.4,29430,4862,29435,22507,29425,11956,29420,9554
2020-06-09 09:16:38.240000,29487.4,29430,4862,29435,22507,29425,10990,29420,10554
2020-06-09 09:16:39.030000,29487.4,29430,4829,29435,22507,29425,10990,29420,10704
2020-06-09 09:16:39.850000,29485.82,29430,4829,29435,22507,29425,5970,29420,7662
2020-06-09 09:16:40.530000,29485.82,29430,4836,29435,22507,29425,5970,29420,7662
2020-06-09 09:16:41.350000,29485.82,29430,4836,29435,22507,29425,6070,29420,7662
2020-06-09 09:16:42.350000,29485.82,29430,22943,29435,17453,29425,6040,29420,5912
2020-06-09 09:16:43.340000,29485.82,29430,4844,29435,22507,29425,11140,29420,7662
2020-06-09 09:16:44.240000,29485.82,29430,4844,29435,22507,29425,11135,29420,7664
2020-06-09 09:16:45.140000,29485.82,29430,4844,29435,22507,29425,11134,29420,7664
2020-06-09 09:16:45.940000,29485.82,29435,4404,29440,21664,29430,530,29425,12884
2020-06-09 09:16:46.840000,29485.82,29430,4827,29435,22488,29425,11143,29420,10815
2020-06-09 09:16:47.750000,29485.82,29430,4471,29435,22488,29425,6143,29420,7664
2020-06-09 09:16:48.640000,29485.82,29435,4409,29440,21664,29430,12918,29425,15920
2020-06-09 09:16:49.550000,29485.82,29435,4409,29440,21664,29430,6712,29425,15920
2020-06-09 09:16:50.440000,29483.64,29435,4409,29440,21664,29430,4458,29425,12893
2020-06-09 09:16:51.230000,29483.64,29435,1,29440,13594,29430,10217,29425,16657
2020-06-09 09:16:52.340000,29483.64,29435,4404,29440,8649,29430,4491,29425,26218
2020-06-09 09:16:53.140000,29483.64,29435,4404,29440,21658,29430,4490,29425,15907
2020-06-09 09:16:53.940000,29483.64,29435,4204,29440,11659,29430,4540,29425,26218
2020-06-09 09:16:54.750000,29483.64,29440,3595,29445,23113,29435,431,29430,10266
2020-06-09 09:16:55.540000,29483.64,29440,3595,29445,23113,29430,10254,29425,26978
2020-06-09 09:16:57.250000,29483.64,29440,3595,29445,23113,29430,10341,29425,26978
2020-06-09 09:16:58.060000,29483.64,29440,3595,29445,23113,29435,1000,29430,10085
2020-06-09 09:16:58.840000,29483.64,29435,3203,29440,18648,29430,8335,29425,15917
2020-06-09 09:16:59.840000,29467.93,29435,13202,29440,21666,29425,12903,29420,11070
2020-06-09 09:17:00.830000,29467.93,29435,24,29440,21666,29430,3976,29425,15923
2020-06-09 09:17:01.830000,29467.93,29435,5183,29440,21666,29425,12903,29420,21381
2020-06-09 09:17:02.830000,29467.93,29435,183,29440,16612,29430,6750,29425,14183
2020-06-09 09:17:03.740000,29467.93,29435,3313,29440,11667,29430,5015,29425,26229
2020-06-09 09:17:04.650000,29467.93,29435,4474,29440,11667,29430,5015,29425,26219
2020-06-09 09:17:05.440000,29467.93,29435,9474,29440,21666,29430,15,29425,15908
2020-06-09 09:17:06.140000,29467.93,29435,9474,29440,21666,29430,5065,29425,15908
2020-06-09 09:17:06.940000,29467.93,29430,4402,29435,27527,29425,6124,29420,12820
2020-06-09 09:17:07.850000,29467.93,29430,3358,29435,24527,29425,11106,29420,12820
2020-06-09 09:17:08.740000,29467.93,29430,5000,29435,14528,29425,11106,29420,23131
2020-06-09 09:17:09.670000,29467.93,29430,5000,29435,27594,29425,6108,29420,12820
2020-06-09 09:17:10.440000,29464.02,29430,5000,29435,27594,29425,6108,29420,12820
2020-06-09 09:17:11.350000,29464.02,29430,13331,29435,22540,29425,3679,29420,7994
2020-06-09 09:17:12.350000,29464.02,29430,23355,29435,22540,29425,3679,29420,3496
2020-06-09 09:17:13.240000,29464.02,29430,22355,29435,22540,29425,3679,29420,6994
2020-06-09 09:17:14.030000,29464.02,29430,4354,29435,27773,29425,3679,29420,8744
2020-06-09 09:17:14.850000,29464.02,29430,9408,29435,22719,29425,3679,29420,6994
2020-06-09 09:17:15.740000,29464.02,29430,4358,29435,27774,29425,3679,29420,8744
2020-06-09 09:17:16.530000,29464.02,29430,3944,29435,27774,29425,8679,29420,11804
2020-06-09 09:17:17.440000,29464.02,29435,22720,29440,21666,29430,1532,29425,8679
2020-06-09 09:17:18.340000,29464.02,29430,5,29435,22720,29425,10429,29420,10054
2020-06-09 09:17:19.240000,29464.02,29435,12721,29440,21666,29425,10058,29420,20365
2020-06-09 09:17:20.040000,29478.49,29435,27774,29440,16612,29425,8308,29420,11804
2020-06-09 09:17:20.950000,29478.49,29430,593,29435,12722,29425,10058,29420,20365
2020-06-09 09:17:21.840000,29478.49,29430,593,29435,12722,29425,10058,29420,20365
2020-06-09 09:17:22.740000,29478.49,29435,4653,29440,16612,29430,11750,29425,13839
2020-06-09 09:17:23.540000,29478.49,29440,6613,29445,24014,29435,5000,29430,11800
2020-06-09 09:17:24.450000,29478.49,29440,3595,29445,24014,29435,5000,29430,11800
2020-06-09 09:17:25.240000,29478.49,29445,5942,29450,27494,29440,7220,29435,9756
2020-06-09 09:17:26.040000,29478.49,29445,5942,29450,27499,29440,5685,29435,9756
2020-06-09 09:17:26.840000,29478.49,29445,946,29450,7901,29440,7403,29435,20817
2020-06-09 09:17:27.740000,29478.49,29445,679,29450,7901,29440,7302,29435,20817
2020-06-09 09:17:28.630000,29478.49,29450,3593,29455,6613,29445,6750,29440,21391
2020-06-09 09:17:29.740000,29476.5,29455,6613,29460,28556,29450,3228,29445,6750
2020-06-09 09:17:30.650000,29476.5,29455,1613,29460,8863,29450,8051,29445,18363
2020-06-09 09:17:31.740000,29476.5,29455,1613,29460,8863,29450,7595,29445,18363
2020-06-09 09:17:32.740000,29476.5,29455,1613,29460,8863,29450,5595,29445,18363
2020-06-09 09:17:33.740000,29476.5,29460,8864,29465,6115,29455,6750,29450,14076
2020-06-09 09:17:34.940000,29476.5,29460,3864,29465,6115,29455,6323,29450,16576
2020-06-09 09:17:35.830000,29476.5,29460,3964,29465,6115,29455,6322,29450,16576
2020-06-09 09:17:36.850000,29476.5,29460,1464,29465,6115,29455,9337,29450,16576
2020-06-09 09:17:37.740000,29476.5,29460,1614,29465,6115,29455,9337,29450,16576
2020-06-09 09:17:38.640000,29476.5,29465,6115,29470,19592,29455,9337,29450,16576
2020-06-09 09:17:39.640000,29476.5,29460,1,29465,6115,29455,10697,29450,16576
2020-06-09 09:17:40.530000,29492.04,29465,6115,29470,22609,29455,10049,29450,16576
2020-06-09 09:17:41.440000,29492.04,29460,5000,29465,21170,29455,712,29450,5515
2020-06-09 09:17:42.350000,29492.04,29460,5002,29465,24199,29450,6750,29445,18363
2020-06-09 09:17:43.350000,29492.04,29460,18003,29465,24199,29450,6738,29445,8052
2020-06-09 09:17:44.350000,29492.04,29455,5000,29460,10056,29450,4988,29445,20113
2020-06-09 09:17:45.240000,29492.04,29455,5000,29460,22502,29445,9801,29440,20739
2020-06-09 09:17:46.140000,29492.04,29450,3944,29455,10054,29440,19989,29435,21916
2020-06-09 09:17:46.940000,29492.04,29455,5000,29460,25513,29445,6749,29440,20739
2020-06-09 09:17:47.840000,29492.04,29455,5000,29460,25513,29445,6749,29440,20739
2020-06-09 09:17:48.530000,29492.04,29450,150,29455,4625,29445,9799,29440,20739
2020-06-09 09:17:49.440000,29492.04,29450,3944,29455,9679,29445,4999,29440,19989
2020-06-09 09:17:50.230000,29478.43,29450,3754,29455,19678,29445,4999,29440,9678
2020-06-09 09:17:51.140000,29478.43,29450,3754,29455,22712,29440,6650,29435,21916
2020-06-09 09:17:52.140000,29478.43,29450,3754,29455,12713,29445,4608,29440,20003
2020-06-09 09:17:53.050000,29478.43,29450,3662,29455,12713,29445,4608,29440,20003
2020-06-09 09:17:53.840000,29478.43,29450,3662,29455,22771,29440,9692,29435,21916
2020-06-09 09:17:54.640000,29478.43,29450,3662,29455,22771,29440,6633,29435,21916
2020-06-09 09:17:55.440000,29478.43,29445,4996,29450,8792,29440,4883,29435,21166
2020-06-09 09:17:56.340000,29478.43,29445,4996,29450,21903,29435,10855,29430,22402
2020-06-09 09:17:57.140000,29478.43,29445,4996,29450,21903,29435,6322,29430,22402
2020-06-09 09:17:57.930000,29478.43,29440,5000,29445,23082,29430,9238,29425,25817
2020-06-09 09:17:58.840000,29478.43,29440,4977,29445,23082,29430,12246,29425,25817
2020-06-09 09:17:59.740000,29494.95,29440,4599,29445,23082,29430,8972,29425,25817
2020-06-09 09:18:00.740000,29494.95,29440,4599,29445,23082,29430,8992,29425,25817
2020-06-09 09:18:01.740000,29494.95,29435,391,29440,4599,29430,8992,29425,25817
2020-06-09 09:18:02.440000,29494.95,29435,391,29440,4599,29430,8991,29425,25817
2020-06-09 09:18:03.240000,29494.95,29440,4599,29445,20049,29435,4572,29430,12035
2020-06-09 09:18:04.150000,29494.95,29445,4996,29450,12015,29440,18472,29435,19706
2020-06-09 09:18:04.940000,29494.95,29445,4996,29450,11915,29440,9499,29435,19706
2020-06-09 09:18:05.740000,29494.95,29440,3354,29445,14995,29435,4572,29430,12035
2020-06-09 09:18:06.650000,29494.95,29440,39,29445,20049,29435,5066,29430,12035
2020-06-09 09:18:07.540000,29494.95,29440,39,29445,4996,29435,9817,29430,20596
2020-06-09 09:18:08.440000,29494.95,29440,39,29445,4996,29435,9952,29430,20596
2020-06-09 09:18:09.240000,29494.95,29440,39,29445,4996,29435,19838,29430,20596
2020-06-09 09:18:10.030000,29497.69,29440,39,29445,4996,29435,19838,29430,20596
2020-06-09 09:18:10.840000,29497.69,29445,6517,29450,21914,29440,4192,29435,9527
2020-06-09 09:18:11.540000,29497.69,29445,6517,29450,22114,29440,4192,29435,9527
2020-06-09 09:18:12.230000,29497.69,29445,6517,29450,22114,29440,4192,29435,10027
2020-06-09 09:18:13.040000,29497.69,29445,6517,29450,22114,29435,10132,29430,20596
2020-06-09 09:18:13.640000,29497.69,29445,6496,29450,22114,29435,10132,29430,20596
2020-06-09 09:18:14.340000,29497.69,29445,6496,29450,22114,29435,10132,29430,20596
2020-06-09 09:18:15.140000,29497.69,29445,6496,29450,22114,29435,9132,29430,20596
2020-06-09 09:18:15.840000,29497.69,29440,4599,29445,21549,29435,4246,29430,12035
2020-06-09 09:18:16.640000,29497.69,29445,6496,29450,22114,29435,5996,29430,20596
2020-06-09 09:18:18.840000,29497.69,29445,5862,29450,22114,29435,5996,29430,20596
2020-06-09 09:18:19.640000,29475.07,29445,5907,29450,22114,29435,5730,29430,20646
2020-06-09 09:18:20.430000,29475.07,29445,5907,29450,9103,29440,4192,29435,19083
2020-06-09 09:18:21.340000,29475.07,29440,390,29445,5907,29435,5730,29430,20646
2020-06-09 09:18:22.040000,29475.07,29445,1571,29450,7075,29440,5552,29435,19826
2020-06-09 09:18:22.820000,29475.07,29450,4049,29455,23271,29445,347,29440,10043
2020-06-09 09:18:23.630000,29475.07,29450,3780,29455,8218,29445,7005,29440,21104
2020-06-09 09:18:24.450000,29475.07,29450,3802,29455,5184,29445,10024,29440,21144
2020-06-09 09:18:25.340000,29475.07,29450,8801,29455,20237,29445,4608,29440,10083
2020-06-09 09:18:26.160000,29475.07,29450,8801,29455,23258,29440,7524,29435,19826
2020-06-09 09:18:26.950000,29475.07,29450,8801,29455,23258,29445,4608,29440,9100
2020-06-09 09:18:27.630000,29475.07,29445,5108,29450,8801,29440,6024,29435,9515
2020-06-09 09:18:28.540000,29475.07,29440,6118,29445,10628,29435,3980,29430,22401
2020-06-09 09:18:29.540000,29475.07,29440,6118,29445,20627,29435,3977,29430,12090
2020-06-09 09:18:30.340000,29489.68,29435,5,29440,6118,29430,9046,29425,25472
2020-06-09 09:18:31.130000,29489.68,29440,6118,29445,23673,29435,106,29430,9033
2020-06-09 09:18:31.940000,29489.68,29435,283,29440,6119,29430,9033,29425,25472
2020-06-09 09:18:32.830000,29489.68,29435,283,29440,6119,29430,7281,29425,24722
2020-06-09 09:18:33.630000,29489.68,29435,4908,29440,21172,29430,7281,29425,14411
2020-06-09 09:18:34.630000,29489.68,29435,4903,29440,24208,29430,2293,29425,12840
2020-06-09 09:18:35.540000,29489.68,29435,4903,29440,24208,29430,2293,29425,12840
2020-06-09 09:18:36.240000,29489.68,29435,4933,29440,24208,29430,2292,29425,9773
2020-06-09 09:18:37.740000,29489.68,29435,4933,29440,24208,29430,1533,29425,9773
2020-06-09 09:18:38.540000,29489.68,29435,4933,29440,24208,29430,351,29425,9773
2020-06-09 09:18:39.440000,29489.68,29435,19986,29440,19154,29430,1,29425,8023
2020-06-09 09:18:40.240000,29486.72,29430,1,29435,4933,29425,9773,29420,22164
2020-06-09 09:18:41.140000,29486.72,29430,30,29435,7911,29425,9489,29420,22164
2020-06-09 09:18:42.140000,29486.72,29430,4668,29435,22964,29425,3131,29420,13603
2020-06-09 09:18:42.930000,29486.72,29430,4668,29435,22964,29425,7739,29420,13603
2020-06-09 09:18:43.730000,29486.72,29430,4638,29435,22964,29425,7749,29420,13603
2020-06-09 09:18:44.540000,29486.72,29435,12965,29440,19154,29425,7323,29420,23914
2020-06-09 09:18:45.340000,29486.72,29430,4638,29435,9957,29425,7355,29420,23916
2020-06-09 09:18:46.140000,29486.72,29430,4638,29435,9957,29425,7355,29420,23916
2020-06-09 09:18:46.930000,29486.72,29435,4903,29440,24208,29425,9105,29420,22176
2020-06-09 09:18:47.750000,29486.72,29430,1200,29435,9957,29425,7355,29420,23959
2020-06-09 09:18:48.540000,29486.72,29435,278,29440,9155,29430,6738,29425,14272
2020-06-09 09:18:49.340000,29486.72,29440,6119,29445,23223,29435,3977,29430,11178
2020-06-09 09:18:50.140000,29477.18,29440,6319,29445,23223,29430,8138,29425,22083
2020-06-09 09:18:50.930000,29477.18,29435,390,29440,6319,29430,8138,29425,24583
2020-06-09 09:18:51.840000,29477.18,29435,390,29440,6319,29430,6640,29425,24583
2020-06-09 09:18:52.630000,29477.18,29435,5215,29440,24376,29430,68,29425,10505
2020-06-09 09:18:53.540000,29477.18,29435,5213,29440,24176,29430,68,29425,13543
2020-06-09 09:18:54.450000,29477.18,29440,4600,29445,23223,29435,6477,29430,9742
2020-06-09 09:18:55.340000,29477.18,29440,1966,29445,18169,29435,8227,29430,7992
2020-06-09 09:18:56.240000,29477.18,29440,1966,29445,5124,29435,8227,29430,18303
2020-06-09 09:18:57.040000,29477.18,29440,1966,29445,5124,29435,8227,29430,18303
2020-06-09 09:18:57.840000,29477.18,29440,1966,29445,5124,29435,8227,29430,18303
2020-06-09 09:18:58.740000,29477.18,29440,6865,29445,20177,29435,6479,29430,9742
2020-06-09 09:18:59.540000,29477.18,29440,6865,29445,23198,29435,6479,29430,9742
2020-06-09 09:19:00.340000,29470.18,29440,6865,29445,23200,29435,6479,29430,9742
2020-06-09 09:19:01.130000,29470.18,29440,6865,29445,23181,29435,6514,29430,9726
2020-06-09 09:19:02.040000,29470.18,29440,1966,29445,8128,29435,7609,29430,18287
2020-06-09 09:19:02.940000,29470.18,29440,6765,29445,13182,29435,5818,29430,20037
2020-06-09 09:19:03.740000,29470.18,29440,6565,29445,23181,29435,5818,29430,9726
2020-06-09 09:19:04.630000,29470.18,29435,5821,29440,21618,29430,4902,29425,13543
2020-06-09 09:19:05.440000,29470.18,29435,5821,29440,24625,29430,19,29425,13543
2020-06-09 09:19:06.240000,29470.18,29440,1966,29445,8402,29435,12828,29430,18203
2020-06-09 09:19:07.150000,29470.18,29440,6765,29445,23456,29435,5211,29430,9642
2020-06-09 09:19:07.830000,29470.18,29440,16564,29445,23456,29430,6619,29425,14293
2020-06-09 09:19:08.740000,29470.18,29435,4625,29440,24618,29430,19,29425,10505
2020-06-09 09:19:09.540000,29470.18,29435,4609,29440,24618,29430,4889,29425,13616
2020-06-09 09:19:10.440000,29474.79,29440,19574,29445,24004,29430,6639,29425,14366
2020-06-09 09:19:11.240000,29474.79,29440,1976,29445,14005,29435,3647,29430,19956
2020-06-09 09:19:12.140000,29474.79,29440,6575,29445,24004,29430,9645,29425,24677
2020-06-09 09:19:12.940000,29474.79,29440,6197,29445,24004,29430,6639,29425,24677
2020-06-09 09:19:13.640000,29474.79,29435,4569,29440,11251,29430,4889,29425,23927
2020-06-09 09:19:14.330000,29474.79,29435,4569,29440,24289,29430,4889,29425,13616
2020-06-09 09:19:15.140000,29474.79,29435,4539,29440,21531,29430,4908,29425,13616
2020-06-09 09:19:15.830000,29474.79,29435,4539,29440,21531,29430,5657,29425,13616
2020-06-09 09:19:16.640000,29474.79,29435,4529,29440,24541,29430,5657,29425,13616
2020-06-09 09:19:17.350000,29474.79,29435,4529,29440,24541,29430,857,29425,10505
2020-06-09 09:19:18.140000,29474.79,29435,4527,29440,24541,29430,5695,29425,13539
2020-06-09 09:19:18.940000,29474.79,29440,8968,29445,24004,29435,11895,29430,10464
2020-06-09 09:19:19.840000,29465.64,29440,4369,29445,5949,29435,11962,29430,19025
2020-06-09 09:19:20.530000,29465.64,29445,1613,29450,27272,29440,3792,29435,15100
2020-06-09 09:19:21.440000,29465.64,29445,6596,29450,27272,29440,3163,29435,15101
2020-06-09 09:19:22.230000,29465.64,29445,6596,29450,27272,29440,2897,29435,15101
2020-06-09 09:19:22.940000,29465.64,29445,6596,29450,27272,29435,15101,29430,19025
2020-06-09 09:19:23.840000,29465.64,29445,6596,29450,27272,29435,14796,29430,19025
2020-06-09 09:19:24.640000,29465.64,29445,6596,29450,27272,29435,14796,29430,19025
2020-06-09 09:19:25.440000,29465.64,29445,2260,29450,22218,29440,6750,29435,15546
2020-06-09 09:19:26.140000,29465.64,29445,6595,29450,27272,29435,11736,29430,19025
2020-06-09 09:19:26.840000,29465.64,29440,40,29445,6595,29435,9634,29430,20775
2020-06-09 09:19:27.640000,29465.64,29440,5286,29445,24001,29435,4634,29430,10464
2020-06-09 09:19:28.550000,29465.64,29435,1519,29440,5379,29430,7445,29425,24602
2020-06-09 09:19:29.340000,29465.64,29440,4732,29445,24064,29430,7427,29425,24602
2020-06-09 09:19:30.040000,29465.64,29435,30,29440,4733,29430,10441,29425,24602
2020-06-09 09:19:30.950000,29481.35,29435,4557,29440,19786,29430,5677,29425,13541
2020-06-09 09:19:31.840000,29481.35,29435,28,29440,4733,29430,7036,29425,24602
2020-06-09 09:19:32.630000,29481.35,29435,4555,29440,19786,29430,5286,29425,13541
2020-06-09 09:19:33.440000,29481.35,29435,4255,29440,22849,29430,5286,29425,13541
2020-06-09 09:19:34.240000,29481.35,29435,4255,29440,22849,29430,5286,29425,13541
2020-06-09 09:19:34.940000,29481.35,29435,4255,29440,22849,29430,5286,29425,13574
2020-06-09 09:19:35.630000,29481.35,29435,4385,29440,22849,29430,436,29425,13574
2020-06-09 09:19:36.330000,29481.35,29435,4385,29440,22849,29430,5286,29425,13574
2020-06-09 09:19:37.830000,29481.35,29435,4435,29440,22849,29430,5286,29425,13574
2020-06-09 09:19:39.330000,29481.35,29435,180,29440,17795,29430,7036,29425,14324
2020-06-09 09:19:40.240000,29486.22,29440,184,29445,5948,29435,5923,29430,18635
2020-06-09 09:19:41.040000,29486.22,29445,5948,29450,27273,29440,4846,29435,8951
2020-06-09 09:19:41.830000,29486.22,29445,875,29450,22219,29440,6596,29435,9777
2020-06-09 09:19:42.740000,29486.22,29445,5211,29450,27273,29440,4580,29435,9027
2020-06-09 09:19:43.530000,29486.22,29445,865,29450,9190,29440,7830,29435,20088
2020-06-09 09:19:44.330000,29486.22,29445,865,29450,9190,29440,7801,29435,20088
2020-06-09 09:19:45.140000,29486.22,29445,924,29450,11637,29440,7800,29435,20088
2020-06-09 09:19:45.940000,29486.22,29445,924,29450,21636,29440,7800,29435,7277
2020-06-09 09:19:46.740000,29486.22,29445,5260,29450,26690,29440,6015,29435,9027
2020-06-09 09:19:47.440000,29486.22,29445,5260,29450,16691,29440,5952,29435,19338
2020-06-09 09:19:48.350000,29486.22,29445,924,29450,11637,29440,7702,29435,20088
2020-06-09 09:19:49.140000,29486.22,29445,5262,29450,26690,29440,5912,29435,9027
2020-06-09 09:19:49.940000,29465.79,29440,1182,29445,5277,29435,5923,29430,18836
2020-06-09 09:19:50.740000,29465.79,29445,5277,29450,29691,29435,5923,29430,18836
2020-06-09 09:19:51.640000,29465.79,29440,4989,29445,23284,29430,10275,29425,24635
2020-06-09 09:19:52.440000,29465.79,29440,4989,29445,23284,29430,10275,29425,24635
2020-06-09 09:19:53.230000,29465.79,29440,4989,29445,23284,29430,7237,29425,24635
2020-06-09 09:19:54.030000,29465.79,29440,4989,29445,23284,29430,7237,29425,24635
2020-06-09 09:19:54.730000,29465.79,29435,426,29440,4989,29430,7237,29425,24635
2020-06-09 09:19:56.230000,29465.79,29440,4989,29445,23290,29435,3747,29430,10195
2020-06-09 09:19:56.940000,29465.79,29440,4989,29445,23284,29435,3741,29430,10195
2020-06-09 09:19:57.640000,29465.79,29440,4989,29445,23284,29435,5000,29430,10195
2020-06-09 09:19:58.440000,29465.79,29435,311,29440,4989,29430,7187,29425,24585
2020-06-09 09:19:59.230000,29464.86,29440,4989,29445,23284,29430,7209,29425,24585
2020-06-09 09:20:00.140000,29464.86,29440,4989,29445,23284,29430,10245,29425,24585
2020-06-09 09:20:01.130000,29464.86,29440,4989,29445,23284,29430,10375,29425,24585
2020-06-09 09:20:02.240000,29464.86,29435,392,29440,4989,29430,10375,29425,24585
2020-06-09 09:20:03.240000,29464.86,29440,5474,29445,23284,29435,4353,29430,10383
2020-06-09 09:20:04.130000,29464.86,29440,5474,29445,23584,29435,4453,29430,10383
2020-06-09 09:20:05.040000,29464.86,29435,610,29440,5533,29430,7334,29425,26085
2020-06-09 09:20:06.040000,29464.86,29435,1610,29440,5533,29430,7322,29425,26085
2020-06-09 09:20:06.940000,29464.86,29440,5532,29445,23525,29435,388,29430,7322
2020-06-09 09:20:07.740000,29464.86,29440,5532,29445,23525,29430,7322,29425,26085
2020-06-09 09:20:08.440000,29464.86,29440,933,29445,8572,29435,6087,29430,18942
2020-06-09 09:20:09.240000,29464.86,29440,933,29445,8557,29435,6072,29430,18942
2020-06-09 09:20:10.130000,29481.32,29440,5532,29445,23649,29430,7422,29425,26085
2020-06-09 09:20:11.150000,29481.32,29435,4455,29440,20585,29430,5672,29425,15024
2020-06-09 09:20:12.040000,29481.32,29430,1982,29435,4455,29425,10240,29420,26526
2020-06-09 09:20:13.040000,29481.32,29430,5292,29435,20108,29425,5602,29420,16215
2020-06-09 09:20:13.940000,29481.32,29430,5292,29435,20108,29425,5602,29420,16215
2020-06-09 09:20:14.830000,29481.32,29430,5292,29435,10109,29425,10210,29420,26526
2020-06-09 09:20:15.740000,29481.32,29430,5292,29435,20108,29425,5702,29420,16115
2020-06-09 09:20:16.740000,29481.32,29430,654,29435,8057,29425,12043,29420,24676
2020-06-09 09:20:17.640000,29481.32,29430,5292,29435,20108,29425,5495,29420,16115
2020-06-09 09:20:18.440000,29481.32,29430,5292,29435,23124,29425,5495,29420,16115
2020-06-09 09:20:19.330000,29481.32,29425,4263,29430,23347,29420,5258,29415,13287
2020-06-09 09:20:20.240000,29459.73,29420,4599,29425,22344,29415,6955,29410,19059
2020-06-09 09:20:21.240000,29459.73,29420,4499,29425,22344,29415,2633,29410,14488
2020-06-09 09:20:22.440000,29459.73,29425,4253,29430,23347,29415,8325,29410,28623
2020-06-09 09:20:23.340000,29459.73,29425,4253,29430,23347,29415,8425,29410,28623
2020-06-09 09:20:24.240000,29459.73,29425,4253,29430,23347,29415,8159,29410,28623
2020-06-09 09:20:25.140000,29459.73,29425,4253,29430,23347,29415,8259,29410,28623
2020-06-09 09:20:26.030000,29459.73,29420,9165,29425,17286,29415,2187,29410,12738
2020-06-09 09:20:26.840000,29459.73,29415,5000,29420,19164,29410,7888,29405,12491
2020-06-09 09:20:27.730000,29459.73,29415,5000,29420,22182,29410,7888,29405,7860
2020-06-09 09:20:28.640000,29459.73,29410,6004,29415,23497,29405,524,29400,8431
2020-06-09 09:20:29.630000,29459.73,29405,5978,29410,12658,29400,1522,29395,22030
2020-06-09 09:20:30.540000,29449.97,29405,6078,29410,22657,29400,522,29395,11719
2020-06-09 09:20:31.450000,29449.97,29405,6077,29410,22657,29400,131,29395,11719
2020-06-09 09:20:32.240000,29449.97,29405,6082,29410,22657,29400,132,29395,7111
2020-06-09 09:20:33.130000,29449.97,29400,416,29405,6082,29395,7111,29390,22677
2020-06-09 09:20:33.940000,29449.97,29405,4684,29410,22657,29400,4074,29395,10544
2020-06-09 09:20:34.740000,29449.97,29405,6084,29410,22657,29395,10544,29390,22677
2020-06-09 09:20:35.540000,29449.97,29405,6084,29410,22657,29395,7531,29390,22677
2020-06-09 09:20:36.330000,29449.97,29405,5884,29410,22657,29400,100,29395,7531
2020-06-09 09:20:37.130000,29449.97,29405,4950,29410,22657,29400,100,29395,10563
2020-06-09 09:20:37.940000,29449.97,29395,495,29400,8997,29390,5258,29385,21326
2020-06-09 09:20:38.740000,29449.97,29395,6894,29400,22039,29390,8,29385,6392
2020-06-09 09:20:39.440000,29449.97,29395,6894,29400,22044,29390,4858,29385,6392
2020-06-09 09:20:40.240000,29429.84,29395,6894,29400,22200,29390,4858,29385,6392
2020-06-09 09:20:41.150000,29429.84,29400,4104,29405,23068,29395,4322,29390,8008
2020-06-09 09:20:42.150000,29429.84,29400,3904,29405,23068,29390,8008,29385,20518
2020-06-09 09:20:42.940000,29429.84,29400,6561,29405,20004,29395,4317,29390,11024
2020-06-09 09:20:43.940000,29429.84,29405,4951,29410,22671,29400,3913,29395,10843
2020-06-09 09:20:44.740000,29429.84,29405,699,29410,22671,29400,3913,29395,10843
2020-06-09 09:20:45.640000,29429.84,29405,699,29410,7618,29400,6962,29395,19504
2020-06-09 09:20:46.550000,29429.84,29405,699,29410,22671,29400,3912,29395,10943
2020-06-09 09:20:47.440000,29429.84,29405,698,29410,7618,29400,6962,29395,19538
2020-06-09 09:20:48.240000,29429.84,29405,332,29410,12672,29400,3912,29395,21288
2020-06-09 09:20:49.030000,29429.84,29405,332,29410,12672,29400,3912,29395,21388
2020-06-09 09:20:49.830000,29432.12,29405,332,29410,17617,29400,6962,29395,9327
2020-06-09 09:20:50.740000,29432.12,29410,4618,29415,24547,29405,4276,29400,6096
2020-06-09 09:20:51.530000,29432.12,29415,9494,29420,24588,29405,7326,29400,20162
2020-06-09 09:20:52.440000,29432.12,29410,391,29415,9494,29405,7226,29400,20162
2020-06-09 09:20:53.240000,29432.12,29410,391,29415,21503,29405,4164,29400,9101
2020-06-09 09:20:54.030000,29432.12,29410,391,29415,16449,29405,6544,29400,9851
2020-06-09 09:20:54.730000,29432.12,29410,391,29415,16449,29405,5944,29400,9851
2020-06-09 09:20:55.530000,29432.12,29415,1450,29420,24588,29410,4350,29405,8964
2020-06-09 09:20:56.440000,29432.12,29415,7752,29420,24588,29410,4350,29405,8964
2020-06-09 09:20:57.230000,29432.12,29415,7752,29420,24593,29405,5944,29400,20262
2020-06-09 09:20:57.940000,29432.12,29415,7752,29420,24593,29410,4350,29405,8996
2020-06-09 09:20:58.730000,29432.12,29415,1452,29420,5005,29410,6134,29405,17557
2020-06-09 09:20:59.440000,29432.08,29420,6305,29425,23893,29410,6164,29405,17557
2020-06-09 09:21:00.340000,29432.08,29415,6220,29420,23082,29410,4414,29405,8996
2020-06-09 09:21:01.230000,29432.08,29410,14500,29415,17925,29405,234,29400,4446
2020-06-09 09:21:02.040000,29432.08,29410,5423,29415,22979,29400,5796,29395,20687
2020-06-09 09:21:02.940000,29432.08,29410,11777,29415,17925,29400,4046,29395,22437
2020-06-09 09:21:03.840000,29432.08,29405,4016,29410,25427,29400,4046,29395,12126
2020-06-09 09:21:04.540000,29432.08,29405,646,29410,9728,29400,5086,29395,20687
2020-06-09 09:21:05.440000,29432.08,29410,11877,29415,17927,29400,3336,29395,22437
2020-06-09 09:21:06.340000,29432.08,29410,16822,29415,22981,29400,5086,29395,10376
2020-06-09 09:21:07.130000,29432.08,29410,5528,29415,22981,29400,5086,29395,20187
2020-06-09 09:21:08.040000,29432.08,29410,105,29415,12982,29405,4194,29400,18955
2020-06-09 09:21:08.830000,29432.08,29410,105,29415,22981,29405,4194,29400,8644
2020-06-09 09:21:09.630000,29432.08,29410,105,29415,22981,29405,4194,29400,8644
2020-06-09 09:21:10.440000,29435.9,29410,11071,29415,17927,29400,3836,29395,21937
2020-06-09 09:21:11.240000,29435.9,29410,6017,29415,22981,29400,5586,29395,20187
2020-06-09 09:21:12.150000,29435.9,29410,11071,29415,17927,29400,3836,29395,21937
2020-06-09 09:21:12.940000,29435.9,29410,11071,29415,17927,29400,3836,29395,21937
2020-06-09 09:21:13.750000,29435.9,29405,200,29410,6017,29400,5586,29395,20187
2020-06-09 09:21:14.640000,29435.9,29410,1213,29415,22981,29405,3960,29400,8589
2020-06-09 09:21:15.530000,29435.9,29410,120,29415,7928,29405,5710,29400,19895
2020-06-09 09:21:16.340000,29435.9,29410,120,29415,4922,29405,13204,29400,19895
2020-06-09 09:21:17.840000,29435.9,29410,2545,29415,4922,29405,13204,29400,19895
2020-06-09 09:21:18.640000,29435.9,29410,2545,29415,4922,29405,14204,29400,19895
2020-06-09 09:21:19.440000,29435.9,29410,2545,29415,4922,29405,6704,29400,17395
2020-06-09 09:21:20.230000,29429.53,29410,2545,29415,4922,29405,14305,29400,19896
2020-06-09 09:21:21.040000,29429.53,29410,3745,29415,19975,29405,5050,29400,8835
2020-06-09 09:21:21.840000,29429.53,29410,2545,29415,9976,29405,5050,29400,19146
2020-06-09 09:21:22.730000,29429.53,29410,2545,29415,4922,29405,13910,29400,19896
2020-06-09 09:21:23.640000,29429.53,29410,2656,29415,12980,29405,6101,29400,19098
2020-06-09 09:21:24.430000,29429.53,29410,2656,29415,12980,29405,6101,29400,20098
2020-06-09 09:21:25.250000,29429.53,29410,13514,29415,17925,29405,1101,29400,5537
2020-06-09 09:21:26.140000,29429.53,29405,1201,29410,22313,29400,5271,29395,19126
2020-06-09 09:21:26.930000,29429.53,29405,5217,29410,25340,29400,2335,29395,19126
2020-06-09 09:21:27.640000,29429.53,29405,4017,29410,25339,29400,7344,29395,19126
2020-06-09 09:21:28.340000,29429.53,29405,4017,29410,25339,29400,7340,29395,19126
2020-06-09 09:21:29.040000,29429.53,29405,4017,29410,25339,29400,7340,29395,19126
2020-06-09 09:21:30.540000,29431.29,29405,5217,29410,25339,29400,1948,29395,19126
2020-06-09 09:21:32.040000,29431.29,29400,4990,29405,9071,29395,5334,29390,29728
2020-06-09 09:21:33.040000,29431.29,29395,4920,29400,23082,29390,4231,29385,11347
2020-06-09 09:21:34.830000,29431.29,29400,5010,29405,22081,29395,5642,29390,16509
2020-06-09 09:21:35.740000,29431.29,29400,5010,29405,22081,29395,5525,29390,16509
2020-06-09 09:21:36.640000,29431.29,29400,20,29405,22081,29395,4882,29390,16509
2020-06-09 09:21:37.350000,29431.29,29400,20,29405,12082,29395,4852,29390,26820
2020-06-09 09:21:38.240000,29431.29,29400,5010,29405,22081,29395,4952,29390,16509
2020-06-09 09:21:38.940000,29431.29,29400,620,29405,7106,29395,14202,29390,20070
2020-06-09 09:21:39.640000,29431.29,29400,10664,29405,17105,29395,100,29390,4231
2020-06-09 09:21:40.440000,29429.09,29400,248,29405,22159,29395,12600,29390,21794
2020-06-09 09:21:41.340000,29429.09,29400,5241,29405,22159,29395,100,29390,13481
2020-06-09 09:21:42.250000,29429.09,29395,4820,29400,23309,29390,208,29385,6784
2020-06-09 09:21:43.140000,29429.09,29400,5221,29405,22159,29390,13443,29385,20863
2020-06-09 09:21:44.940000,29429.09,29395,4820,29400,23286,29390,4192,29385,9802
2020-06-09 09:21:45.640000,29429.09,29395,5,29400,5221,29390,13186,29385,20863
2020-06-09 09:21:46.440000,29429.09,29395,4825,29400,23280,29390,3936,29385,9802
2020-06-09 09:21:47.230000,29429.09,29395,4791,29400,24128,29390,11,29385,9802
2020-06-09 09:21:48.140000,29429.09,29395,4790,29400,21074,29390,3736,29385,9802
2020-06-09 09:21:48.840000,29429.09,29390,1270,29395,4790,29385,5044,29380,30258
2020-06-09 09:21:49.840000,29411.92,29390,3509,29395,19864,29385,5044,29380,19947
2020-06-09 09:21:50.640000,29411.92,29395,4811,29400,24082,29385,5041,29380,30258
2020-06-09 09:21:51.540000,29411.92,29395,9865,29400,19028,29390,100,29385,5024
2020-06-09 09:21:52.430000,29411.92,29390,5000,29395,22865,29385,5027,29380,19947
2020-06-09 09:21:53.340000,29411.92,29390,5000,29395,22865,29380,14335,29375,22418
2020-06-09 09:21:54.250000,29411.92,29390,5000,29395,22865,29380,14335,29375,22418
2020-06-09 09:21:55.040000,29411.92,29385,4016,29390,10054,29380,5086,29375,21668
2020-06-09 09:21:55.840000,29411.92,29385,4016,29390,23062,29380,86,29375,6762
2020-06-09 09:21:56.640000,29411.92,29380,4990,29385,22043,29375,1012,29370,14334
2020-06-09 09:21:57.430000,29411.92,29380,4990,29385,22043,29375,1012,29370,14334
2020-06-09 09:21:58.240000,29411.92,29380,6790,29385,22043,29375,1012,29370,14334
2020-06-09 09:21:58.930000,29411.92,29380,6790,29385,22043,29375,6012,29370,14334
2020-06-09 09:21:59.840000,29405.31,29380,25351,29385,16489,29375,1,29370,5084
2020-06-09 09:22:00.740000,29405.31,29375,391,29380,25651,29370,5084,29365,18590
2020-06-09 09:22:01.640000,29405.31,29380,7595,29385,21543,29375,4964,29370,17394
2020-06-09 09:22:02.640000,29405.31,29375,4861,29380,25649,29370,84,29365,17012
2020-06-09 09:22:03.640000,29405.31,29380,22648,29385,16489,29370,5080,29365,17012
2020-06-09 09:22:04.330000,29405.31,29375,4789,29380,25673,29370,79,29365,14004
2020-06-09 09:22:05.140000,29405.31,29370,4482,29375,22872,29365,4754,29360,12335
2020-06-09 09:22:05.940000,29405.31,29370,5,29375,4789,29365,13804,29360,26464
2020-06-09 09:22:06.840000,29405.31,29375,4755,29380,29256,29370,5329,29365,13788
2020-06-09 09:22:07.640000,29405.31,29380,11178,29385,21543,29370,14679,29365,20355
2020-06-09 09:22:08.530000,29405.31,29380,11178,29385,21543,29370,14679,29365,20355
2020-06-09 09:22:09.340000,29405.31,29380,11178,29385,21543,29375,20,29370,17679
2020-06-09 09:22:10.140000,29403.78,29380,10678,29385,21543,29370,14679,29365,20475
2020-06-09 09:22:11.030000,29403.78,29380,10677,29385,21511,29370,14679,29365,20475
2020-06-09 09:22:11.940000,29403.78,29375,4755,29380,28769,29370,5429,29365,16914
2020-06-09 09:22:12.840000,29403.78,29375,4719,29380,28769,29370,5440,29365,16914
2020-06-09 09:22:13.530000,29403.78,29380,10677,29385,21511,29375,100,29370,14684
2020-06-09 09:22:14.440000,29403.78,29375,526,29380,10477,29370,14784,29365,20475
2020-06-09 09:22:15.230000,29403.78,29375,526,29380,10477,29370,14781,29365,20475
2020-06-09 09:22:15.840000,29403.78,29375,5245,29380,28557,29370,5531,29365,16914
2020-06-09 09:22:16.640000,29403.78,29375,5245,29380,28557,29370,5531,29365,16914
2020-06-09 09:22:17.540000,29403.78,29375,5245,29380,18258,29370,5531,29365,27225
2020-06-09 09:22:18.340000,29403.78,29375,5356,29380,18258,29370,5531,29365,27225
2020-06-09 09:22:19.140000,29403.78,29375,637,29380,13204,29370,15281,29365,20475
2020-06-09 09:22:19.930000,29381.7,29375,637,29380,18258,29370,6031,29365,27225
2020-06-09 09:22:20.730000,29381.7,29375,637,29380,18258,29370,6031,29365,27225
2020-06-09 09:22:21.640000,29381.7,29375,5361,29380,28257,29370,2031,29365,13908
2020-06-09 09:22:23.340000,29381.7,29375,642,29380,28257,29370,6651,29365,16910
2020-06-09 09:22:24.140000,29381.7,29375,542,29380,28257,29370,6651,29365,16910
2020-06-09 09:22:24.930000,29381.7,29375,542,29380,28257,29370,6605,29365,16910
2020-06-09 09:22:25.730000,29381.7,29375,5261,29380,28257,29370,2105,29365,16910
2020-06-09 09:22:26.540000,29381.7,29375,542,29380,28257,29370,6839,29365,16908
2020-06-09 09:22:27.260000,29381.7,29375,562,29380,28561,29370,6339,29365,16908
2020-06-09 09:22:27.840000,29381.7,29375,5281,29380,28561,29370,6328,29365,16908
2020-06-09 09:22:28.540000,29381.7,29375,5281,29380,28561,29370,1328,29365,13908
2020-06-09 09:22:29.340000,29372.33,29370,3951,29375,20334,29365,4658,29360,15405
2020-06-09 09:22:30.130000,29372.33,29370,20,29375,23644,29365,4658,29360,15405
2020-06-09 09:22:30.930000,29372.33,29370,3951,29375,23731,29365,4267,29360,6951
2020-06-09 09:22:31.740000,29372.33,29365,5000,29370,22030,29360,201,29355,14847
2020-06-09 09:22:32.740000,29372.33,29355,4719,29360,22841,29350,1286,29345,14456
2020-06-09 09:22:33.740000,29372.33,29355,14718,29360,22841,29350,486,29345,14456
2020-06-09 09:22:34.740000,29372.33,29355,22774,29360,17787,29350,486,29345,5206
2020-06-09 09:22:35.740000,29372.33,29355,17620,29360,22841,29350,486,29345,14456
2020-06-09 09:22:36.630000,29372.33,29355,19672,29360,17787,29350,486,29345,5206
2020-06-09 09:22:37.540000,29372.33,29350,3363,29355,22817,29345,39,29340,14373
2020-06-09 09:22:38.330000,29372.33,29350,21428,29355,17763,29345,22,29340,5123
2020-06-09 09:22:39.240000,29372.33,29345,4978,29350,21424,29340,5123,29335,10705
2020-06-09 09:22:40.130000,29371.42,29345,4856,29350,21424,29340,123,29335,6070
2020-06-09 09:22:41.040000,29371.42,29345,4856,29350,21424,29340,5123,29335,6070
2020-06-09 09:22:41.940000,29371.42,29345,4749,29350,21424,29340,123,29335,6070
2020-06-09 09:22:42.830000,29371.42,29345,4754,29350,21424,29340,1,29335,6070
2020-06-09 09:22:43.630000,29371.42,29340,4665,29345,22816,29335,3577,29330,18897
2020-06-09 09:22:44.330000,29371.42,29340,4090,29345,22816,29330,14286,29325,22120
2020-06-09 09:22:45.130000,29371.42,29335,4619,29340,22145,29330,36,29325,6455
2020-06-09 09:22:45.940000,29371.42,29335,5520,29340,22145,29330,36,29325,6455
2020-06-09 09:22:46.740000,29371.42,29335,5520,29340,22145,29330,36,29325,6455
2020-06-09 09:22:47.530000,29371.42,29335,5520,29340,22145,29325,6225,29320,27336
2020-06-09 09:22:48.330000,29371.42,29335,5519,29340,22145,29330,5000,29325,6246
2020-06-09 09:22:49.140000,29371.42,29335,5519,29340,22145,29325,6246,29320,27336
2020-06-09 09:22:49.940000,29363.12,29340,4090,29345,22816,29335,9329,29330,16863
2020-06-09 09:22:51.030000,29363.12,29345,22816,29350,16371,29335,9324,29330,16863
2020-06-09 09:22:52.140000,29363.12,29340,4090,29345,22816,29335,4235,29330,16863
2020-06-09 09:22:52.940000,29363.12,29340,3922,29345,22816,29335,2501,29330,13825
2020-06-09 09:22:53.740000,29363.12,29345,22816,29350,16371,29335,7111,29330,16846
2020-06-09 09:22:54.640000,29363.12,29340,97,29345,4757,29335,8861,29330,25407
2020-06-09 09:22:55.340000,29363.12,29340,93,29345,17765,29335,8961,29330,15096
2020-06-09 09:22:56.240000,29363.12,29340,4015,29345,22819,29335,7177,29330,16846
2020-06-09 09:22:57.030000,29363.12,29340,4015,29345,23419,29335,2178,29330,13825
2020-06-09 09:22:57.640000,29363.12,29335,1390,29340,22103,29330,4575,29325,10297
2020-06-09 09:22:58.340000,29363.12,29335,1390,29340,22103,29330,4605,29325,10297
2020-06-09 09:22:59.030000,29363.12,29335,5000,29340,22097,29330,30,29325,10297
2020-06-09 09:22:59.730000,29378.27,29335,20033,29340,17043,29325,5501,29320,18775
2020-06-09 09:23:00.530000,29378.27,29330,7392,29335,25077,29325,369,29320,16329
2020-06-09 09:23:01.530000,29378.27,29330,358,29335,10024,29325,8386,29320,27998
2020-06-09 09:23:02.530000,29378.27,29330,358,29335,10025,29325,8436,29320,27998
2020-06-09 09:23:03.360000,29378.27,29335,6897,29340,27480,29330,200,29325,8432
2020-06-09 09:23:04.140000,29378.27,29340,12427,29345,25422,29330,15724,29325,22593
2020-06-09 09:23:04.940000,29378.27,29340,27480,29345,20368,29330,4454,29325,11532
2020-06-09 09:23:05.730000,29378.27,29335,5000,29340,27480,29330,3547,29325,11532
2020-06-09 09:23:06.640000,29378.27,29340,24451,29345,20368,29330,5547,29325,11532
2020-06-09 09:23:07.530000,29378.27,29340,27509,29345,20369,29330,3547,29325,11532
2020-06-09 09:23:08.340000,29378.27,29340,27509,29345,20369,29330,3707,29325,11532
2020-06-09 09:23:09.120000,29363.99,29340,28438,29345,20369,29330,3451,29325,11547
2020-06-09 09:23:10.730000,29363.99,29340,10327,29345,25423,29335,5100,29330,15701
2020-06-09 09:23:11.640000,29363.99,29340,15381,29345,20369,29330,4551,29325,21858
2020-06-09 09:23:12.430000,29363.99,29340,10293,29345,25423,29335,5000,29330,15801
2020-06-09 09:23:13.340000,29363.99,29340,10293,29345,25423,29335,4970,29330,15803
2020-06-09 09:23:14.140000,29363.99,29340,8293,29345,25423,29335,4970,29330,21840
2020-06-09 09:23:14.930000,29363.99,29340,4371,29345,25423,29335,4253,29330,21840
2020-06-09 09:23:15.740000,29363.99,29340,8304,29345,25423,29335,2853,29330,21840
2020-06-09 09:23:16.540000,29363.99,29340,8324,29345,25423,29335,2853,29330,21840
2020-06-09 09:23:17.540000,29363.99,29340,4402,29345,15424,29335,2721,29330,32151
2020-06-09 09:23:18.430000,29363.99,29340,4402,29345,7357,29335,6482,29330,30402
2020-06-09 09:23:19.340000,29363.99,29345,7357,29350,26611,29340,2534,29335,6616
2020-06-09 09:23:20.240000,29340.82,29345,17356,29350,26611,29340,4,29335,4616
2020-06-09 09:23:21.240000,29340.82,29345,15426,29350,21557,29340,401,29335,2866
2020-06-09 09:23:22.340000,29340.82,29345,608,29350,16612,29340,5289,29335,19976
2020-06-09 09:23:23.430000,29340.82,29350,7000,29355,27023,29345,4267,29340,16502
2020-06-09 09:23:24.340000,29340.82,29350,2001,29355,27023,29345,3451,29340,16503
2020-06-09 09:23:25.130000,29340.82,29350,7000,29355,27023,29340,16503,29335,20726
2020-06-09 09:23:25.930000,29340.82,29350,7000,29355,27023,29345,5000,29340,16503
2020-06-09 09:23:26.930000,29340.82,29350,1,29355,27023,29345,6483,29340,19525
2020-06-09 09:23:27.830000,29340.82,29355,17024,29360,20527,29345,6583,29340,29836
2020-06-09 09:23:28.740000,29340.82,29350,4994,29355,27023,29345,1334,29340,19525
2020-06-09 09:23:29.440000,29340.82,29350,4994,29355,27023,29345,1044,29340,19525
2020-06-09 09:23:30.240000,29362.31,29350,4994,29355,27023,29345,7027,29340,19525
2020-06-09 09:23:31.040000,29362.31,29345,5062,29350,25127,29340,5253,29335,9665
2020-06-09 09:23:31.940000,29362.31,29355,6992,29360,25581,29345,28857,29340,23065
2020-06-09 09:23:32.830000,29362.31,29355,6992,29360,25581,29350,5000,29345,25313
2020-06-09 09:23:33.630000,29362.31,29350,7604,29355,25094,29345,9080,29340,19504
2020-06-09 09:23:34.440000,29362.31,29350,4994,29355,25094,29345,9052,29340,19504
2020-06-09 09:23:35.240000,29362.31,29350,5215,29355,25094,29345,9048,29340,19504
2020-06-09 09:23:36.030000,29362.31,29350,7181,29355,25094,29345,14031,29340,19504
2020-06-09 09:23:36.830000,29362.31,29350,7171,29355,25094,29345,9048,29340,19504
2020-06-09 09:23:37.530000,29362.31,29350,5171,29355,25094,29345,9048,29340,16503
2020-06-09 09:23:38.240000,29362.31,29350,5489,29355,25094,29345,7556,29340,16503
2020-06-09 09:23:39.030000,29362.31,29350,23552,29355,20040,29340,5253,29335,9665
2020-06-09 09:23:39.830000,29360.22,29345,1697,29350,20542,29340,5253,29335,9665
2020-06-09 09:23:40.640000,29360.22,29345,1697,29350,5489,29340,14503,29335,20726
2020-06-09 09:23:41.530000,29360.22,29345,1170,29350,5839,29340,16503,29335,20726
2020-06-09 09:23:42.440000,29360.22,29355,10041,29360,25681,29350,399,29345,16233
2020-06-09 09:23:43.240000,29360.22,29355,12046,29360,20627,29345,6988,29340,29841
2020-06-09 09:23:43.940000,29360.22,29350,6,29355,25049,29345,4988,29340,19530
2020-06-09 09:23:44.740000,29360.22,29350,25081,29355,19995,29345,115,29340,5253
2020-06-09 09:23:45.640000,29360.22,29345,6,29350,7000,29340,5253,29335,20977
2020-06-09 09:23:46.330000,29360.22,29345,11954,29350,20010,29340,364,29335,5833
2020-06-09 09:23:47.340000,29360.22,29345,17288,29350,25064,29340,171,29335,7583
2020-06-09 09:23:48.340000,29360.22,29345,7289,29350,25066,29340,171,29335,7583
2020-06-09 09:23:49.340000,29360.22,29345,5289,29350,25066,29340,251,29335,7583
2020-06-09 09:23:50.140000,29373.82,29345,5289,29350,25183,29335,7565,29330,29428
2020-06-09 09:23:51.030000,29373.82,29345,5287,29350,25183,29335,7865,29330,29478
2020-06-09 09:23:51.940000,29373.82,29345,5277,29350,25183,29335,10912,29330,29478
2020-06-09 09:23:52.730000,29373.82,29345,5277,29350,25183,29340,6889,29335,10912
2020-06-09 09:23:53.530000,29373.82,29350,5115,29355,25049,29340,16139,29335,22075
2020-06-09 09:23:54.340000,29373.82,29345,391,29350,25184,29340,4819,29335,11014
2020-06-09 09:23:55.230000,29373.82,29345,5291,29350,25184,29340,4669,29335,10982
2020-06-09 09:23:56.040000,29373.82,29345,5291,29350,25184,29340,100,29335,7967
2020-06-09 09:23:56.730000,29373.82,29345,5291,29350,25184,29340,4769,29335,7967
2020-06-09 09:23:57.430000,29373.82,29345,5291,29350,25184,29340,200,29335,7967
2020-06-09 09:23:58.140000,29373.82,29345,7256,29350,25184,29340,350,29335,7967
2020-06-09 09:23:58.930000,29373.82,29345,7256,29350,25184,29340,350,29335,7967
2020-06-09 09:23:59.640000,29373.82,29340,3982,29345,25341,29335,1664,29330,20969
2020-06-09 09:24:00.540000,29351.96,29340,5982,29345,25341,29335,1273,29330,8682
2020-06-09 09:24:01.430000,29351.96,29340,64,29345,25341,29335,6273,29330,20980
2020-06-09 09:24:02.340000,29351.96,29340,3913,29345,25341,29335,2273,29330,20980
2020-06-09 09:24:03.230000,29351.96,29345,25341,29350,20135,29335,9273,29330,20992
2020-06-09 09:24:03.930000,29351.96,29340,3879,29345,25341,29335,7273,29330,20992
2020-06-09 09:24:04.640000,29351.96,29345,25341,29350,20135,29335,7273,29330,20992
2020-06-09 09:24:05.430000,29351.96,29340,3879,29345,25341,29335,2273,29330,18494
2020-06-09 09:24:06.130000,29351.96,29340,10933,29345,20287,29335,2273,29330,9244
2020-06-09 09:24:06.840000,29351.96,29340,14242,29345,20287,29335,2273,29330,9244
2020-06-09 09:24:07.620000,29351.96,29340,14232,29345,20287,29335,2273,29330,9244
2020-06-09 09:24:08.240000,29351.96,29340,6222,29345,25541,29335,2273,29330,18494
2020-06-09 09:24:09.040000,29351.96,29335,5000,29340,24303,29330,2244,29325,13364
2020-06-09 09:24:09.840000,29372.02,29340,14270,29345,20487,29330,8978,29325,23675
2020-06-09 09:24:10.630000,29372.02,29335,5300,29340,24269,29330,8978,29325,13364
2020-06-09 09:24:11.630000,29372.02,29335,118,29340,9216,29330,10728,29325,24425
2020-06-09 09:24:12.630000,29372.02,29335,4999,29340,24297,29330,3978,29325,13364
2020-06-09 09:24:13.540000,29372.02,29335,4999,29340,24297,29330,1960,29325,13364
2020-06-09 09:24:14.430000,29372.02,29335,4999,29340,24297,29330,1960,29325,13364
2020-06-09 09:24:15.240000,29372.02,29335,4999,29340,24297,29330,2260,29325,13364
2020-06-09 09:24:16.040000,29372.02,29335,4999,29340,24297,29330,2260,29325,13364
2020-06-09 09:24:16.740000,29372.02,29330,747,29335,20014,29325,8638,29320,18834
2020-06-09 09:24:17.440000,29372.02,29330,5739,29335,15064,29325,2447,29320,30895
2020-06-09 09:24:18.240000,29372.02,29330,5739,29335,15064,29325,6888,29320,30895
2020-06-09 09:24:19.040000,29372.02,29330,5739,29335,15064,29325,6891,29320,30895
2020-06-09 09:24:19.740000,29366.16,29330,5633,29335,25065,29325,6891,29320,20584
2020-06-09 09:24:20.440000,29366.16,29335,17002,29340,24317,29330,1506,29325,8641
2020-06-09 09:24:21.330000,29366.16,29330,7496,29335,12057,29325,6891,29320,31176
2020-06-09 09:24:22.040000,29366.16,29330,7501,29335,25062,29325,6891,29320,20865
2020-06-09 09:24:22.740000,29366.16,29330,7501,29335,25062,29325,2450,29320,21165
2020-06-09 09:24:23.540000,29366.16,29330,2505,29335,10009,29325,8631,29320,19415
2020-06-09 09:24:24.330000,29366.16,29330,5560,29335,15063,29325,6491,29320,31476
2020-06-09 09:24:25.030000,29366.16,29330,5557,29335,25062,29325,50,29320,21165
2020-06-09 09:24:25.740000,29366.16,29330,5557,29335,25062,29325,4491,29320,21233
2020-06-09 09:24:26.530000,29366.16,29330,5557,29335,25062,29325,4591,29320,21233
2020-06-09 09:24:27.330000,29366.16,29330,356,29335,20008,29325,6341,29320,19483
2020-06-09 09:24:28.140000,29366.16,29330,4996,29335,25062,29325,4691,29320,21233
2020-06-09 09:24:28.940000,29366.16,29330,5643,29335,25062,29325,100,29320,21233
2020-06-09 09:24:29.690000,29363.26,29330,5564,29335,25062,29325,400,29320,21233
2020-06-09 09:24:30.440000,29363.26,29325,7392,29330,12618,29320,5399,29315,31191
2020-06-09 09:24:31.140000,29363.26,29325,3539,29330,6917,29320,16383,29315,24441
2020-06-09 09:24:31.940000,29363.26,29325,3539,29330,7034,29320,16383,29315,24441
2020-06-09 09:24:32.740000,29363.26,29330,117,29335,20008,29325,9250,29320,17704
2020-06-09 09:24:33.530000,29363.26,29330,117,29335,20008,29325,7500,29320,19454
2020-06-09 09:24:34.330000,29363.26,29330,117,29335,20008,29325,10544,29320,17804
2020-06-09 09:24:35.140000,29363.26,29330,117,29335,15063,29325,6789,29320,29875
2020-06-09 09:24:35.940000,29363.26,29330,5034,29335,25062,29325,2350,29320,19564
2020-06-09 09:24:36.730000,29363.26,29330,7034,29335,25062,29325,2350,29320,16493
2020-06-09 09:24:37.530000,29363.26,29325,6500,29330,15280,29320,5243,29315,31191
2020-06-09 09:24:38.340000,29363.26,29325,6500,29330,15287,29320,5243,29315,31191
2020-06-09 09:24:39.030000,29363.26,29325,6500,29330,15287,29320,761,29315,31191
2020-06-09 09:24:39.730000,29363.26,29325,6500,29330,25286,29320,761,29315,20880
2020-06-09 09:24:40.440000,29362.62,29330,7194,29335,25062,29320,16493,29315,22913
2020-06-09 09:24:41.340000,29362.62,29330,7194,29335,25062,29320,16493,29315,22913
2020-06-09 09:24:42.730000,29362.62,29330,5194,29335,25062,29325,4460,29320,16493
2020-06-09 09:24:43.440000,29362.62,29335,5003,29340,24258,29325,8023,29320,28129
2020-06-09 09:24:44.840000,29362.62,29335,4,29340,9210,29330,16238,29325,22195
2020-06-09 09:24:45.640000,29362.62,29340,4155,29345,25148,29335,5000,29330,19258
2020-06-09 09:24:46.340000,29362.62,29340,6155,29345,25148,29330,16238,29325,22295
2020-06-09 09:24:47.030000,29362.62,29340,9188,29345,25148,29330,4988,29325,21545
2020-06-09 09:24:47.840000,29362.62,29340,9188,29345,25148,29330,16238,29325,22295
2020-06-09 09:24:48.640000,29362.62,29340,4155,29345,25148,29335,5000,29330,19272
2020-06-09 09:24:49.430000,29362.62,29340,4155,29345,15149,29330,33467,29325,22295
2020-06-09 09:24:50.230000,29350.11,29340,4145,29345,15149,29330,33456,29325,22295
2020-06-09 09:24:50.940000,29350.11,29340,4145,29345,25148,29335,5000,29330,22879
2020-06-09 09:24:51.740000,29350.11,29340,4125,29345,25148,29330,22879,29325,22295
2020-06-09 09:24:52.360000,29350.11,29340,260,29345,20094,29335,6750,29330,21129
2020-06-09 09:24:53.040000,29350.11,29340,260,29345,20094,29335,6750,29330,21129
2020-06-09 09:24:53.740000,29350.11,29340,260,29345,15149,29335,5000,29330,33190
2020-06-09 09:24:54.460000,29350.11,29335,390,29340,4125,29330,22819,29325,22295
2020-06-09 09:24:55.240000,29350.11,29340,4125,29345,25148,29335,4610,29330,22819
2020-06-09 09:24:56.040000,29350.11,29345,7063,29350,26556,29335,8361,29330,31380
2020-06-09 09:24:56.940000,29350.11,29340,5000,29345,22116,29335,4611,29330,22819
2020-06-09 09:24:57.630000,29350.11,29340,5000,29345,25144,29335,4611,29330,22819
2020-06-09 09:24:58.350000,29350.11,29345,20090,29350,26556,29335,6361,29330,21169
2020-06-09 09:24:59.030000,29350.11,29345,7063,29350,26556,29335,9361,29330,31480
2020-06-09 09:24:59.830000,29364.03,29340,1,29345,25085,29335,5611,29330,22919
2020-06-09 09:25:00.740000,29364.03,29340,1,29345,10032,29335,8953,29330,31480
2020-06-09 09:25:01.640000,29364.03,29345,5023,29350,26556,29340,4222,29335,12598
2020-06-09 09:25:02.440000,29364.03,29345,523,29350,11983,29340,4222,29335,22909
2020-06-09 09:25:03.240000,29364.03,29345,5023,29350,24983,29340,4222,29335,12698
2020-06-09 09:25:04.030000,29364.03,29345,5106,29350,24983,29340,4222,29335,12698
2020-06-09 09:25:04.830000,29364.03,29345,5106,29350,24988,29340,4222,29335,12698
2020-06-09 09:25:05.530000,29364.03,29345,5108,29350,24988,29340,4222,29335,12698
2020-06-09 09:25:06.330000,29364.03,29345,608,29350,6934,29340,15452,29335,23759
2020-06-09 09:25:07.440000,29364.03,29350,17,29355,16998,29345,15523,29340,11739
2020-06-09 09:25:08.530000,29364.03,29350,4917,29355,25056,29345,10,29340,18489
2020-06-09 09:25:09.530000,29364.03,29350,6817,29355,25056,29345,210,29340,19421
2020-06-09 09:25:10.330000,29367.14,29350,7814,29355,25056,29345,210,29340,19421
2020-06-09 09:25:11.030000,29367.14,29350,7830,29355,25056,29345,1710,29340,19421
2020-06-09 09:25:11.800000,29367.14,29350,7830,29355,25056,29345,1017,29340,19421
2020-06-09 09:25:12.530000,29367.14,29350,7830,29355,25056,29345,1017,29340,19421
2020-06-09 09:25:13.230000,29367.14,29350,2916,29355,7000,29345,16540,29340,22982
2020-06-09 09:25:14.230000,29367.14,29355,1,29360,17114,29350,10912,29345,17826
2020-06-09 09:25:15.140000,29367.14,29360,7115,29365,26487,29355,4610,29350,10688
2020-06-09 09:25:15.930000,29367.14,29360,7115,29365,26487,29350,10688,29345,28743
2020-06-09 09:25:16.840000,29367.14,29360,115,29365,16803,29355,6360,29350,12077
2020-06-09 09:25:17.840000,29367.14,29365,304,29370,11517,29360,5952,29355,29862
2020-06-09 09:25:18.840000,29367.14,29365,304,29370,6957,29360,7952,29355,29862
2020-06-09 09:25:19.730000,29379.2,29365,304,29370,6957,29360,7913,29355,29868
2020-06-09 09:25:20.730000,29379.2,29360,4059,29365,24870,29355,7016,29350,13827
2020-06-09 09:25:21.840000,29379.2,29365,1,29370,15039,29360,11961,29355,31275
2020-06-09 09:25:22.730000,29379.2,29365,2,29370,9985,29360,9982,29355,29525
2020-06-09 09:25:23.630000,29379.2,29370,6957,29375,27060,29365,4273,29360,11982
2020-06-09 09:25:24.740000,29379.2,29365,9077,29370,25033,29360,8237,29355,21591
2020-06-09 09:25:25.540000,29379.2,29370,12042,29375,27060,29360,5915,29355,19980
2020-06-09 09:25:26.350000,29379.2,29370,4958,29375,22447,29360,13039,29355,28291
2020-06-09 09:25:27.130000,29379.2,29370,12012,29375,20477,29360,6231,29355,30041
2020-06-09 09:25:27.930000,29379.2,29370,46,29375,25531,29365,4273,29360,13053
2020-06-09 09:25:28.630000,29379.2,29370,4960,29375,25531,29365,4273,29360,9981
2020-06-09 09:25:29.430000,29379.2,29370,6960,29375,25531,29360,9981,29355,28291
2020-06-09 09:25:30.130000,29401.66,29370,4960,29375,25531,29365,4273,29360,12987
2020-06-09 09:25:30.930000,29401.66,29370,46,29375,20477,29365,13132,29360,14737
2020-06-09 09:25:31.830000,29401.66,29370,51,29375,10478,29365,15132,29360,25048
2020-06-09 09:25:32.740000,29401.66,29375,395,29380,7571,29370,15595,29365,21716
2020-06-09 09:25:33.630000,29401.66,29375,394,29380,7571,29370,15495,29365,21716
2020-06-09 09:25:34.540000,29401.66,29380,571,29385,11394,29375,4216,29370,29810
2020-06-09 09:25:35.540000,29401.66,29385,6825,29390,26595,29380,3592,29375,7966
2020-06-09 09:25:36.330000,29401.66,29385,21,29390,21541,29380,5342,29375,9238
2020-06-09 09:25:37.240000,29401.66,29390,6932,29395,26761,29385,3860,29380,15012
2020-06-09 09:25:38.040000,29401.66,29390,4597,29395,26761,29385,3860,29380,19033
2020-06-09 09:25:38.940000,29401.66,29395,5101,29400,32532,29390,4594,29385,10649
2020-06-09 09:25:39.940000,29408.6,29395,7101,29400,32532,29390,9009,29385,10649
2020-06-09 09:25:41.130000,29408.6,29390,7589,29395,25212,29385,3859,29380,29669
2020-06-09 09:25:42.130000,29408.6,29390,9490,29395,25212,29385,7,29380,16306
2020-06-09 09:25:43.140000,29408.6,29385,4804,29390,27567,29380,1464,29375,13051
2020-06-09 09:25:44.030000,29408.6,29385,4804,29390,27567,29380,5464,29375,13051
2020-06-09 09:25:44.830000,29408.6,29385,6170,29390,27567,29380,5464,29375,9029
2020-06-09 09:25:45.630000,29408.6,29385,6170,29390,27567,29380,5464,29375,9029
2020-06-09 09:25:46.330000,29408.6,29385,6670,29390,27567,29380,5464,29375,9029
