time,nav,sell1,sell1_cnt,sell2,sell2_cnt,buy1,buy1_cnt,buy2,buy2_cnt
2020-06-05 08:47:17.270000,0.0,28550,10,28600,100,28540,34,28535,11
2020-06-05 08:47:23.470000,0.0,28550,11,28600,100,28540,34,28535,11
2020-06-05 08:47:28.080000,0.0,28550,11,28600,100,28540,34,28535,11
2020-06-05 08:47:32.770000,0.0,28550,11,28600,100,28540,34,28535,11
2020-06-05 08:47:38.110000,0.0,28550,11,28600,100,28540,34,28535,11
2020-06-05 08:47:39.270000,0.0,28550,11,28600,100,28545,4,28540,34
2020-06-05 08:47:43.170000,0.0,28550,11,28600,100,28545,4,28540,34
2020-06-05 08:47:47.670000,0.0,28550,11,28600,100,28545,4,28540,34
2020-06-05 08:47:52.700000,0.0,28550,11,28600,100,28545,4,28540,34
2020-06-05 08:47:57.370000,0.0,28550,11,28600,100,28545,4,28540,34
2020-06-05 08:48:01.770000,0.0,28550,11,28600,100,28545,4,28540,34
2020-06-05 08:48:01.860000,0.0,28550,11,28600,100,28545,4,28540,34
2020-06-05 08:48:04.490000,0.0,28550,11,28600,100,28545,4,28540,34
2020-06-05 08:48:06.380000,0.0,28550,11,28600,100,28545,4,28540,34
2020-06-05 08:48:07.970000,0.0,28550,11,28600,100,28545,4,28540,34
2020-06-05 08:48:10.380000,0.0,28550,11,28600,100,28545,4,28540,34
2020-06-05 08:48:10.970000,0.0,28550,11,28600,100,28545,4,28540,34
2020-06-05 08:48:12.500000,0.0,28550,11,28600,100,28545,4,28540,34
2020-06-05 08:48:13.270000,0.0,28550,11,28600,100,28545,4,28540,34
2020-06-05 08:48:13.560000,0.0,28550,11,28600,100,28545,4,28540,34
2020-06-05 08:48:14.970000,0.0,28550,11,28600,100,28545,4,28540,34
2020-06-05 08:48:15.590000,0.0,28550,11,28600,100,28545,4,28540,34
2020-06-05 08:48:17.520000,0.0,28550,11,28600,100,28545,4,28540,34
2020-06-05 08:48:17.770000,0.0,28550,11,28600,100,28545,5,28540,34
2020-06-05 08:48:19.760000,0.0,28550,11,28600,100,28545,5,28540,34
2020-06-05 08:48:19.970000,0.0,28550,11,28600,100,28545,5,28540,34
2020-06-05 08:48:21.280000,0.0,28550,11,28600,100,28545,6,28540,34
2020-06-05 08:48:22.770000,0.0,28550,11,28600,100,28545,6,28540,34
2020-06-05 08:48:24.270000,0.0,28550,11,28600,100,28545,6,28540,34
2020-06-05 08:48:25.480000,0.0,28550,11,28600,100,28545,6,28540,34
2020-06-05 08:48:25.620000,0.0,28550,11,28600,100,28545,6,28540,34
2020-06-05 08:48:28.070000,0.0,28550,11,28600,100,28545,6,28540,34
2020-06-05 08:48:30.400000,0.0,28550,11,28600,100,28545,6,28540,34
2020-06-05 08:48:31.770000,0.0,28550,11,28600,100,28545,6,28540,34
2020-06-05 08:48:33.510000,0.0,28550,11,28600,100,28545,6,28540,34
2020-06-05 08:48:36.590000,0.0,28550,11,28600,100,28545,6,28540,34
2020-06-05 08:48:36.980000,0.0,28550,11,28600,100,28545,6,28540,34
2020-06-05 08:48:37.700000,0.0,28550,11,28600,100,28545,6,28540,34
2020-06-05 08:48:41.090000,0.0,28550,11,28600,100,28545,6,28540,34
2020-06-05 08:48:41.780000,0.0,28600,100,28635,642,28550,87,28545,8
2020-06-05 08:48:42.370000,0.0,28600,100,28635,642,28550,87,28545,8
2020-06-05 08:48:43.370000,0.0,28600,100,28635,642,28550,87,28545,8
2020-06-05 08:48:45.670000,0.0,28600,100,28635,642,28550,87,28545,8
2020-06-05 08:48:45.980000,0.0,28600,100,28635,642,28550,87,28545,8
2020-06-05 08:48:47.670000,0.0,28600,100,28635,642,28550,87,28545,8
2020-06-05 08:48:49.380000,0.0,28600,100,28635,642,28550,87,28545,8
2020-06-05 08:48:50.470000,0.0,28600,100,28635,642,28550,87,28545,8
2020-06-05 08:48:52.270000,0.0,28600,100,28635,642,28550,107,28545,8
2020-06-05 08:48:54.370000,0.0,28600,100,28635,642,28550,107,28545,8
2020-06-05 08:48:57.980000,0.0,28600,100,28635,642,28550,107,28545,8
2020-06-05 08:48:58.180000,0.0,28600,100,28635,642,28550,107,28545,8
2020-06-05 08:49:01.230000,0.0,28600,100,28635,642,28550,107,28545,8
2020-06-05 08:49:02.470000,0.0,28600,100,28635,642,28550,107,28545,8
2020-06-05 08:49:05.470000,0.0,28600,100,28635,642,28550,127,28545,8
2020-06-05 08:49:07.190000,0.0,28600,100,28635,642,28555,4,28550,143
2020-06-05 08:49:09.110000,0.0,28600,100,28635,642,28555,4,28550,143
2020-06-05 08:49:09.700000,0.0,28600,100,28635,642,28560,20,28555,4
2020-06-05 08:49:12.080000,0.0,28600,100,28635,642,28560,20,28555,4
2020-06-05 08:49:12.870000,0.0,28600,100,28635,642,28560,20,28555,4
2020-06-05 08:49:14.480000,0.0,28600,100,28635,642,28560,20,28555,4
2020-06-05 08:49:17.590000,0.0,28600,100,28635,642,28560,20,28555,4
2020-06-05 08:49:18.170000,0.0,28600,100,28635,642,28560,20,28555,4
2020-06-05 08:49:19.870000,0.0,28600,100,28635,642,28560,20,28555,4
2020-06-05 08:49:21.810000,0.0,28600,100,28635,642,28560,20,28555,4
2020-06-05 08:49:22.890000,0.0,28600,100,28635,642,28560,20,28555,4
2020-06-05 08:49:23.070000,0.0,28600,100,28635,642,28560,20,28555,4
2020-06-05 08:49:24.960000,0.0,28600,100,28635,642,28560,20,28555,4
2020-06-05 08:49:25.070000,0.0,28600,100,28635,642,28560,20,28555,4
2020-06-05 08:49:27.770000,0.0,28600,100,28635,642,28560,20,28555,4
2020-06-05 08:49:29.270000,0.0,28600,100,28635,642,28560,20,28555,4
2020-06-05 08:49:30.480000,0.0,28600,100,28635,642,28560,20,28555,4
2020-06-05 08:49:34.680000,0.0,28600,100,28635,642,28560,20,28555,4
2020-06-05 08:49:36.650000,0.0,28600,100,28635,642,28560,20,28555,4
2020-06-05 08:49:36.680000,0.0,28600,100,28635,642,28560,20,28555,4
2020-06-05 08:49:38.800000,0.0,28600,100,28635,642,28560,20,28555,4
2020-06-05 08:49:38.880000,0.0,28600,100,28635,642,28570,132,28565,4
2020-06-05 08:49:41.930000,0.0,28600,100,28635,642,28570,132,28565,4
2020-06-05 08:49:44.180000,0.0,28600,100,28635,642,28570,132,28565,4
2020-06-05 08:49:45.470000,0.0,28600,100,28635,642,28570,132,28565,4
2020-06-05 08:49:46.160000,0.0,28600,100,28635,642,28570,132,28565,4
2020-06-05 08:49:50.880000,0.0,28600,100,28635,642,28580,4981,28575,4
2020-06-05 08:49:52.060000,0.0,28635,88,28640,218,28630,11,28625,9
2020-06-05 08:49:59.730000,0.0,28635,96,28640,218,28630,11,28625,9
2020-06-05 08:50:00.730000,0.0,28635,86,28640,218,28630,11,28625,9
2020-06-05 08:50:01.010000,0.0,28635,86,28640,218,28630,11,28625,9
2020-06-05 08:50:05.430000,0.0,28635,85,28640,218,28630,11,28625,9
2020-06-05 08:50:05.790000,0.0,28635,85,28640,218,28630,11,28625,9
2020-06-05 08:50:10.680000,0.0,28635,85,28640,218,28630,11,28625,9
2020-06-05 08:50:12.270000,0.0,28640,218,28650,11,28635,915,28630,11
2020-06-05 08:50:13.300000,0.0,28640,218,28650,11,28635,915,28630,11
2020-06-05 08:50:14.360000,0.0,28640,218,28650,11,28635,915,28630,11
2020-06-05 08:50:15.970000,0.0,28640,218,28650,11,28635,860,28630,11
2020-06-05 08:50:21.270000,0.0,28640,218,28650,11,28635,860,28630,11
2020-06-05 08:50:23.000000,0.0,28640,218,28650,11,28635,860,28630,11
2020-06-05 08:50:29.080000,0.0,28640,218,28650,11,28635,860,28630,11
2020-06-05 08:50:31.080000,0.0,28640,218,28650,11,28635,860,28630,11
2020-06-05 08:50:31.870000,0.0,28640,218,28650,11,28635,860,28630,11
2020-06-05 08:50:33.370000,0.0,28640,218,28650,11,28635,860,28630,11
2020-06-05 08:50:35.470000,0.0,28640,218,28650,11,28635,860,28630,11
2020-06-05 08:50:36.140000,0.0,28640,218,28650,11,28635,930,28630,11
2020-06-05 08:50:37.070000,0.0,28640,218,28650,11,28635,930,28630,11
2020-06-05 08:50:38.770000,0.0,28640,218,28650,11,28635,931,28630,11
2020-06-05 08:50:42.360000,0.0,28640,218,28650,11,28635,931,28630,11
2020-06-05 08:50:42.940000,0.0,28640,218,28650,11,28635,931,28630,11
2020-06-05 08:50:47.670000,0.0,28640,218,28650,11,28635,931,28630,11
2020-06-05 08:50:49.790000,0.0,28640,218,28650,11,28635,931,28630,11
2020-06-05 08:50:49.960000,0.0,28640,218,28650,11,28635,24,28630,11
2020-06-05 08:50:52.480000,0.0,28640,218,28650,11,28635,124,28630,11
2020-06-05 08:50:54.510000,0.0,28640,218,28650,11,28635,124,28630,11
2020-06-05 08:50:55.570000,0.0,28600,100,28635,642,28580,4280,28575,4
2020-06-05 08:50:56.270000,0.0,28600,100,28635,642,28580,4280,28575,4
2020-06-05 08:50:58.370000,0.0,28600,100,28635,642,28580,4280,28575,4
2020-06-05 08:51:01.480000,0.0,28600,100,28635,642,28580,4280,28575,4
2020-06-05 08:51:02.570000,0.0,28600,100,28635,642,28580,4280,28575,4
2020-06-05 08:51:03.010000,0.0,28600,100,28635,642,28580,4295,28575,4
2020-06-05 08:51:04.100000,0.0,28600,100,28635,642,28580,4295,28575,4
2020-06-05 08:51:08.300000,0.0,28600,100,28635,642,28580,4295,28575,4
2020-06-05 08:51:09.680000,0.0,28600,100,28635,642,28580,4295,28575,4
2020-06-05 08:51:10.380000,0.0,28600,100,28635,642,28580,4295,28575,4
2020-06-05 08:51:11.180000,0.0,28600,100,28635,642,28580,4295,28575,4
2020-06-05 08:51:11.970000,0.0,28600,100,28635,642,28580,4295,28575,4
2020-06-05 08:51:15.760000,0.0,28600,100,28635,642,28580,4296,28575,4
2020-06-05 08:51:18.780000,0.0,28600,100,28635,642,28580,4306,28575,4
2020-06-05 08:51:19.500000,0.0,28600,100,28635,642,28580,2921,28575,4
2020-06-05 08:51:20.450000,0.0,28600,100,28635,642,28580,2921,28575,4
2020-06-05 08:51:20.610000,0.0,28600,100,28635,642,28580,2921,28575,4
2020-06-05 08:51:22.560000,0.0,28600,100,28635,642,28580,2821,28575,4
2020-06-05 08:51:22.680000,0.0,28600,100,28635,642,28580,2821,28575,4
2020-06-05 08:51:23.780000,0.0,28600,100,28635,642,28580,2821,28575,4
2020-06-05 08:51:25.960000,0.0,28600,100,28635,642,28580,2821,28575,4
2020-06-05 08:51:26.460000,0.0,28600,100,28635,642,28580,2821,28575,4
2020-06-05 08:51:27.280000,0.0,28600,100,28635,642,28580,2821,28575,4
2020-06-05 08:51:28.670000,0.0,28600,100,28635,642,28580,2821,28575,4
2020-06-05 08:51:28.870000,0.0,28600,100,28635,642,28580,2821,28575,4
2020-06-05 08:51:32.060000,0.0,28600,100,28635,642,28580,2926,28575,4
2020-06-05 08:51:37.370000,0.0,28600,100,28635,642,28580,2926,28575,4
2020-06-05 08:51:37.670000,0.0,28600,100,28635,642,28580,2926,28575,4
2020-06-05 08:51:38.880000,0.0,28600,100,28635,642,28580,2926,28575,4
2020-06-05 08:51:38.910000,0.0,28600,100,28635,642,28580,2926,28575,4
2020-06-05 08:51:39.060000,0.0,28600,100,28635,642,28580,3026,28575,4
2020-06-05 08:51:44.370000,0.0,28600,100,28635,642,28580,3026,28575,4
2020-06-05 08:51:44.770000,0.0,28600,100,28635,642,28580,3026,28575,4
2020-06-05 08:51:45.460000,0.0,28600,100,28635,642,28580,3026,28575,4
2020-06-05 08:51:48.680000,0.0,28600,100,28635,642,28580,3026,28575,4
2020-06-05 08:51:49.100000,0.0,28600,100,28635,642,28580,3026,28575,4
2020-06-05 08:51:51.570000,0.0,28600,100,28635,642,28580,3026,28575,4
2020-06-05 08:51:53.360000,0.0,28600,100,28635,642,28580,3026,28575,4
2020-06-05 08:51:54.350000,0.0,28600,100,28635,642,28580,3026,28575,4
2020-06-05 08:51:57.430000,0.0,28600,100,28635,642,28580,3026,28575,4
2020-06-05 08:51:57.520000,0.0,28600,100,28635,642,28580,3026,28575,4
2020-06-05 08:51:58.580000,0.0,28600,100,28635,642,28580,3026,28575,4
2020-06-05 08:51:59.500000,0.0,28600,100,28635,642,28580,3026,28575,4
2020-06-05 08:52:01.670000,0.0,28600,100,28635,642,28580,3026,28575,4
2020-06-05 08:52:02.470000,0.0,28600,100,28635,642,28580,3026,28575,4
2020-06-05 08:52:02.670000,0.0,28600,100,28635,642,28580,3026,28575,4
2020-06-05 08:52:03.070000,0.0,28600,100,28635,642,28580,3026,28575,4
2020-06-05 08:52:04.170000,0.0,28600,100,28635,642,28580,3026,28575,4
2020-06-05 08:52:05.870000,0.0,28600,100,28635,642,28580,3026,28575,4
2020-06-05 08:52:09.060000,0.0,28600,100,28635,642,28580,3026,28575,4
2020-06-05 08:52:09.870000,0.0,28600,100,28635,642,28580,3026,28575,4
2020-06-05 08:52:11.280000,0.0,28600,100,28635,642,28580,3026,28575,4
2020-06-05 08:52:12.370000,0.0,28600,100,28635,642,28580,3026,28575,9
2020-06-05 08:52:12.770000,0.0,28600,100,28635,642,28580,3026,28575,9
2020-06-05 08:52:13.980000,0.0,28600,100,28635,642,28580,3026,28575,9
2020-06-05 08:52:14.070000,0.0,28600,100,28635,642,28580,3026,28575,9
2020-06-05 08:52:18.270000,0.0,28600,100,28635,642,28580,3029,28575,9
2020-06-05 08:52:19.270000,0.0,28600,100,28635,642,28580,3034,28575,9
2020-06-05 08:52:21.180000,0.0,28600,100,28635,642,28580,3034,28575,12
2020-06-05 08:52:21.300000,0.0,28600,100,28635,642,28580,3034,28575,12
2020-06-05 08:52:21.870000,0.0,28600,100,28635,642,28580,3034,28575,12
2020-06-05 08:52:22.470000,0.0,28600,100,28635,642,28580,3034,28575,12
2020-06-05 08:52:24.570000,0.0,28600,100,28635,642,28580,3034,28575,12
2020-06-05 08:52:24.970000,0.0,28600,100,28635,642,28580,3034,28575,12
2020-06-05 08:52:27.580000,0.0,28600,100,28635,642,28580,3034,28575,12
2020-06-05 08:52:27.770000,0.0,28600,100,28635,642,28580,3034,28575,12
2020-06-05 08:52:28.270000,0.0,28600,100,28635,642,28580,3134,28575,12
2020-06-05 08:52:28.660000,0.0,28600,100,28635,642,28580,3134,28575,12
2020-06-05 08:52:29.690000,0.0,28600,100,28635,642,28580,3134,28575,12
2020-06-05 08:52:31.380000,0.0,28600,100,28635,642,28580,3134,28575,12
2020-06-05 08:52:32.810000,0.0,28600,100,28635,642,28580,3184,28575,12
2020-06-05 08:52:32.850000,0.0,28600,100,28635,642,28580,3084,28575,12
2020-06-05 08:52:36.770000,0.0,28600,100,28635,642,28580,3084,28575,12
2020-06-05 08:52:36.900000,0.0,28600,100,28635,642,28580,3084,28575,12
2020-06-05 08:52:39.980000,0.0,28600,100,28635,642,28580,3084,28575,12
2020-06-05 08:52:47.970000,0.0,28600,100,28635,642,28580,3084,28575,12
2020-06-05 08:52:48.790000,0.0,28600,100,28635,642,28580,3084,28575,12
2020-06-05 08:52:53.110000,0.0,28600,100,28635,642,28580,3084,28575,12
2020-06-05 08:52:55.170000,0.0,28600,100,28635,642,28580,3084,28575,12
2020-06-05 08:52:55.200000,0.0,28600,100,28635,642,28580,3084,28575,12
2020-06-05 08:52:57.870000,0.0,28600,100,28635,642,28580,3084,28575,12
2020-06-05 08:52:58.670000,0.0,28600,100,28635,642,28580,3099,28575,12
2020-06-05 08:52:59.790000,0.0,28600,100,28635,642,28580,3102,28575,12
2020-06-05 08:53:05.970000,0.0,28600,100,28635,642,28580,3102,28575,12
2020-06-05 08:53:06.470000,0.0,28600,100,28635,642,28580,3202,28575,12
2020-06-05 08:53:07.470000,0.0,28600,100,28635,642,28580,3205,28575,12
2020-06-05 08:53:13.890000,0.0,28600,100,28635,642,28580,3205,28575,12
2020-06-05 08:53:13.950000,0.0,28600,100,28635,642,28580,3211,28575,12
2020-06-05 08:53:14.200000,0.0,28600,100,28635,642,28580,3213,28575,12
2020-06-05 08:53:14.930000,0.0,28600,100,28635,642,28580,3216,28575,12
2020-06-05 08:53:19.680000,0.0,28600,100,28635,642,28580,3236,28575,12
2020-06-05 08:53:22.070000,0.0,28600,100,28635,642,28580,3236,28575,12
2020-06-05 08:53:23.960000,0.0,28600,100,28635,642,28580,3238,28575,12
2020-06-05 08:53:27.670000,0.0,28600,100,28635,642,28580,3238,28575,12
2020-06-05 08:53:33.470000,0.0,28600,100,28635,642,28580,3238,28575,12
2020-06-05 08:53:33.860000,0.0,28600,100,28635,642,28580,3238,28575,12
2020-06-05 08:53:36.470000,0.0,28600,100,28635,642,28580,3238,28575,12
2020-06-05 08:53:39.860000,0.0,28600,100,28635,642,28580,3238,28575,12
2020-06-05 08:53:41.970000,0.0,28600,100,28635,642,28580,3218,28575,12
2020-06-05 08:53:42.520000,0.0,28600,100,28635,642,28580,3218,28575,12
2020-06-05 08:53:43.500000,0.0,28600,100,28635,642,28580,3218,28575,12
2020-06-05 08:53:43.970000,0.0,28600,100,28635,642,28580,3218,28575,12
2020-06-05 08:53:46.370000,0.0,28600,100,28635,642,28580,3218,28575,12
2020-06-05 08:53:47.170000,0.0,28600,100,28635,642,28580,3318,28575,12
2020-06-05 08:53:48.470000,0.0,28600,100,28635,642,28580,3318,28575,12
2020-06-05 08:53:49.470000,0.0,28600,100,28635,642,28580,3318,28575,12
2020-06-05 08:53:52.770000,0.0,28600,100,28635,642,28580,3318,28575,12
2020-06-05 08:53:53.160000,0.0,28600,100,28635,642,28580,3318,28575,12
2020-06-05 08:53:59.180000,0.0,28600,100,28635,642,28580,3318,28575,12
2020-06-05 08:54:03.720000,0.0,28600,100,28635,642,28580,3318,28575,12
2020-06-05 08:54:05.170000,0.0,28600,100,28635,642,28580,3318,28575,12
2020-06-05 08:54:10.070000,0.0,28600,100,28635,642,28580,3318,28575,12
2020-06-05 08:54:11.070000,0.0,28600,100,28635,642,28580,3328,28575,12
2020-06-05 08:54:11.780000,0.0,28600,100,28635,642,28580,3328,28575,12
2020-06-05 08:54:12.960000,0.0,28600,100,28635,642,28580,3333,28575,12
2020-06-05 08:54:13.460000,0.0,28600,100,28635,642,28580,3333,28575,12
2020-06-05 08:54:14.960000,0.0,28600,100,28635,642,28580,3333,28575,12
2020-06-05 08:54:17.070000,0.0,28600,100,28635,642,28580,3343,28575,12
2020-06-05 08:54:17.870000,0.0,28600,100,28635,642,28580,3343,28575,12
2020-06-05 08:54:18.370000,0.0,28600,100,28635,642,28580,3343,28575,12
2020-06-05 08:54:25.520000,0.0,28600,100,28635,642,28580,3344,28575,12
2020-06-05 08:54:25.770000,0.0,28600,100,28635,642,28580,3374,28575,12
2020-06-05 08:54:27.010000,0.0,28600,100,28635,642,28580,3374,28575,12
2020-06-05 08:54:28.180000,0.0,28600,100,28635,642,28580,3372,28575,12
2020-06-05 08:54:30.860000,0.0,28600,100,28635,642,28580,3372,28575,12
2020-06-05 08:54:39.360000,0.0,28600,100,28635,642,28580,3372,28575,12
2020-06-05 08:54:48.760000,0.0,28600,100,28635,642,28580,3372,28575,12
2020-06-05 08:54:50.340000,0.0,28600,100,28635,642,28580,3374,28575,12
2020-06-05 08:54:50.670000,0.0,28600,100,28635,642,28580,3374,28575,12
2020-06-05 08:54:58.870000,0.0,28600,100,28635,642,28580,3374,28575,12
2020-06-05 08:55:04.010000,0.0,28600,100,28635,642,28580,3374,28575,12
2020-06-05 08:55:09.160000,0.0,28600,100,28635,642,28580,3374,28575,12
2020-06-05 08:55:12.400000,0.0,28600,100,28635,642,28580,3374,28575,12
2020-06-05 08:55:14.490000,0.0,28600,100,28635,642,28580,3374,28575,12
2020-06-05 08:55:15.610000,0.0,28600,100,28635,642,28580,3374,28575,12
2020-06-05 08:55:16.970000,0.0,28600,100,28635,642,28580,3374,28575,12
2020-06-05 08:55:17.760000,0.0,28600,100,28635,642,28580,3374,28575,12
2020-06-05 08:55:17.900000,0.0,28600,100,28635,642,28580,3374,28575,12
2020-06-05 08:55:20.370000,0.0,28600,100,28635,642,28580,3375,28575,12
2020-06-05 08:55:23.260000,0.0,28600,100,28635,642,28580,3376,28575,12
2020-06-05 08:55:24.460000,0.0,28600,100,28635,642,28580,3376,28575,12
2020-06-05 08:55:25.070000,0.0,28600,100,28635,642,28580,3376,28575,12
2020-06-05 08:55:28.540000,0.0,28600,100,28635,642,28580,3376,28575,12
2020-06-05 08:55:32.350000,0.0,28600,100,28635,642,28580,3376,28575,12
2020-06-05 08:55:38.630000,0.0,28600,100,28635,642,28580,3376,28575,12
2020-06-05 08:55:39.710000,0.0,28600,100,28635,642,28580,3376,28575,12
2020-06-05 08:55:43.660000,0.0,28600,100,28635,642,28580,3376,28575,12
2020-06-05 08:55:46.360000,0.0,28600,100,28635,642,28580,3376,28575,12
2020-06-05 08:55:46.570000,0.0,28600,100,28635,642,28580,3376,28575,12
2020-06-05 08:55:46.860000,0.0,28600,100,28635,642,28580,3376,28575,12
2020-06-05 08:55:47.080000,0.0,28600,100,28635,642,28580,3376,28575,12
2020-06-05 08:55:47.270000,0.0,28600,100,28635,642,28580,3376,28575,12
2020-06-05 08:55:47.570000,0.0,28600,100,28635,642,28580,3376,28575,12
2020-06-05 08:55:47.860000,0.0,28600,100,28635,642,28580,3376,28575,12
2020-06-05 08:55:48.070000,0.0,28600,100,28635,642,28580,3376,28575,12
2020-06-05 08:55:48.610000,0.0,28600,100,28635,642,28580,3376,28575,12
2020-06-05 08:55:48.710000,0.0,28600,100,28635,642,28580,3376,28575,12
2020-06-05 08:55:48.860000,0.0,28600,100,28635,642,28580,3376,28575,12
2020-06-05 08:55:49.110000,0.0,28600,100,28635,642,28580,3376,28575,12
2020-06-05 08:55:49.360000,0.0,28600,100,28635,642,28580,3376,28575,12
2020-06-05 08:55:49.470000,0.0,28600,100,28635,642,28580,3376,28575,12
2020-06-05 08:55:50.160000,0.0,28600,100,28635,642,28580,3376,28575,12
2020-06-05 08:55:50.250000,0.0,28600,100,28635,642,28580,3376,28575,12
2020-06-05 08:55:50.280000,0.0,28600,100,28635,642,28580,3376,28575,12
2020-06-05 08:55:50.320000,0.0,28600,100,28635,642,28580,3376,28575,12
2020-06-05 08:55:50.470000,0.0,28600,100,28635,642,28580,3376,28575,12
2020-06-05 08:55:51.210000,0.0,28600,100,28635,642,28580,3376,28575,12
2020-06-05 08:55:51.240000,0.0,28600,100,28635,642,28580,3376,28575,12
2020-06-05 08:55:51.300000,0.0,28600,100,28635,642,28580,3376,28575,12
2020-06-05 08:55:59.270000,0.0,28600,100,28635,642,28580,3377,28575,12
2020-06-05 08:56:01.060000,0.0,28600,100,28635,642,28580,3377,28575,12
2020-06-05 08:56:04.890000,0.0,28600,100,28635,642,28580,3376,28575,12
2020-06-05 08:56:05.900000,0.0,28600,100,28635,642,28580,3376,28575,12
2020-06-05 08:56:07.900000,0.0,28600,100,28635,642,28580,3380,28575,12
2020-06-05 08:56:09.260000,0.0,28600,100,28635,642,28580,3380,28575,12
2020-06-05 08:56:11.970000,0.0,28600,100,28635,642,28580,3380,28575,12
2020-06-05 08:56:13.370000,0.0,28600,100,28635,642,28580,3380,28575,12
2020-06-05 08:56:16.870000,0.0,28600,100,28635,642,28580,3380,28575,12
2020-06-05 08:56:17.460000,0.0,28600,100,28635,642,28580,3389,28575,12
2020-06-05 08:56:19.960000,0.0,28600,100,28635,642,28580,3390,28575,12
2020-06-05 08:56:21.260000,0.0,28600,100,28635,642,28580,3390,28575,12
2020-06-05 08:56:22.370000,0.0,28600,100,28635,642,28580,3390,28575,12
2020-06-05 08:56:23.960000,0.0,28600,100,28635,642,28580,3391,28575,12
2020-06-05 08:56:26.660000,0.0,28600,100,28635,642,28580,3392,28575,12
2020-06-05 08:56:29.660000,0.0,28600,100,28635,642,28580,3391,28575,12
2020-06-05 08:56:30.240000,0.0,28600,100,28635,642,28580,3411,28575,12
2020-06-05 08:56:32.570000,0.0,28600,100,28635,642,28580,3411,28575,12
2020-06-05 08:56:32.910000,0.0,28550,11,28600,100,28545,3868,28540,55
2020-06-05 08:56:34.160000,0.0,28550,11,28600,100,28545,3848,28540,55
2020-06-05 08:56:35.080000,0.0,28550,11,28600,100,28510,4126,28505,11
2020-06-05 08:56:35.360000,0.0,28550,11,28600,100,28510,4127,28505,11
2020-06-05 08:56:40.330000,0.0,28550,11,28600,100,28500,15271,28495,4
2020-06-05 08:56:40.420000,0.0,28550,11,28600,100,28500,15266,28495,4
2020-06-05 08:56:40.670000,0.0,28550,11,28600,100,28500,15270,28495,4
2020-06-05 08:56:42.470000,0.0,28550,11,28600,100,28500,15270,28495,4
2020-06-05 08:56:43.470000,0.0,28550,11,28600,100,28500,15670,28495,4
2020-06-05 08:56:46.060000,0.0,28550,11,28600,100,28500,15674,28495,4
2020-06-05 08:56:50.170000,0.0,28550,11,28600,100,28500,15674,28495,4
2020-06-05 08:56:51.760000,0.0,28550,11,28600,100,28500,15678,28495,4
2020-06-05 08:56:51.970000,0.0,28550,11,28600,100,28500,15678,28495,4
2020-06-05 08:56:52.870000,0.0,28550,11,28600,100,28500,15678,28495,4
2020-06-05 08:56:55.260000,0.0,28550,11,28600,100,28500,15678,28495,4
2020-06-05 08:56:55.960000,0.0,28550,49,28600,100,28500,15678,28495,4
2020-06-05 08:56:56.260000,0.0,28550,49,28600,100,28500,15678,28495,4
2020-06-05 08:56:58.360000,0.0,28550,49,28600,100,28500,15678,28495,4
2020-06-05 08:56:59.770000,0.0,28550,49,28600,100,28500,15678,28495,4
2020-06-05 08:57:03.060000,0.0,28550,49,28600,100,28500,15681,28495,4
2020-06-05 08:57:03.870000,0.0,28550,49,28600,100,28500,15684,28495,4
2020-06-05 08:57:04.370000,0.0,28550,49,28600,100,28500,15684,28495,7
2020-06-05 08:57:07.040000,0.0,28550,49,28600,100,28500,15684,28495,7
2020-06-05 08:57:08.170000,0.0,28550,11,28600,100,28500,15684,28495,7
2020-06-05 08:57:09.970000,0.0,28550,11,28600,100,28500,15688,28495,7
2020-06-05 08:57:10.170000,0.0,28550,11,28600,100,28500,15688,28495,7
2020-06-05 08:57:14.010000,0.0,28550,11,28600,100,28500,15694,28495,7
2020-06-05 08:57:15.460000,0.0,28550,11,28600,100,28500,15698,28495,7
2020-06-05 08:57:17.010000,0.0,28550,11,28600,100,28500,15698,28495,7
2020-06-05 08:57:17.460000,0.0,28550,11,28600,100,28500,15698,28495,7
2020-06-05 08:57:18.200000,0.0,28550,11,28600,100,28500,15698,28495,7
2020-06-05 08:57:19.400000,0.0,28550,11,28600,100,28500,15698,28495,7
2020-06-05 08:57:21.660000,0.0,28550,11,28600,100,28500,15702,28495,7
2020-06-05 08:57:22.370000,0.0,28550,11,28600,100,28500,15702,28495,7
2020-06-05 08:57:25.490000,0.0,28550,11,28600,100,28500,15702,28495,7
2020-06-05 08:57:26.870000,0.0,28550,11,28600,100,28500,15706,28495,7
2020-06-05 08:57:27.650000,0.0,28550,11,28600,100,28500,15706,28495,7
2020-06-05 08:57:28.660000,0.0,28550,11,28600,100,28500,15706,28495,7
2020-06-05 08:57:33.380000,0.0,28550,11,28600,100,28500,15706,28495,7
2020-06-05 08:57:34.460000,0.0,28550,11,28600,100,28500,15611,28495,7
2020-06-05 08:57:37.600000,0.0,28550,11,28600,100,28500,15615,28495,7
2020-06-05 08:57:39.820000,0.0,28550,11,28600,100,28500,15615,28495,7
2020-06-05 08:57:40.470000,0.0,28550,11,28600,100,28500,15615,28495,7
2020-06-05 08:57:41.310000,0.0,28550,11,28600,100,28500,15615,28495,7
2020-06-05 08:57:42.300000,0.0,28550,11,28600,100,28500,15615,28495,7
2020-06-05 08:57:42.580000,0.0,28550,11,28600,585,28500,15615,28495,7
2020-06-05 08:57:43.560000,0.0,28550,11,28600,585,28500,15645,28495,7
2020-06-05 08:57:45.420000,0.0,28550,11,28600,585,28500,15675,28495,7
2020-06-05 08:57:47.530000,0.0,28550,11,28600,585,28500,15675,28495,7
2020-06-05 08:57:48.750000,0.0,28550,11,28600,585,28500,15675,28495,7
2020-06-05 08:57:48.840000,0.0,28550,11,28600,585,28500,15675,28495,7
2020-06-05 08:57:49.870000,0.0,28550,11,28600,585,28500,15679,28495,7
2020-06-05 08:57:50.830000,0.0,28550,11,28600,585,28500,15679,28495,7
2020-06-05 08:57:52.280000,0.0,28550,11,28600,585,28500,15679,28495,7
2020-06-05 08:57:53.280000,0.0,28550,11,28600,585,28500,15679,28495,7
2020-06-05 08:57:54.390000,0.0,28550,11,28600,585,28500,15679,28495,7
2020-06-05 08:57:55.560000,0.0,28550,11,28600,585,28500,15679,28495,11
2020-06-05 08:57:56.720000,0.0,28550,11,28600,585,28500,15679,28495,11
2020-06-05 08:57:56.870000,0.0,28550,11,28600,585,28500,15779,28495,11
2020-06-05 08:57:57.760000,0.0,28550,11,28600,585,28500,15779,28495,11
2020-06-05 08:57:58.170000,0.0,28550,11,28600,585,28500,15789,28495,11
2020-06-05 08:57:58.680000,0.0,28550,11,28600,585,28510,4593,28505,25
2020-06-05 08:57:58.970000,0.0,28550,11,28595,5000,28510,4593,28505,25
2020-06-05 08:57:59.260000,0.0,28550,11,28590,5000,28510,4593,28505,25
2020-06-05 08:58:00.370000,0.0,28550,11,28595,5000,28510,4593,28505,25
2020-06-05 08:58:01.260000,0.0,28550,11,28595,5000,28510,4593,28505,25
2020-06-05 08:58:01.460000,0.0,28550,11,28595,5000,28510,4593,28505,25
2020-06-05 08:58:02.460000,0.0,28550,11,28595,5000,28510,4593,28505,25
2020-06-05 08:58:02.670000,0.0,28550,11,28600,5585,28510,4593,28505,25
2020-06-05 08:58:02.870000,0.0,28550,11,28600,585,28510,4593,28505,25
2020-06-05 08:58:02.960000,0.0,28550,11,28600,585,28510,4593,28505,25
2020-06-05 08:58:03.170000,0.0,28550,11,28600,585,28510,4593,28505,25
2020-06-05 08:58:03.370000,0.0,28550,11,28600,585,28510,4593,28505,25
2020-06-05 08:58:03.960000,0.0,28550,11,28600,585,28510,4593,28505,25
2020-06-05 08:58:04.900000,0.0,28550,11,28600,585,28510,4593,28505,25
2020-06-05 08:58:05.260000,0.0,28550,11,28600,585,28510,4593,28505,25
2020-06-05 08:58:07.010000,0.0,28550,11,28600,585,28510,4593,28505,25
2020-06-05 08:58:07.070000,0.0,28550,11,28600,585,28510,4593,28505,25
2020-06-05 08:58:07.170000,0.0,28550,11,28600,585,28510,4593,28505,25
2020-06-05 08:58:07.570000,0.0,28550,11,28600,585,28510,4593,28505,25
2020-06-05 08:58:08.370000,0.0,28550,11,28600,585,28510,4593,28505,25
2020-06-05 08:58:09.130000,0.0,28550,11,28600,585,28510,4593,28505,25
2020-06-05 08:58:09.660000,0.0,28600,585,28635,1262,28560,4123,28555,7
2020-06-05 08:58:11.370000,0.0,28600,585,28635,1262,28560,4123,28555,7
2020-06-05 08:58:11.770000,0.0,28600,585,28635,1262,28560,4122,28555,7
2020-06-05 08:58:12.270000,0.0,28600,585,28635,1262,28560,4122,28555,7
2020-06-05 08:58:12.870000,0.0,28600,585,28635,1262,28560,4122,28555,7
2020-06-05 08:58:14.160000,0.0,28600,585,28635,1262,28560,4122,28555,7
2020-06-05 08:58:14.850000,0.0,28600,585,28635,1262,28560,4122,28555,7
2020-06-05 08:58:14.960000,0.0,28600,585,28635,1262,28560,4122,28555,7
2020-06-05 08:58:15.930000,0.0,28600,585,28635,1262,28560,4022,28555,7
2020-06-05 08:58:18.070000,0.0,28600,585,28635,1262,28560,4022,28555,7
2020-06-05 08:58:18.570000,0.0,28600,585,28635,1262,28560,4022,28555,7
2020-06-05 08:58:18.660000,0.0,28600,585,28635,1262,28560,4022,28555,7
2020-06-05 08:58:18.770000,0.0,28600,585,28635,1262,28560,4022,28555,7
2020-06-05 08:58:19.770000,0.0,28600,585,28635,1262,28560,4022,28555,7
2020-06-05 08:58:19.860000,0.0,28600,585,28635,1262,28560,4022,28555,7
2020-06-05 08:58:20.160000,0.0,28600,585,28635,1262,28560,4022,28555,8
2020-06-05 08:58:20.760000,0.0,28600,585,28635,1262,28560,4022,28555,8
2020-06-05 08:58:21.160000,0.0,28600,585,28635,1262,28560,4022,28555,8
2020-06-05 08:58:22.160000,0.0,28600,585,28635,1262,28560,4022,28555,8
2020-06-05 08:58:23.470000,0.0,28600,585,28635,4376,28560,4022,28555,8
2020-06-05 08:58:23.860000,0.0,28600,585,28635,4376,28560,5024,28555,8
2020-06-05 08:58:24.970000,0.0,28635,4376,28640,718,28620,3857,28615,4
2020-06-05 08:58:25.770000,0.0,28635,4376,28640,718,28620,3857,28615,4
2020-06-05 08:58:26.470000,0.0,28635,4376,28640,5718,28615,3861,28605,5
2020-06-05 08:58:26.990000,0.0,28635,4376,28640,5718,28615,3861,28605,5
2020-06-05 08:58:27.160000,0.0,28635,4376,28640,5718,28615,3861,28605,5
2020-06-05 08:58:28.070000,0.0,28635,9376,28640,5718,28610,3861,28605,5
2020-06-05 08:58:28.760000,0.0,28525,4280,28550,11,28520,41,28515,4
2020-06-05 08:58:29.060000,0.0,28520,4293,28525,5000,28515,4,28510,151
2020-06-05 08:58:29.370000,0.0,28520,4293,28525,5000,28515,4,28510,151
2020-06-05 08:58:30.200000,0.0,28520,4293,28525,5000,28515,4,28510,151
2020-06-05 08:58:30.260000,0.0,28520,4288,28525,5000,28515,4,28510,151
2020-06-05 08:58:33.340000,0.0,28520,4288,28525,5000,28515,4,28510,151
2020-06-05 08:58:33.370000,0.0,28520,4288,28525,5000,28515,4,28510,151
2020-06-05 08:58:37.170000,0.0,28520,4288,28525,5000,28515,4,28510,151
2020-06-05 08:58:38.180000,0.0,28520,4288,28525,5000,28515,4,28510,151
2020-06-05 08:58:38.240000,0.0,28520,4288,28525,5000,28515,4,28510,151
2020-06-05 08:58:38.670000,0.0,28550,11,28600,585,28500,7218,28495,11
2020-06-05 08:58:40.210000,0.0,28550,11,28600,585,28500,7218,28495,11
2020-06-05 08:58:40.310000,0.0,28550,11,28600,585,28500,7218,28495,11
2020-06-05 08:58:40.400000,0.0,28550,11,28600,585,28500,7218,28495,11
2020-06-05 08:58:40.460000,0.0,28550,11,28600,585,28500,7218,28495,11
2020-06-05 08:58:44.510000,0.0,28550,11,28600,585,28500,7218,28495,11
2020-06-05 08:58:44.870000,0.0,28550,11,28600,585,28500,7218,28495,11
2020-06-05 08:58:45.660000,0.0,28505,5000,28550,11,28500,12218,28495,11
2020-06-05 08:58:47.580000,0.0,28505,5000,28550,11,28500,12218,28495,11
2020-06-05 08:58:47.650000,0.0,28505,5000,28550,11,28500,12218,28495,11
2020-06-05 08:58:47.740000,0.0,28505,4107,28510,5000,28500,16325,28495,11
2020-06-05 08:58:49.070000,0.0,28510,4133,28515,5000,28505,26,28500,16325
2020-06-05 08:58:51.830000,0.0,28510,4133,28515,5000,28505,26,28500,16325
2020-06-05 08:58:54.160000,0.0,28510,4133,28515,5000,28505,26,28500,16325
2020-06-05 08:58:54.270000,0.0,28510,4133,28515,5000,28505,26,28500,16325
2020-06-05 08:58:54.470000,0.0,28510,3780,28515,5000,28505,26,28500,16325
2020-06-05 08:58:54.970000,0.0,28510,3780,28515,5000,28505,26,28500,16325
2020-06-05 08:58:55.470000,0.0,28520,3935,28525,5000,28515,4,28510,151
2020-06-05 08:58:55.600000,0.0,28520,3935,28525,5000,28515,4,28510,151
2020-06-05 08:58:56.160000,0.0,28520,3935,28525,5000,28515,4,28510,151
2020-06-05 08:58:58.170000,0.0,28520,3935,28525,5000,28515,4,28510,151
2020-06-05 08:58:58.660000,0.0,28520,3935,28525,5000,28515,4,28510,151
2020-06-05 08:59:00.770000,0.0,28520,3935,28525,5000,28515,4,28510,151
2020-06-05 08:59:01.970000,0.0,28520,3935,28525,5000,28515,4,28510,151
2020-06-05 08:59:02.560000,0.0,28520,3935,28525,5000,28515,4,28510,151
2020-06-05 08:59:03.360000,0.0,28520,3935,28525,5000,28515,4,28510,151
2020-06-05 08:59:03.770000,0.0,28520,3935,28525,5000,28515,4,28510,151
2020-06-05 08:59:03.970000,0.0,28520,3935,28525,5000,28515,4,28510,151
2020-06-05 08:59:04.500000,0.0,28520,3935,28525,5000,28515,4,28510,151
2020-06-05 08:59:05.480000,0.0,28520,3935,28525,5000,28515,4,28510,151
2020-06-05 08:59:05.670000,0.0,28520,3933,28525,5000,28515,7,28510,151
2020-06-05 08:59:06.550000,0.0,28520,3486,28525,5000,28515,7,28510,151
2020-06-05 08:59:06.640000,0.0,28520,3486,28525,5000,28515,7,28510,154
2020-06-05 08:59:07.060000,0.0,28520,3486,28525,5000,28515,7,28510,154
2020-06-05 08:59:08.670000,0.0,28520,3486,28525,5000,28515,7,28510,154
2020-06-05 08:59:08.870000,0.0,28520,3486,28525,5000,28515,7,28510,154
2020-06-05 08:59:09.760000,0.0,28520,3486,28525,5000,28515,7,28510,204
2020-06-05 08:59:10.780000,0.0,28520,3486,28525,5000,28515,7,28510,204
2020-06-05 08:59:10.840000,0.0,28520,3486,28525,5000,28515,7,28510,204
2020-06-05 08:59:11.470000,0.0,28520,3483,28525,5000,28515,7,28510,204
2020-06-05 08:59:11.760000,0.0,28520,3483,28525,5000,28515,7,28510,204
2020-06-05 08:59:11.970000,0.0,28520,3483,28525,5000,28515,7,28510,204
2020-06-05 08:59:12.170000,0.0,28520,3483,28525,5000,28515,1007,28510,204
2020-06-05 08:59:13.060000,0.0,28520,3483,28525,5000,28515,1007,28510,204
2020-06-05 08:59:13.670000,0.0,28520,3479,28525,5000,28515,1057,28510,204
2020-06-05 08:59:14.540000,0.0,28525,3534,28540,100,28520,55,28515,1057
2020-06-05 08:59:15.670000,0.0,28525,3534,28540,100,28520,55,28515,1057
2020-06-05 08:59:16.470000,0.0,28525,3534,28540,100,28520,55,28515,1057
2020-06-05 08:59:17.230000,0.0,28525,3536,28540,100,28520,55,28515,1057
2020-06-05 08:59:17.470000,0.0,28525,3536,28540,100,28520,55,28515,1057
2020-06-05 08:59:18.150000,0.0,28525,3539,28540,100,28520,55,28515,1057
2020-06-05 08:59:19.370000,0.0,28525,3539,28540,100,28520,55,28515,1057
2020-06-05 08:59:21.810000,0.0,28525,3539,28540,100,28520,55,28515,1057
2020-06-05 08:59:22.170000,0.0,28525,3569,28540,100,28520,55,28515,1057
2020-06-05 08:59:22.850000,0.0,28525,3569,28540,100,28520,55,28515,1057
2020-06-05 08:59:23.170000,0.0,28525,3569,28540,100,28520,55,28515,1062
2020-06-05 08:59:24.170000,0.0,28525,3569,28540,100,28520,55,28515,1062
2020-06-05 08:59:25.570000,0.0,28525,3569,28540,100,28520,65,28515,1062
2020-06-05 08:59:27.090000,0.0,28525,3549,28540,100,28520,65,28515,1062
2020-06-05 08:59:29.460000,0.0,28525,3549,28540,100,28520,65,28515,1062
2020-06-05 08:59:30.260000,0.0,28525,3549,28540,100,28520,65,28515,1062
2020-06-05 08:59:30.960000,0.0,28525,3549,28540,100,28520,65,28515,1062
2020-06-05 08:59:31.460000,0.0,28525,3549,28540,100,28520,65,28515,1062
2020-06-05 08:59:33.480000,0.0,28525,2549,28540,100,28520,65,28515,1062
2020-06-05 08:59:34.660000,0.0,28525,2549,28540,100,28520,65,28515,1062
2020-06-05 08:59:35.510000,0.0,28525,2549,28540,100,28520,65,28515,1062
2020-06-05 08:59:35.770000,0.0,28525,2549,28540,100,28520,65,28515,1062
2020-06-05 08:59:36.460000,0.0,28525,2549,28540,100,28520,65,28515,1062
2020-06-05 08:59:37.070000,0.0,28525,2552,28540,100,28520,65,28515,1062
2020-06-05 08:59:38.070000,0.0,28525,2555,28540,100,28520,65,28515,1062
2020-06-05 08:59:38.680000,0.0,28525,2555,28540,100,28520,65,28515,1062
2020-06-05 08:59:39.690000,0.0,28525,2682,28540,100,28520,65,28515,1062
2020-06-05 08:59:40.860000,0.0,28525,2682,28540,100,28520,65,28515,1062
2020-06-05 08:59:41.770000,0.0,28525,2682,28540,100,28520,65,28515,1062
2020-06-05 08:59:42.880000,0.0,28525,2662,28540,100,28520,65,28515,1062
2020-06-05 08:59:42.990000,0.0,28525,2662,28540,100,28520,65,28515,1062
2020-06-05 08:59:43.270000,0.0,28525,2662,28540,100,28520,65,28515,1062
2020-06-05 08:59:43.970000,0.0,28525,2662,28540,100,28520,65,28515,1062
2020-06-05 08:59:44.770000,0.0,28525,2662,28540,100,28520,65,28515,1062
2020-06-05 08:59:45.660000,0.0,28525,2662,28540,100,28520,65,28515,1062
2020-06-05 08:59:46.160000,0.0,28560,4078,28565,5000,28555,8,28550,220
2020-06-05 08:59:47.160000,0.0,28560,4078,28565,5000,28555,8,28550,220
2020-06-05 08:59:47.600000,0.0,28575,4349,28580,5000,28570,216,28565,7
2020-06-05 08:59:48.060000,0.0,28575,4349,28580,5000,28570,216,28565,7
2020-06-05 08:59:48.640000,0.0,28575,5000,28580,5000,28555,28,28550,5274
2020-06-05 08:59:50.000000,0.0,28575,5000,28580,5000,28555,33,28550,5274
2020-06-05 08:59:50.310000,0.0,28575,5000,28580,5000,28555,33,28550,5274
2020-06-05 08:59:50.720000,0.0,28580,5000,28585,5000,28560,25,28555,5062
2020-06-05 08:59:52.560000,0.0,28580,5000,28585,5000,28560,25,28555,5169
2020-06-05 08:59:53.080000,0.0,28580,5000,28585,5000,28560,25,28555,5169
2020-06-05 08:59:54.970000,0.0,28575,5000,28580,5000,28555,140,28550,5274
2020-06-05 08:59:55.770000,0.0,28560,5000,28565,5000,28555,60,28550,220
2020-06-05 08:59:56.560000,0.0,28575,5000,28580,5005,28555,160,28550,5274
2020-06-05 08:59:57.470000,0.0,28550,3718,28555,5520,28545,12,28540,59
2020-06-05 08:59:58.590000,0.0,28560,4573,28565,5000,28555,125,28550,220
2020-06-05 09:00:00.260000,0.0,28555,520,28560,15000,28550,180,28545,12
2020-06-05 09:00:01.460000,0.0,28555,520,28560,10000,28550,73,28545,112
2020-06-05 09:00:02.270000,0.0,28545,76,28550,15041,28540,59,28535,35
2020-06-05 09:00:03.370000,0.0,28545,5131,28550,15041,28540,59,28535,35
2020-06-05 09:00:04.270000,0.0,28545,131,28550,10041,28540,159,28535,35
2020-06-05 09:00:05.070000,0.0,28545,121,28550,10046,28540,59,28535,35
2020-06-05 09:00:05.960000,0.0,28545,21,28550,10046,28540,59,28535,5089
2020-06-05 09:00:06.870000,0.0,28550,2046,28555,525,28545,5029,28540,59
2020-06-05 09:00:07.870000,0.0,28550,2046,28555,525,28545,5029,28540,59
2020-06-05 09:00:08.770000,0.0,28555,525,28560,10000,28550,3140,28545,12
2020-06-05 09:00:09.570000,0.0,28555,525,28560,10000,28550,3140,28545,12
2020-06-05 09:00:10.360000,0.0,28550,1790,28555,525,28545,5066,28540,259
2020-06-05 09:00:11.070000,0.0,28555,525,28560,10000,28550,3272,28545,12
2020-06-05 09:00:11.770000,0.0,28550,1782,28555,525,28545,5066,28540,259
2020-06-05 09:00:12.460000,0.0,28555,525,28560,10000,28550,3272,28545,12
2020-06-05 09:00:13.270000,0.0,28555,525,28575,5,28550,3272,28545,12
2020-06-05 09:00:14.070000,0.0,28575,5,28580,10,28565,2472,28560,48
2020-06-05 09:00:14.770000,0.0,28575,5,28580,10,28565,2472,28560,48
2020-06-05 09:00:15.470000,0.0,28575,5,28580,10,28560,2522,28555,1018
2020-06-05 09:00:16.160000,0.0,28575,5,28580,10,28560,2522,28555,1168
2020-06-05 09:00:17.940000,0.0,28575,3468,28580,8873,28570,4400,28565,5000
2020-06-05 09:00:18.930000,0.0,28575,3468,28580,8873,28570,4400,28565,5000
2020-06-05 09:00:19.970000,0.0,28575,3468,28580,8873,28570,1929,28565,7474
2020-06-05 09:00:20.380000,0.0,28580,8873,28585,9263,28570,3883,28565,5000
2020-06-05 09:00:20.600000,0.0,28575,8081,28580,8873,28565,5000,28560,7522
2020-06-05 09:00:21.000000,0.0,28575,5000,28580,8873,28570,5000,28565,7474
2020-06-05 09:00:21.390000,0.0,28580,8873,28585,9263,28570,7474,28565,5000
2020-06-05 09:00:22.160000,0.0,28575,7166,28580,8873,28570,5000,28565,7474
2020-06-05 09:00:22.860000,0.0,28575,7166,28580,8873,28570,4445,28565,7474
2020-06-05 09:00:23.660000,0.0,28575,4310,28580,8873,28570,10000,28565,5000
2020-06-05 09:00:24.470000,0.0,28580,8873,28585,9363,28575,10002,28570,5000
2020-06-05 09:00:25.360000,0.0,28585,9363,28590,9558,28580,10000,28575,5152
2020-06-05 09:00:26.270000,0.0,28600,5000,28605,9632,28595,10000,28590,5000
2020-06-05 09:00:27.210000,0.0,28610,9533,28615,9592,28605,15000,28600,5000
2020-06-05 09:00:28.070000,0.0,28610,4533,28615,9592,28605,14998,28600,5000
2020-06-05 09:00:29.160000,0.0,28615,3031,28620,9606,28610,17500,28605,4998
2020-06-05 09:00:30.570000,0.0,28615,3054,28620,9606,28610,17498,28605,4998
2020-06-05 09:00:31.660000,0.0,28620,9606,28625,9368,28610,17498,28605,5001
2020-06-05 09:00:32.610000,0.0,28615,3078,28620,9606,28610,17498,28605,5003
2020-06-05 09:00:33.440000,0.0,28620,9606,28625,9368,28610,17498,28605,5163
2020-06-05 09:00:34.160000,0.0,28625,4368,28630,10863,28620,9999,28615,5000
2020-06-05 09:00:34.970000,0.0,28630,10763,28635,14081,28620,15000,28615,5000
2020-06-05 09:00:35.660000,0.0,28620,8000,28625,8134,28615,10000,28610,7498
2020-06-05 09:00:36.360000,0.0,28615,3000,28620,8000,28610,7498,28605,15163
2020-06-05 09:00:37.270000,0.0,28620,3000,28625,8134,28615,15000,28610,7501
2020-06-05 09:00:38.060000,0.0,28630,5763,28635,13981,28625,10000,28620,5000
2020-06-05 09:00:38.860000,0.0,28635,8981,28640,10341,28630,14995,28625,5000
2020-06-05 09:00:39.770000,0.0,28635,12437,28640,10341,28625,15000,28620,5200
2020-06-05 09:00:40.670000,0.0,28635,7437,28640,10341,28630,15000,28625,5000
2020-06-05 09:00:41.560000,0.0,28635,7437,28640,10341,28630,15000,28625,5000
2020-06-05 09:00:42.360000,0.0,28630,7999,28635,12437,28625,15000,28620,5200
2020-06-05 09:00:43.270000,0.0,28635,12437,28640,10341,28630,200,28625,14481
2020-06-05 09:00:44.060000,0.0,28635,17437,28640,10341,28630,200,28625,14481
2020-06-05 09:00:44.860000,0.0,28630,7799,28635,17787,28620,15226,28615,5012
2020-06-05 09:00:45.770000,0.0,28635,17789,28640,10341,28630,10000,28625,4481
2020-06-05 09:00:46.560000,0.0,28635,17789,28640,10341,28630,11,28625,14481
2020-06-05 09:00:47.360000,0.0,28635,7789,28640,10341,28630,15011,28625,4481
2020-06-05 09:00:48.260000,0.0,28640,10342,28645,9651,28635,17500,28630,5011
2020-06-05 09:00:49.170000,0.0,28640,10342,28645,9651,28635,2500,28630,15012
2020-06-05 09:00:50.170000,0.0,28630,4799,28635,7305,28625,10000,28620,7726
2020-06-05 09:00:51.060000,0.0,28630,7861,28635,7305,28620,17726,28615,5012
2020-06-05 09:00:51.970000,0.0,28625,8026,28630,8084,28620,2726,28615,15012
2020-06-05 09:00:52.870000,0.0,28635,4305,28640,10342,28625,14481,28620,7726
2020-06-05 09:00:53.760000,0.0,28635,15000,28640,10342,28625,14481,28620,7726
2020-06-05 09:00:54.560000,0.0,28630,7873,28635,18025,28620,17726,28615,5012
2020-06-05 09:00:55.370000,0.0,28630,7873,28635,18025,28620,17726,28615,5012
2020-06-05 09:00:56.170000,0.0,28625,7042,28630,7873,28620,2726,28615,15012
2020-06-05 09:00:57.060000,0.0,28630,7873,28635,18027,28625,2502,28620,17726
2020-06-05 09:00:57.760000,0.0,28635,18027,28640,10342,28625,16983,28620,7726
2020-06-05 09:00:58.670000,28683.51,28640,5719,28645,9653,28635,15000,28630,5000
2020-06-05 09:00:59.670000,28683.51,28640,8005,28645,9653,28630,15000,28625,6983
2020-06-05 09:01:00.570000,28683.51,28650,5000,28655,9592,28640,15000,28635,5000
2020-06-05 09:01:01.570000,28683.51,28645,5000,28650,5522,28635,15000,28630,3673
2020-06-05 09:01:02.460000,28683.51,28645,2500,28650,8198,28635,15000,28630,3673
2020-06-05 09:01:03.370000,28683.51,28640,8354,28645,5612,28635,10,28630,13673
2020-06-05 09:01:04.260000,28683.51,28650,3022,28655,9592,28640,14481,28635,832
2020-06-05 09:01:05.070000,28683.51,28645,5000,28650,3585,28635,10832,28630,4886
2020-06-05 09:01:05.960000,28683.51,28650,3586,28655,9594,28640,14831,28635,832
2020-06-05 09:01:06.870000,28683.51,28650,3586,28655,9594,28640,14831,28635,832
2020-06-05 09:01:07.760000,28683.51,28645,8039,28650,3586,28635,10832,28630,5425
2020-06-05 09:01:08.570000,28707.04,28645,5000,28650,3586,28640,5001,28635,13332
2020-06-05 09:01:09.570000,28707.04,28640,7799,28645,8122,28635,2500,28630,5425
2020-06-05 09:01:10.570000,28707.04,28640,14616,28645,8122,28635,2800,28630,5425
2020-06-05 09:01:11.570000,28707.04,28645,8122,28650,3608,28640,4616,28635,7800
2020-06-05 09:01:12.460000,28707.04,28655,5012,28660,9238,28650,1,28645,12593
2020-06-05 09:01:13.460000,28707.04,28655,12,28660,9238,28650,4998,28645,10066
2020-06-05 09:01:14.370000,28707.04,28660,7,28665,9612,28655,6488,28650,4998
2020-06-05 09:01:15.370000,28707.04,28665,5012,28670,8547,28655,6488,28650,4998
2020-06-05 09:01:16.270000,28707.04,28670,3915,28675,9624,28660,4496,28655,6488
2020-06-05 09:01:17.270000,28707.04,28680,4616,28685,14621,28670,6298,28665,5781
2020-06-05 09:01:18.270000,28707.04,28670,2496,28675,8031,28665,1300,28660,12309
2020-06-05 09:01:19.160000,28747.63,28675,8003,28680,21796,28670,1900,28665,5781
2020-06-05 09:01:20.270000,28747.63,28665,4850,28670,22402,28655,6488,28650,23220
2020-06-05 09:01:21.360000,28747.63,28660,2500,28665,7882,28655,6488,28650,23221
2020-06-05 09:01:22.370000,28747.63,28665,4240,28670,19903,28655,6189,28650,23972
2020-06-05 09:01:23.370000,28747.63,28665,8034,28670,18973,28660,150,28655,6189
2020-06-05 09:01:24.260000,28747.63,28665,3018,28670,16495,28660,1100,28655,6199
2020-06-05 09:01:25.160000,28747.63,28680,18794,28685,9621,28665,5681,28660,25598
2020-06-05 09:01:26.070000,28747.63,28680,15853,28685,9621,28665,5681,28660,24232
2020-06-05 09:01:26.960000,28747.63,28690,17090,28695,9213,28675,6188,28670,16198
2020-06-05 09:01:27.870000,28747.63,28680,5606,28685,17759,28670,1200,28665,5891
2020-06-05 09:01:28.870000,28733.09,28660,15000,28665,8862,28655,1211,28650,24
2020-06-05 09:01:29.960000,28733.09,28655,17621,28660,8223,28645,4174,28640,9667
2020-06-05 09:01:30.960000,28733.09,28655,17621,28660,8223,28645,1,28640,9667
2020-06-05 09:01:31.860000,28733.09,28655,16519,28660,8225,28645,1201,28640,9667
2020-06-05 09:01:32.770000,28733.09,28660,15202,28665,8862,28645,8696,28640,22678
2020-06-05 09:01:33.570000,28733.09,28660,14002,28665,8862,28645,8706,28640,22678
2020-06-05 09:01:34.460000,28733.09,28650,14000,28655,7663,28645,11,28640,4667
2020-06-05 09:01:35.560000,28733.09,28635,1200,28640,17017,28630,1773,28625,9984
2020-06-05 09:01:36.560000,28733.09,28625,21664,28630,8200,28620,227,28615,12
2020-06-05 09:01:37.960000,28733.09,28615,14621,28620,10580,28610,23,28605,6
2020-06-05 09:01:39.260000,28689.11,28620,2213,28625,21666,28610,4998,28605,8586
2020-06-05 09:01:40.460000,28689.11,28620,10604,28625,11379,28605,7486,28600,19638
2020-06-05 09:01:41.570000,28689.11,28615,17622,28620,9106,28600,5051,28595,19675
2020-06-05 09:01:42.770000,28689.11,28635,19017,28640,9373,28620,8039,28615,21734
2020-06-05 09:01:43.960000,28689.11,28630,14807,28635,8733,28625,400,28615,11734
2020-06-05 09:01:45.060000,28689.11,28625,111,28630,15907,28620,4998,28615,11642
2020-06-05 09:01:46.170000,28689.11,28630,1102,28635,18733,28620,8058,28615,21642
2020-06-05 09:01:47.260000,28689.11,28635,15721,28640,8980,28625,3962,28620,9158
2020-06-05 09:01:48.370000,28689.11,28630,15909,28635,8821,28620,3,28615,11655
2020-06-05 09:01:49.470000,28664.18,28625,14621,28630,8993,28615,4988,28610,9163
2020-06-05 09:01:50.470000,28664.18,28630,18957,28635,8823,28620,4988,28615,8052
2020-06-05 09:01:51.560000,28664.18,28630,15909,28635,9199,28620,8000,28615,10320
2020-06-05 09:01:52.560000,28664.18,28630,18983,28635,9199,28620,70,28615,10320
2020-06-05 09:01:53.760000,28664.18,28620,4,28625,14621,28615,4268,28610,9163
2020-06-05 09:01:54.860000,28664.18,28620,4,28630,19083,28615,12566,28610,19163
2020-06-05 09:01:56.070000,28664.18,28630,1102,28635,24578,28620,4986,28615,22596
2020-06-05 09:01:57.170000,28664.18,28630,24114,28635,14578,28615,12596,28610,19263
2020-06-05 09:01:58.260000,28664.18,28620,1,28630,24114,28615,12296,28610,19263
2020-06-05 09:01:59.360000,28663.57,28630,21102,28635,14578,28620,8004,28615,12396
2020-06-05 09:02:00.460000,28663.57,28625,20000,28630,14106,28615,12453,28610,9176
2020-06-05 09:02:01.470000,28663.57,28625,20000,28630,14106,28620,2,28615,12445
2020-06-05 09:02:02.670000,28663.57,28630,24106,28635,14578,28615,12505,28610,19176
2020-06-05 09:02:03.570000,28663.57,28630,2,28635,1478,28625,7012,28620,18027
2020-06-05 09:02:04.570000,28663.57,28630,802,28635,21478,28625,3057,28620,8047
2020-06-05 09:02:05.520000,28663.57,28630,1200,28635,21478,28625,3167,28620,8047
2020-06-05 09:02:06.460000,28663.57,28630,1200,28635,24480,28620,8044,28615,13686
2020-06-05 09:02:07.460000,28663.57,28630,1383,28635,24624,28620,8044,28615,23686
2020-06-05 09:02:08.360000,28663.57,28630,1383,28635,24624,28620,8044,28615,23686
2020-06-05 09:02:09.270000,28667.08,28630,183,28635,1478,28625,6419,28620,19244
2020-06-05 09:02:10.360000,28667.08,28635,1478,28640,20002,28625,9419,28620,20244
2020-06-05 09:02:11.470000,28667.08,28635,1578,28640,23113,28625,9419,28620,20244
2020-06-05 09:02:12.570000,28667.08,28640,2,28645,11,28635,10497,28630,17999
2020-06-05 09:02:13.570000,28667.08,28650,20164,28655,14572,28640,4976,28635,10497
2020-06-05 09:02:14.660000,28667.08,28650,161,28655,24572,28640,9959,28635,18023
2020-06-05 09:02:15.770000,28667.08,28655,2,28660,20103,28645,9537,28640,17485
2020-06-05 09:02:16.860000,28667.08,28665,2,28675,24414,28660,5380,28655,18078
2020-06-05 09:02:17.970000,28667.08,28665,2,28670,20000,28660,3504,28655,10449
2020-06-05 09:02:19.160000,28698.21,28665,21202,28670,13112,28655,3092,28650,10252
2020-06-05 09:02:20.260000,28698.21,28665,23140,28670,13112,28650,10252,28645,17063
2020-06-05 09:02:21.260000,28698.21,28665,23140,28670,13112,28660,26,28650,10252
2020-06-05 09:02:22.270000,28698.21,28660,23000,28665,13140,28650,4,28645,9434
2020-06-05 09:02:23.460000,28698.21,28660,300,28665,20002,28650,10231,28645,17063
2020-06-05 09:02:24.560000,28698.21,28660,1200,28665,23175,28650,10233,28645,17065
2020-06-05 09:02:25.670000,28698.21,28655,20000,28660,14232,28650,2,28645,7065
2020-06-05 09:02:26.660000,28698.21,28660,21202,28665,13175,28650,7929,28645,9436
2020-06-05 09:02:27.570000,28698.21,28660,23040,28665,13175,28650,100,28645,9436
2020-06-05 09:02:28.680000,28699.27,28660,2,28665,23175,28650,6777,28645,17065
2020-06-05 09:02:29.660000,28699.27,28655,20000,28660,14308,28650,100,28645,3947
2020-06-05 09:02:30.770000,28699.27,28660,24308,28665,13175,28650,101,28645,9350
2020-06-05 09:02:31.770000,28699.27,28660,23060,28665,13175,28650,4407,28645,9350
2020-06-05 09:02:32.770000,28699.27,28655,23544,28660,13184,28645,2,28640,11468
2020-06-05 09:02:34.860000,28699.27,28655,519,28660,20125,28650,5306,28645,9366
2020-06-05 09:02:35.860000,28699.27,28655,519,28660,125,28650,10757,28645,16995
2020-06-05 09:02:36.860000,28699.27,28660,125,28665,23175,28650,10757,28645,16995
2020-06-05 09:02:37.770000,28699.27,28660,125,28665,23175,28650,10757,28645,16995
2020-06-05 09:02:38.670000,28703.62,28660,125,28665,23175,28650,11913,28645,16995
2020-06-05 09:02:39.770000,28703.62,28665,2,28670,23114,28655,10390,28650,19542
2020-06-05 09:02:40.770000,28703.62,28665,2,28670,23114,28660,15717,28655,11490
2020-06-05 09:02:41.770000,28703.62,28665,2,28670,23114,28660,11260,28655,11490
2020-06-05 09:02:42.860000,28703.62,28665,2,28670,23114,28660,11260,28655,11490
2020-06-05 09:02:43.760000,28703.62,28665,20002,28670,18168,28660,11260,28655,6086
2020-06-05 09:02:44.760000,28703.62,28665,135,28670,23114,28660,11259,28655,11505
2020-06-05 09:02:45.760000,28703.62,28675,2,28680,24868,28665,5096,28660,22055
2020-06-05 09:02:46.760000,28703.62,28675,20002,28680,19922,28665,4201,28660,22055
2020-06-05 09:02:47.670000,28703.62,28670,23062,28675,18138,28660,12213,28655,11505
2020-06-05 09:02:48.670000,28728.72,28670,23056,28675,18138,28660,11013,28655,11505
2020-06-05 09:02:49.670000,28728.72,28665,23036,28670,18116,28660,12013,28655,1100
2020-06-05 09:02:50.670000,28728.72,28665,23036,28670,18124,28660,12013,28655,1100
2020-06-05 09:02:51.560000,28728.72,28670,22870,28675,18138,28660,12013,28655,11492
2020-06-05 09:02:52.560000,28728.72,28660,14885,28665,19467,28650,6406,28645,10915
2020-06-05 09:02:53.680000,28728.72,28655,23018,28660,19354,28645,2,28640,11422
2020-06-05 09:02:54.760000,28728.72,28645,23000,28650,17067,28635,2,28630,11313
2020-06-05 09:02:55.960000,28728.72,28655,24318,28660,19354,28640,4457,28635,20383
2020-06-05 09:02:57.060000,28728.72,28655,23018,28660,19354,28640,6828,28635,18012
2020-06-05 09:02:58.070000,28728.72,28655,23013,28660,19354,28640,6828,28635,18012
2020-06-05 09:02:59.070000,28729.53,28655,23013,28660,19354,28640,6309,28635,18012
2020-06-05 09:03:00.370000,28729.53,28650,18989,28655,18067,28640,3947,28635,10383
2020-06-05 09:03:01.570000,28729.53,28645,23004,28650,17093,28640,9,28635,20
2020-06-05 09:03:02.770000,28729.53,28640,1300,28645,20000,28635,5006,28630,11313
2020-06-05 09:03:03.870000,28729.53,28650,20789,28655,18067,28640,1300,28635,10419
2020-06-05 09:03:04.870000,28729.53,28655,24355,28660,19555,28645,1,28640,10712
2020-06-05 09:03:05.860000,28729.53,28650,13289,28655,18896,28645,1,28640,5338
2020-06-05 09:03:06.860000,28729.53,28640,20000,28645,18054,28635,2106,28630,4309
2020-06-05 09:03:07.960000,28717.4,28645,23000,28650,13852,28635,4986,28630,9713
2020-06-05 09:03:09.160000,28717.4,28645,20000,28650,19511,28635,8257,28630,9713
2020-06-05 09:03:10.360000,28717.4,28645,17465,28650,19387,28635,8269,28630,9913
2020-06-05 09:03:11.470000,28717.4,28645,17465,28650,19387,28635,5252,28630,9913
2020-06-05 09:03:12.460000,28717.4,28645,23024,28650,19387,28635,266,28630,9913
2020-06-05 09:03:13.570000,28717.4,28645,20000,28650,18858,28635,8290,28630,9913
2020-06-05 09:03:14.670000,28717.4,28645,20000,28650,18858,28635,5252,28630,9913
2020-06-05 09:03:15.670000,28717.4,28640,20000,28645,18078,28635,266,28630,7542
2020-06-05 09:03:16.670000,28717.4,28640,20000,28645,18078,28630,7545,28625,10884
2020-06-05 09:03:17.670000,28717.4,28645,23,28650,23804,28635,7467,28630,9916
2020-06-05 09:03:18.760000,28713.99,28640,1132,28645,20023,28635,8817,28630,9916
2020-06-05 09:03:19.760000,28713.99,28640,21132,28645,18124,28635,53,28630,7545
2020-06-05 09:03:20.760000,28713.99,28640,21132,28645,18124,28630,7545,28625,10884
2020-06-05 09:03:21.860000,28713.99,28635,23021,28640,19236,28625,6,28620,13138
2020-06-05 09:03:22.860000,28713.99,28635,23021,28640,19236,28625,9,28620,13138
2020-06-05 09:03:23.760000,28713.99,28635,19999,28640,19236,28625,3954,28620,13138
2020-06-05 09:03:24.870000,28713.99,28640,24182,28645,18124,28630,400,28625,9335
2020-06-05 09:03:25.870000,28713.99,28635,40,28640,1132,28630,10100,28625,16964
2020-06-05 09:03:26.870000,28713.99,28640,1132,28645,23070,28630,10100,28625,16964
2020-06-05 09:03:27.870000,28713.99,28640,22432,28645,18124,28635,2,28630,7729
2020-06-05 09:03:28.760000,28703.08,28635,1300,28640,12432,28630,7741,28625,9335
2020-06-05 09:03:29.870000,28703.08,28640,12432,28645,28124,28635,1090,28630,7741
2020-06-05 09:03:30.860000,28703.08,28635,2,28640,12432,28630,7741,28625,9335
2020-06-05 09:03:31.770000,28703.08,28645,23,28650,13804,28640,713,28635,10668
2020-06-05 09:03:32.860000,28703.08,28645,32,28650,13804,28640,1613,28635,10668
2020-06-05 09:03:33.860000,28703.08,28645,11332,28650,28858,28635,8082,28630,10118
2020-06-05 09:03:34.860000,28703.08,28645,10033,28650,28860,28635,8082,28630,10118
2020-06-05 09:03:35.860000,28703.08,28635,16102,28640,28097,28630,406,28625,6964
2020-06-05 09:03:36.970000,28703.08,28625,37,28630,11300,28620,9564,28615,14808
2020-06-05 09:03:38.060000,28703.08,28625,1327,28630,14338,28615,12101,28610,19851
2020-06-05 09:03:39.060000,28688.19,28625,10786,28630,29392,28620,344,28615,6640
2020-06-05 09:03:40.060000,28688.19,28620,1200,28625,10786,28615,6650,28610,12222
2020-06-05 09:03:41.160000,28688.19,28625,10786,28630,29394,28615,5244,28610,10806
2020-06-05 09:03:42.160000,28688.19,28620,2,28625,13788,28615,777,28610,10806
2020-06-05 09:03:43.160000,28688.19,28610,12884,28615,28054,28605,18,28600,8862
2020-06-05 09:03:44.270000,28688.19,28610,1199,28615,10000,28605,6537,28600,11233
2020-06-05 09:03:45.470000,28688.19,28610,1201,28615,10000,28605,6493,28600,11233
2020-06-05 09:03:46.670000,28688.19,28610,1102,28615,10222,28605,8037,28600,11233
2020-06-05 09:03:47.870000,28688.19,28610,1102,28615,10222,28605,8037,28600,11233
2020-06-05 09:03:48.960000,28693.8,28610,11203,28615,28315,28600,8872,28595,11460
2020-06-05 09:03:50.160000,28693.8,28610,1204,28615,10224,28605,4609,28600,11243
2020-06-05 09:03:51.360000,28693.8,28610,1204,28615,10224,28605,4610,28600,11243
2020-06-05 09:03:52.470000,28693.8,28610,11203,28615,28307,28605,4,28600,8873
2020-06-05 09:03:53.470000,28693.8,28610,1204,28615,10224,28605,4609,28600,11244
2020-06-05 09:03:54.470000,28693.8,28610,2,28615,14225,28600,11244,28595,19089
2020-06-05 09:03:55.470000,28693.8,28610,11099,28615,29279,28600,8873,28595,11459
2020-06-05 09:03:56.470000,28693.8,28620,1202,28625,10759,28615,1332,28610,9726
2020-06-05 09:03:57.470000,28693.8,28625,1302,28630,14340,28615,9936,28610,17456
2020-06-05 09:03:58.560000,28673.07,28625,1102,28630,14346,28615,9842,28610,17456
2020-06-05 09:03:59.760000,28673.07,28630,2,28635,11301,28625,3909,28620,19330
2020-06-05 09:04:00.970000,28673.07,28635,11101,28640,28089,28625,3909,28620,19330
2020-06-05 09:04:02.060000,28673.07,28630,517,28635,11101,28625,6896,28620,19330
2020-06-05 09:04:03.060000,28673.07,28635,2,28640,10001,28630,4197,28625,19267
2020-06-05 09:04:04.170000,28673.07,28635,2,28640,10003,28630,7207,28625,19267
2020-06-05 09:04:05.170000,28673.07,28630,4506,28635,11001,28620,19331,28615,7471
2020-06-05 09:04:06.260000,28673.07,28630,1099,28635,19076,28620,16960,28615,9842
2020-06-05 09:04:07.370000,28673.07,28635,11001,28640,28161,28625,6884,28620,19394
2020-06-05 09:04:08.460000,28673.07,28635,1002,28640,13033,28630,4197,28625,19255
2020-06-05 09:04:09.560000,28658.69,28640,3,28645,14753,28630,19692,28625,6884
2020-06-05 09:04:10.660000,28658.69,28640,14036,28645,29807,28630,4307,28625,19255
2020-06-05 09:04:11.660000,28658.69,28640,1003,28645,14753,28630,19704,28625,6884
2020-06-05 09:04:12.660000,28658.69,28640,12003,28645,29807,28630,4296,28625,19255
2020-06-05 09:04:13.770000,28658.69,28635,9999,28640,30125,28630,110,28625,6884
2020-06-05 09:04:14.660000,28658.69,28640,12003,28645,29807,28630,7305,28625,19255
2020-06-05 09:04:15.770000,28658.69,28630,86,28635,11099,28625,6884,28620,19394
2020-06-05 09:04:16.770000,28658.69,28635,11099,28640,30085,28625,6884,28620,19394
2020-06-05 09:04:17.770000,28658.69,28630,1,28635,11099,28625,6884,28620,19394
2020-06-05 09:04:18.770000,28655.9,28625,12778,28630,29165,28620,1,28615,7471
2020-06-05 09:04:19.860000,28655.9,28625,1249,28630,14121,28620,1,28615,19842
2020-06-05 09:04:20.970000,28655.9,28625,11806,28630,30175,28620,1,28615,7471
2020-06-05 09:04:22.060000,28655.9,28630,2111,28635,1102,28625,24326,28620,7284
2020-06-05 09:04:23.060000,28655.9,28640,10003,28645,29807,28630,1950,28625,19283
2020-06-05 09:04:24.060000,28655.9,28640,8381,28645,29807,28630,5037,28625,19283
2020-06-05 09:04:25.060000,28655.9,28635,9999,28640,26445,28625,6912,28620,19655
2020-06-05 09:04:26.060000,28655.9,28640,11391,28645,29807,28630,5000,28625,19283
2020-06-05 09:04:27.060000,28655.9,28640,8381,28645,29807,28630,5000,28625,19283
2020-06-05 09:04:27.970000,28655.9,28640,8381,28645,29961,28630,5001,28625,19283
2020-06-05 09:04:28.970000,28663.64,28640,8381,28645,29961,28630,5001,28625,19283
2020-06-05 09:04:29.970000,28663.64,28635,9357,28640,26437,28625,6912,28620,19657
2020-06-05 09:04:30.860000,28663.64,28635,10457,28640,26437,28625,6393,28620,19657
2020-06-05 09:04:31.760000,28663.64,28635,10457,28640,26437,28630,1,28625,3360
2020-06-05 09:04:32.560000,28663.64,28630,1100,28635,10457,28625,3360,28620,19657
2020-06-05 09:04:33.360000,28663.64,28625,350,28630,11100,28620,6986,28615,19842
2020-06-05 09:04:34.260000,28663.64,28625,1401,28630,11100,28620,3940,28615,19842
2020-06-05 09:04:35.170000,28663.64,28625,10848,28630,29178,28620,3,28615,7471
2020-06-05 09:04:36.170000,28663.64,28625,1391,28630,14124,28620,3937,28615,19842
2020-06-05 09:04:37.060000,28663.64,28630,1100,28635,1100,28625,21794,28620,6985
2020-06-05 09:04:38.170000,28663.64,28640,1100,28645,10288,28635,238,28630,19272
2020-06-05 09:04:39.170000,28661.3,28640,1100,28645,10288,28635,4467,28630,19272
2020-06-05 09:04:40.060000,28661.3,28640,2,28645,10288,28635,4467,28630,19272
2020-06-05 09:04:40.960000,28661.3,28640,2,28645,10288,28635,7489,28630,19272
2020-06-05 09:04:41.870000,28661.3,28640,13383,28645,28384,28630,6901,28625,21805
2020-06-05 09:04:42.860000,28661.3,28635,4835,28640,11447,28625,21805,28620,6998
2020-06-05 09:04:43.860000,28661.3,28635,15292,28640,26501,28625,9434,28620,19369
2020-06-05 09:04:44.660000,28661.3,28635,14192,28640,26501,28625,5011,28620,19369
2020-06-05 09:04:45.660000,28661.3,28625,1703,28630,14840,28620,6998,28615,21906
2020-06-05 09:04:46.570000,28661.3,28630,4840,28635,10459,28625,8069,28620,20433
2020-06-05 09:04:47.560000,28661.3,28635,5937,28640,11447,28630,4274,28625,20440
2020-06-05 09:04:48.470000,28661.3,28640,5937,28645,13330,28635,7553,28630,19310
2020-06-05 09:04:49.470000,28668.3,28645,5023,28650,15349,28640,5000,28635,21739
2020-06-05 09:04:50.560000,28668.3,28645,13823,28650,30403,28635,9368,28630,19310
2020-06-05 09:04:51.560000,28668.3,28645,13823,28650,30403,28635,9368,28630,19310
2020-06-05 09:04:52.560000,28668.3,28640,49,28645,13823,28635,9368,28630,19310
2020-06-05 09:04:53.560000,28668.3,28640,49,28645,13823,28635,9368,28630,19310
2020-06-05 09:04:54.470000,28668.3,28640,13166,28645,27052,28630,6949,28625,20642
2020-06-05 09:04:55.470000,28668.3,28640,5885,28645,11998,28630,19321,28625,8271
2020-06-05 09:04:56.470000,28668.3,28640,52,28645,13823,28635,8017,28630,19321
2020-06-05 09:04:57.560000,28668.3,28640,4835,28645,9488,28635,8017,28630,19321
2020-06-05 09:04:58.670000,28683.13,28640,4835,28645,9488,28635,3867,28630,19321
2020-06-05 09:04:59.670000,28683.13,28640,6587,28645,9488,28635,6839,28630,19321
2020-06-05 09:05:00.760000,28683.13,28640,1852,28645,14223,28635,6839,28630,19361
2020-06-05 09:05:01.760000,28683.13,28635,1255,28640,15068,28630,6990,28625,20642
2020-06-05 09:05:02.860000,28683.13,28635,1190,28640,15068,28630,6990,28625,20642
2020-06-05 09:05:03.760000,28683.13,28640,8187,28645,12490,28635,3806,28630,19361
2020-06-05 09:05:04.860000,28683.13,28640,14268,28645,27564,28630,6990,28625,20642
2020-06-05 09:05:05.860000,28683.13,28640,6987,28645,9492,28635,4603,28630,19361
2020-06-05 09:05:06.860000,28683.13,28645,14227,28650,30536,28640,433,28635,7562
2020-06-05 09:05:07.960000,28683.13,28640,5178,28645,9492,28635,7562,28630,19381
2020-06-05 09:05:08.870000,28689.29,28645,5427,28650,15482,28640,4875,28635,19934
2020-06-05 09:05:09.870000,28689.29,28645,5427,28650,15491,28635,19934,28630,7010
2020-06-05 09:05:10.870000,28689.29,28645,692,28650,6199,28640,20256,28635,7563
2020-06-05 09:05:11.870000,28689.29,28650,4899,28655,14627,28645,5000,28640,20256
2020-06-05 09:05:12.760000,28689.29,28650,164,28655,14737,28645,5000,28640,20256
2020-06-05 09:05:13.670000,28689.29,28650,4899,28655,10002,28645,5000,28640,20256
2020-06-05 09:05:14.560000,28689.29,28655,2403,28660,14323,28650,1082,28645,20423
2020-06-05 09:05:15.560000,28689.29,28660,342,28665,9884,28655,3803,28650,19870
2020-06-05 09:05:16.560000,28689.29,28665,2603,28670,8832,28655,19237,28650,7499
2020-06-05 09:05:17.660000,28689.29,28665,2603,28670,8832,28660,4875,28655,19237
2020-06-05 09:05:18.570000,28679.82,28665,202,28670,2433,28660,7915,28655,21920
2020-06-05 09:05:19.870000,28679.82,28665,202,28670,12433,28660,7887,28655,21720
2020-06-05 09:05:21.160000,28679.82,28665,1402,28670,12433,28660,7887,28655,21720
2020-06-05 09:05:22.260000,28679.82,28665,99,28670,12433,28660,7066,28655,21720
2020-06-05 09:05:23.260000,28679.82,28665,3700,28670,13097,28655,21720,28650,7499
2020-06-05 09:05:24.370000,28679.82,28665,2500,28670,10032,28660,4053,28655,21720
2020-06-05 09:05:25.260000,28679.82,28665,2500,28670,13074,28655,21720,28650,7499
2020-06-05 09:05:26.260000,28679.82,28665,13700,28670,29128,28655,6666,28650,22553
2020-06-05 09:05:27.260000,28679.82,28655,2400,28660,12411,28650,7499,28645,23106
2020-06-05 09:05:28.270000,28679.82,28655,16001,28660,28099,28645,8052,28640,23651
2020-06-05 09:05:29.270000,28687.24,28655,16001,28660,29099,28645,5001,28640,23651
2020-06-05 09:05:30.270000,28687.24,28650,2401,28655,16643,28645,5001,28640,23651
2020-06-05 09:05:31.160000,28687.24,28650,1200,28655,16001,28645,4481,28640,23644
2020-06-05 09:05:32.160000,28687.24,28650,3601,28655,16630,28645,4481,28640,23645
2020-06-05 09:05:33.070000,28687.24,28650,3601,28655,17630,28645,4481,28640,23645
2020-06-05 09:05:34.070000,28687.24,28655,16001,28660,28240,28645,7515,28640,23645
2020-06-05 09:05:34.960000,28687.24,28655,2400,28660,16587,28650,3898,28645,22569
2020-06-05 09:05:35.960000,28687.24,28655,3600,28660,16587,28650,3898,28645,22569
2020-06-05 09:05:36.860000,28687.24,28650,19435,28655,31657,28640,4057,28635,24777
2020-06-05 09:05:37.860000,28687.24,28645,12401,28650,29648,28640,2,28635,9723
2020-06-05 09:05:38.970000,28703.25,28650,17995,28655,31657,28640,4054,28635,24777
2020-06-05 09:05:39.860000,28703.25,28650,136,28655,16006,28645,4381,28640,22201
2020-06-05 09:05:40.970000,28703.25,28650,13737,28655,32680,28640,7147,28635,24777
2020-06-05 09:05:41.860000,28703.25,28650,13737,28655,32680,28640,7147,28635,24777
2020-06-05 09:05:42.770000,28703.25,28650,16758,28655,31680,28640,4054,28635,24777
2020-06-05 09:05:43.770000,28703.25,28650,138,28655,19027,28645,4379,28640,22128
2020-06-05 09:05:44.660000,28703.25,28650,15101,28655,32680,28640,4064,28635,24777
2020-06-05 09:05:45.660000,28703.25,28645,12078,28650,29277,28640,11,28635,9723
2020-06-05 09:05:46.670000,28703.25,28645,12078,28650,29277,28640,11,28635,10723
2020-06-05 09:05:47.560000,28703.25,28640,2078,28645,10000,28635,10723,28630,23621
2020-06-05 09:05:48.470000,28703.25,28645,12078,28650,30279,28635,10724,28630,23621
2020-06-05 09:05:49.260000,28708.11,28640,2,28645,12078,28635,10724,28630,23621
2020-06-05 09:05:50.260000,28708.11,28650,17303,28655,31705,28640,4053,28635,25778
2020-06-05 09:05:51.160000,28708.11,28650,12080,28655,31705,28640,3853,28635,25778
2020-06-05 09:05:52.070000,28708.11,28650,12080,28655,32705,28640,6778,28635,25778
2020-06-05 09:05:52.960000,28708.11,28650,12080,28655,32707,28640,3738,28635,25778
2020-06-05 09:05:53.960000,28708.11,28645,2078,28650,29379,28635,10724,28630,23621
2020-06-05 09:05:54.960000,28708.11,28645,3378,28650,29389,28640,99,28635,10724
2020-06-05 09:05:55.870000,28708.11,28645,3278,28650,14035,28640,4949,28635,25778
2020-06-05 09:05:56.770000,28708.11,28645,2,28650,12090,28640,4949,28635,25778
2020-06-05 09:05:57.660000,28708.11,28645,2,28650,15142,28640,5949,28635,25778
2020-06-05 09:05:58.460000,28706.72,28645,2,28650,16142,28640,5949,28635,25777
2020-06-05 09:05:59.360000,28706.72,28645,12780,28650,29118,28640,1000,28635,10723
2020-06-05 09:06:00.360000,28706.72,28645,12080,28650,29118,28640,481,28635,10723
2020-06-05 09:06:01.360000,28706.72,28645,10002,28650,16142,28640,5430,28635,25777
2020-06-05 09:06:02.360000,28706.72,28645,10002,28650,16142,28640,5430,28635,25777
2020-06-05 09:06:03.260000,28706.72,28645,2,28650,16142,28640,5430,28635,25777
2020-06-05 09:06:04.170000,28706.72,28645,12080,28650,29118,28640,981,28635,10723
2020-06-05 09:06:04.960000,28706.72,28645,12766,28650,29118,28640,1087,28635,11336
2020-06-05 09:06:05.870000,28706.72,28640,15781,28645,29048,28635,1714,28630,3976
2020-06-05 09:06:06.760000,28706.72,28635,1026,28640,12877,28630,3976,28625,24074
2020-06-05 09:06:07.760000,28706.72,28635,11026,28640,28991,28630,3976,28625,9020
2020-06-05 09:06:08.760000,28704.15,28635,861,28640,13958,28630,3976,28625,9020
2020-06-05 09:06:09.870000,28704.15,28635,2061,28640,13958,28630,3976,28625,9020
2020-06-05 09:06:10.870000,28704.15,28635,11561,28640,29012,28630,3976,28625,9020
2020-06-05 09:06:11.870000,28704.15,28630,11200,28635,29668,28625,6,28620,9687
2020-06-05 09:06:12.760000,28704.15,28630,14229,28635,29668,28620,5076,28615,24684
2020-06-05 09:06:13.660000,28704.15,28625,9990,28630,30283,28620,5076,28615,9630
2020-06-05 09:06:14.760000,28704.15,28630,15229,28635,29668,28620,5076,28615,24684
2020-06-05 09:06:15.870000,28704.15,28630,15229,28635,29668,28625,101,28620,5016
2020-06-05 09:06:16.760000,28704.15,28625,418,28630,14229,28620,5016,28615,24684
2020-06-05 09:06:17.760000,28704.15,28635,14614,28640,28012,28625,4278,28620,23092
2020-06-05 09:06:18.870000,28686.38,28635,760,28640,12958,28630,3888,28625,7293
2020-06-05 09:06:19.870000,28686.38,28635,10760,28640,28012,28630,3883,28625,7293
2020-06-05 09:06:20.870000,28686.38,28635,13257,28640,25512,28625,7293,28620,23393
2020-06-05 09:06:21.870000,28686.38,28635,13257,28640,25512,28625,7393,28620,23393
2020-06-05 09:06:22.760000,28686.38,28635,13257,28640,25512,28630,1,28625,7394
2020-06-05 09:06:23.660000,28686.38,28630,11201,28635,32561,28625,111,28620,8339
2020-06-05 09:06:24.660000,28686.38,28630,11201,28635,32561,28620,8336,28615,24684
2020-06-05 09:06:25.570000,28686.38,28635,17507,28640,25512,28625,4278,28620,23390
2020-06-05 09:06:26.460000,28686.38,28635,13257,28640,25512,28630,3883,28625,7332
2020-06-05 09:06:27.390000,28686.38,28635,3257,28640,10458,28630,3883,28625,22386
2020-06-05 09:06:28.360000,28701.9,28640,12444,28645,29048,28630,6885,28625,22386
2020-06-05 09:06:29.360000,28701.9,28640,81,28645,18994,28635,5000,28630,22039
2020-06-05 09:06:30.360000,28701.9,28640,12444,28645,29048,28630,6988,28625,22387
2020-06-05 09:06:31.270000,28701.9,28640,1281,28645,18994,28635,4980,28630,22042
2020-06-05 09:06:32.270000,28701.9,28640,81,28645,15888,28635,8002,28630,22042
2020-06-05 09:06:33.060000,28701.9,28650,118,28655,18622,28645,5877,28640,23011
2020-06-05 09:06:34.060000,28701.9,28650,118,28655,18622,28645,8886,28640,23011
2020-06-05 09:06:34.860000,28701.9,28650,118,28655,18622,28645,5877,28640,23014
2020-06-05 09:06:35.770000,28701.9,28655,18622,28660,29746,28645,8929,28640,23014
2020-06-05 09:06:36.560000,28701.9,28655,2422,28660,15060,28650,6915,28645,23947
2020-06-05 09:06:37.560000,28701.9,28650,2,28655,18622,28645,8882,28640,23014
2020-06-05 09:06:38.560000,28687.89,28655,2422,28660,15060,28650,5769,28645,23932
2020-06-05 09:06:39.470000,28687.89,28655,2422,28660,18110,28650,2750,28645,24332
2020-06-05 09:06:40.470000,28687.89,28660,60,28665,17149,28655,4562,28650,20834
2020-06-05 09:06:41.470000,28687.89,28655,785,28660,16260,28650,2750,28645,24332
2020-06-05 09:06:42.470000,28687.89,28655,785,28660,16260,28650,5768,28645,24332
2020-06-05 09:06:43.470000,28687.89,28665,5149,28670,19648,28660,5480,28655,20607
2020-06-05 09:06:44.470000,28687.89,28660,7510,28665,12512,28655,2500,28650,20822
2020-06-05 09:06:45.360000,28687.89,28665,12512,28670,34702,28655,8052,28650,20822
2020-06-05 09:06:46.360000,28687.89,28665,12112,28670,34702,28655,4480,28650,20822
2020-06-05 09:06:47.360000,28687.89,28665,4749,28670,19648,28655,22560,28650,5768
2020-06-05 09:06:48.260000,28687.89,28665,12112,28670,34702,28655,7506,28650,20822
2020-06-05 09:06:49.260000,28713.51,28665,12112,28670,34702,28655,7507,28650,20822
2020-06-05 09:06:50.260000,28713.51,28670,5012,28675,19651,28665,4257,28660,21842
2020-06-05 09:06:51.360000,28713.51,28665,2500,28670,16221,28660,6814,28655,22561
2020-06-05 09:06:52.460000,28713.51,28665,2500,28670,16221,28660,6815,28655,22561
2020-06-05 09:06:53.460000,28713.51,28670,16221,28675,34705,28660,6815,28655,22561
2020-06-05 09:06:54.350000,28713.51,28670,16221,28675,34705,28660,6815,28655,22561
2020-06-05 09:06:55.350000,28713.51,28670,5021,28675,19651,28665,1,28660,21869
2020-06-05 09:06:56.260000,28713.51,28670,5021,28675,19660,28665,2271,28660,21858
2020-06-05 09:06:57.260000,28713.51,28665,228,28670,5021,28660,21858,28655,7507
2020-06-05 09:06:58.170000,28713.51,28665,9,28670,15031,28660,6804,28655,22561
2020-06-05 09:06:59.170000,28722.86,28670,4571,28675,15038,28665,3993,28660,21858
2020-06-05 09:07:00.260000,28722.86,28665,3060,28670,4571,28660,21859,28655,7507
2020-06-05 09:07:01.290000,28722.86,28665,5163,28670,14571,28660,3066,28655,22561
2020-06-05 09:07:02.160000,28722.86,28665,5162,28670,14571,28660,3066,28655,22561
2020-06-05 09:07:03.160000,28722.86,28665,5162,28670,14571,28660,3066,28655,22561
2020-06-05 09:07:04.050000,28722.86,28665,13428,28670,32657,28655,7465,28650,20822
2020-06-05 09:07:04.960000,28722.86,28660,4249,28665,13428,28655,7465,28650,20822
2020-06-05 09:07:05.870000,28722.86,28660,4649,28665,16445,28655,1,28650,20822
2020-06-05 09:07:06.660000,28722.86,28665,7265,28670,17603,28655,22567,28650,5768
2020-06-05 09:07:07.460000,28722.86,28665,6165,28670,17603,28655,22453,28650,5768
2020-06-05 09:07:08.460000,28722.86,28665,6665,28670,17603,28655,22291,28650,5768
2020-06-05 09:07:09.260000,28725.62,28665,1125,28670,14571,28660,8042,28655,22291
2020-06-05 09:07:10.260000,28725.62,28665,7325,28670,14571,28660,5000,28655,22291
2020-06-05 09:07:11.160000,28725.62,28660,3089,28665,7325,28655,22291,28650,5771
2020-06-05 09:07:12.160000,28725.62,28665,7325,28670,17594,28655,22280,28650,5771
2020-06-05 09:07:13.160000,28725.62,28665,6125,28670,14571,28660,8049,28655,22280
2020-06-05 09:07:14.070000,28725.62,28665,6125,28670,17591,28655,22280,28650,5771
2020-06-05 09:07:14.860000,28725.62,28665,7225,28670,17591,28655,22280,28650,5771
2020-06-05 09:07:15.860000,28725.62,28665,6125,28670,17591,28655,22280,28650,5771
2020-06-05 09:07:16.860000,28725.62,28665,6125,28670,14571,28660,8034,28655,22280
2020-06-05 09:07:17.660000,28725.62,28665,7056,28670,14571,28660,1,28655,22280
2020-06-05 09:07:18.460000,28725.62,28665,7056,28670,14571,28655,22272,28650,5771
2020-06-05 09:07:19.460000,28728.12,28665,2056,28670,4571,28660,23116,28655,7218
2020-06-05 09:07:20.360000,28728.12,28665,7056,28670,14571,28660,8062,28655,22272
2020-06-05 09:07:21.270000,28728.12,28665,2056,28670,4571,28660,23116,28655,7218
2020-06-05 09:07:22.160000,28728.12,28665,7056,28670,14571,28660,8011,28655,22272
2020-06-05 09:07:23.060000,28728.12,28665,2056,28670,4571,28660,23065,28655,7218
2020-06-05 09:07:23.950000,28728.12,28670,4571,28675,15038,28665,3122,28660,23065
2020-06-05 09:07:24.950000,28728.12,28665,2500,28670,4571,28660,23065,28655,7218
2020-06-05 09:07:26.860000,28728.12,28675,5048,28680,14521,28665,25626,28660,8011
2020-06-05 09:07:27.770000,28728.12,28675,5048,28680,14521,28665,25626,28660,8011
2020-06-05 09:07:28.760000,28740.41,28675,5151,28680,14461,28670,3050,28665,25878
2020-06-05 09:07:29.670000,28740.41,28670,7232,28675,5151,28665,25878,28660,8011
2020-06-05 09:07:30.660000,28740.41,28675,151,28680,4461,28670,23066,28665,10824
2020-06-05 09:07:31.660000,28740.41,28675,5151,28680,4461,28670,8013,28665,25878
2020-06-05 09:07:32.460000,28740.41,28675,151,28680,4461,28670,20567,28665,10824
2020-06-05 09:07:33.460000,28740.41,28675,151,28680,4461,28670,23074,28665,10824
2020-06-05 09:07:34.460000,28740.41,28675,151,28680,4461,28670,23747,28665,10824
2020-06-05 09:07:35.460000,28740.41,28675,151,28680,4461,28670,23747,28665,10824
2020-06-05 09:07:36.260000,28740.41,28680,212,28685,5591,28675,19047,28670,8693
2020-06-05 09:07:37.260000,28740.41,28685,591,28690,5625,28680,22811,28675,7101
2020-06-05 09:07:38.160000,28740.41,28685,5480,28690,16842,28675,22055,28670,9804
2020-06-05 09:07:39.160000,28757.66,28675,13792,28680,20403,28670,773,28665,25626
2020-06-05 09:07:40.160000,28757.66,28675,10294,28680,23419,28670,773,28665,25626
2020-06-05 09:07:41.260000,28757.66,28675,11394,28680,20403,28665,25626,28660,10448
2020-06-05 09:07:42.360000,28757.66,28675,10296,28680,20403,28670,103,28665,25626
2020-06-05 09:07:43.360000,28757.66,28670,3611,28675,29547,28665,2500,28660,24391
2020-06-05 09:07:44.250000,28757.66,28670,3605,28675,29547,28665,5188,28660,24391
2020-06-05 09:07:45.250000,28757.66,28670,4195,28675,29547,28660,24391,28655,9567
2020-06-05 09:07:46.160000,28757.66,28670,4446,28675,29547,28660,24391,28655,9567
2020-06-05 09:07:47.070000,28757.66,28670,3936,28675,29547,28660,24391,28655,9567
2020-06-05 09:07:47.860000,28757.66,28670,4436,28675,29597,28660,24392,28655,9567
2020-06-05 09:07:48.770000,28756.15,28670,3,28675,11546,28665,19723,28660,10449
2020-06-05 09:07:49.770000,28756.15,28675,10345,28680,23422,28665,22756,28660,10449
2020-06-05 09:07:50.770000,28756.15,28675,10345,28680,23422,28665,22753,28660,10449
2020-06-05 09:07:51.560000,28756.15,28675,10345,28680,23422,28665,22753,28660,10449
2020-06-05 09:07:53.160000,28756.15,28670,5000,28675,26689,28660,25392,28655,9567
2020-06-05 09:07:54.060000,28756.15,28675,11645,28680,23422,28665,22726,28660,11449
2020-06-05 09:07:54.860000,28756.15,28670,5000,28675,26689,28660,25392,28655,9567
2020-06-05 09:07:55.660000,28756.15,28670,6300,28675,26689,28660,25392,28655,9570
2020-06-05 09:07:56.380000,28756.15,28670,6301,28675,26689,28660,25392,28655,9570
2020-06-05 09:07:57.160000,28756.15,28665,8,28670,6301,28660,25392,28655,9570
2020-06-05 09:07:58.160000,28756.15,28665,5008,28670,21355,28660,1004,28655,23513
2020-06-05 09:07:59.160000,28757.84,28655,10337,28660,20603,28650,3,28645,24292
2020-06-05 09:08:00.560000,28757.84,28650,1,28655,7506,28645,24292,28640,10525
2020-06-05 09:08:01.760000,28757.84,28650,5000,28655,25585,28640,24468,28635,9560
2020-06-05 09:08:02.870000,28757.84,28645,5000,28650,24380,28635,18949,28630,9929
2020-06-05 09:08:03.970000,28757.84,28645,6296,28650,24380,28635,18949,28630,9929
2020-06-05 09:08:04.970000,28757.84,28640,4234,28645,24456,28635,407,28630,23872
2020-06-05 09:08:05.960000,28757.84,28640,4234,28645,24458,28635,4300,28630,23872
2020-06-05 09:08:06.870000,28757.84,28640,2,28645,6298,28635,22381,28630,9949
2020-06-05 09:08:07.870000,28757.84,28645,6298,28650,25380,28640,1,28635,22381
2020-06-05 09:08:08.760000,28691.16,28645,2,28650,6302,28640,22437,28635,8599
2020-06-05 09:08:09.670000,28691.16,28650,6302,28655,25585,28640,22437,28635,8599
2020-06-05 09:08:10.670000,28691.16,28645,5170,28650,25378,28640,1,28635,22542
2020-06-05 09:08:11.650000,28691.16,28640,4222,28645,24355,28635,568,28630,23902
2020-06-05 09:08:12.560000,28691.16,28645,9301,28650,24383,28635,18947,28630,9959
2020-06-05 09:08:13.370000,28691.16,28645,6289,28650,24383,28635,21971,28630,9959
2020-06-05 09:08:14.370000,28691.16,28645,5829,28650,25383,28635,21971,28630,9959
2020-06-05 09:08:15.260000,28691.16,28645,1300,28650,6307,28640,19791,28635,8028
2020-06-05 09:08:16.260000,28691.16,28650,1307,28655,11541,28645,21018,28640,8598
2020-06-05 09:08:17.370000,28691.16,28650,6307,28655,26595,28640,22385,28635,8037
2020-06-05 09:08:18.460000,28691.16,28645,1132,28650,6307,28640,22384,28635,8037
2020-06-05 09:08:19.370000,28709.15,28645,6961,28650,25470,28640,59,28635,23091
2020-06-05 09:08:20.370000,28709.15,28645,6961,28650,26470,28640,59,28635,23091
2020-06-05 09:08:21.460000,28709.15,28640,5132,28645,26148,28635,32,28630,25013
2020-06-05 09:08:22.570000,28709.15,28640,5132,28645,26148,28630,23415,28625,10298
2020-06-05 09:08:23.570000,28709.15,28640,5132,28645,26148,28630,23244,28625,10298
2020-06-05 09:08:24.660000,28709.15,28640,2,28645,6963,28635,20058,28630,8190
2020-06-05 09:08:25.660000,28709.15,28640,5133,28645,26140,28630,23244,28625,10298
2020-06-05 09:08:26.660000,28709.15,28640,2500,28645,9975,28635,20058,28630,8191
2020-06-05 09:08:27.570000,28709.15,28640,7532,28645,27140,28630,23245,28625,10298
2020-06-05 09:08:28.570000,28699.88,28640,7532,28645,27140,28635,500,28630,23245
2020-06-05 09:08:29.460000,28699.88,28640,2500,28645,10975,28635,20558,28630,8391
2020-06-05 09:08:30.460000,28699.88,28640,6332,28645,27140,28635,3874,28630,23445
2020-06-05 09:08:31.360000,28699.88,28640,6332,28645,10975,28635,4985,28630,23455
2020-06-05 09:08:32.160000,28699.88,28640,2500,28645,6963,28635,22618,28630,8401
2020-06-05 09:08:33.060000,28699.88,28645,6963,28650,25470,28640,5000,28635,22618
2020-06-05 09:08:33.950000,28699.88,28640,6852,28645,6963,28635,22618,28630,8401
2020-06-05 09:08:34.860000,28699.88,28640,3020,28645,6963,28635,23047,28630,8401
2020-06-05 09:08:35.660000,28699.88,28640,1932,28645,12017,28635,4985,28630,23455
2020-06-05 09:08:36.660000,28699.88,28645,7963,28650,25471,28635,20039,28630,8401
2020-06-05 09:08:37.470000,28699.88,28640,5000,28645,22122,28635,4174,28630,23455
2020-06-05 09:08:38.360000,28699.88,28645,6972,28650,25471,28640,100,28635,23366
2020-06-05 09:08:39.060000,28707.75,28640,2500,28645,6972,28635,23366,28630,8401
2020-06-05 09:08:40.060000,28707.75,28645,6972,28650,26471,28640,2500,28635,23366
2020-06-05 09:08:40.970000,28707.75,28640,2499,28645,5672,28635,23366,28630,8401
2020-06-05 09:08:41.860000,28707.75,28640,1331,28645,5672,28635,23371,28630,8401
2020-06-05 09:08:42.650000,28707.75,28645,1143,28650,6307,28640,24476,28635,8317
2020-06-05 09:08:43.560000,28707.75,28650,2844,28655,24970,28640,24476,28635,8317
2020-06-05 09:08:44.360000,28707.75,28645,5829,28650,19999,28640,298,28635,23371
2020-06-05 09:08:45.060000,28707.75,28645,5829,28650,20005,28635,23371,28630,8401
2020-06-05 09:08:45.970000,28707.75,28645,5828,28650,20005,28635,23371,28630,8401
2020-06-05 09:08:46.760000,28707.75,28645,5828,28650,23007,28635,20346,28630,8401
2020-06-05 09:08:47.670000,28707.75,28645,5828,28650,24007,28635,23398,28630,8411
2020-06-05 09:08:48.470000,28714.63,28640,5000,28645,21993,28635,307,28630,23661
2020-06-05 09:08:49.360000,28714.63,28640,5000,28645,24997,28635,307,28630,23661
2020-06-05 09:08:50.260000,28714.63,28645,5828,28650,23007,28635,23376,28630,8607
2020-06-05 09:08:51.170000,28714.63,28645,5826,28650,24007,28635,23376,28630,8607
2020-06-05 09:08:52.060000,28714.63,28645,5826,28650,24007,28635,23376,28630,8607
2020-06-05 09:08:53.660000,28714.63,28645,5826,28650,24007,28635,23386,28630,8607
2020-06-05 09:08:54.460000,28714.63,28645,5826,28650,24007,28635,23386,28630,8607
2020-06-05 09:08:55.250000,28714.63,28645,5826,28650,7852,28640,21166,28635,8326
2020-06-05 09:08:56.070000,28714.63,28645,50,28650,3850,28640,24192,28635,8326
2020-06-05 09:08:57.070000,28714.63,28655,18,28660,5003,28650,20135,28645,8779
2020-06-05 09:08:57.860000,28714.63,28660,5003,28665,21467,28650,23215,28645,8780
2020-06-05 09:08:58.770000,28708.64,28660,5003,28665,19894,28650,23215,28645,8780
2020-06-05 09:08:59.770000,28708.64,28660,5003,28665,19894,28650,23215,28645,8780
2020-06-05 09:09:00.770000,28708.64,28660,13,28665,4541,28655,23052,28650,8167
2020-06-05 09:09:01.660000,28708.64,28655,7468,28660,5003,28650,19935,28645,8780
2020-06-05 09:09:02.660000,28708.64,28660,5003,28665,4541,28655,23659,28650,7396
2020-06-05 09:09:03.770000,28708.64,28660,5003,28665,17869,28655,2500,28650,22444
2020-06-05 09:09:04.770000,28708.64,28660,5003,28665,4541,28655,26671,28650,7396
2020-06-05 09:09:05.660000,28708.64,28660,13,28665,4541,28655,26671,28650,7396
2020-06-05 09:09:06.470000,28708.64,28660,13,28665,4541,28655,26522,28650,7396
2020-06-05 09:09:07.360000,28708.64,28660,13,28665,4541,28655,26522,28650,7396
2020-06-05 09:09:08.160000,28724.38,28665,15,28670,5093,28660,26698,28655,11474
2020-06-05 09:09:09.060000,28724.38,28670,93,28675,5026,28665,20775,28660,11650
2020-06-05 09:09:10.060000,28724.38,28670,5093,28675,24192,28660,26698,28655,11774
2020-06-05 09:09:10.970000,28724.38,28670,5093,28675,24192,28660,26698,28655,11824
2020-06-05 09:09:11.760000,28724.38,28670,5093,28675,24192,28660,26698,28655,11824
2020-06-05 09:09:12.560000,28724.38,28670,6024,28675,24192,28660,26698,28655,11824
2020-06-05 09:09:13.360000,28724.38,28670,6024,28675,25192,28660,26698,28655,11824
2020-06-05 09:09:14.150000,28724.38,28665,5045,28670,7324,28660,26698,28655,11824
2020-06-05 09:09:14.950000,28724.38,28665,5049,28670,7324,28660,26698,28655,11824
2020-06-05 09:09:15.760000,28724.38,28670,7324,28675,25192,28660,24198,28655,11824
2020-06-05 09:09:16.560000,28724.38,28670,1024,28675,5026,28665,23794,28660,9150
2020-06-05 09:09:17.470000,28724.38,28675,5026,28680,25816,28665,23794,28660,9150
2020-06-05 09:09:18.260000,28724.38,28675,5026,28680,26816,28665,23794,28660,9150
2020-06-05 09:09:19.170000,28737.68,28675,5026,28680,26816,28665,23894,28660,9150
2020-06-05 09:09:19.960000,28737.68,28675,5075,28680,26816,28670,5000,28665,23894
2020-06-05 09:09:20.960000,28737.68,28675,5074,28680,26816,28665,24199,28660,9150
2020-06-05 09:09:21.850000,28737.68,28680,25,28685,6364,28675,21476,28670,9143
2020-06-05 09:09:22.760000,28737.68,28685,6364,28690,18514,28675,24053,28670,9143
2020-06-05 09:09:23.760000,28737.68,28685,6364,28690,22517,28675,24053,28670,9143
2020-06-05 09:09:24.670000,28737.68,28685,6364,28690,22517,28675,23623,28670,9143
2020-06-05 09:09:25.460000,28737.68,28680,5290,28685,12818,28675,4153,28670,22489
2020-06-05 09:09:26.350000,28737.68,28685,6364,28690,21517,28675,21880,28670,8032
2020-06-05 09:09:27.170000,28737.68,28685,6364,28690,22517,28675,21880,28670,8032
2020-06-05 09:09:27.960000,28751.5,28685,6364,28690,22517,28675,21880,28670,8032
2020-06-05 09:09:28.870000,28751.5,28680,4990,28685,7304,28675,18732,28670,8032
2020-06-05 09:09:29.660000,28751.5,28685,5904,28690,22517,28675,21746,28670,8032
2020-06-05 09:09:30.550000,28751.5,28685,5904,28690,22517,28675,21746,28670,8032
2020-06-05 09:09:31.460000,28751.5,28685,5904,28690,22517,28675,21746,28670,8032
2020-06-05 09:09:32.160000,28751.5,28685,5904,28690,22517,28675,22032,28670,8032
2020-06-05 09:09:32.960000,28751.5,28685,5904,28690,22517,28675,22032,28670,8032
2020-06-05 09:09:33.960000,28751.5,28685,6704,28690,22517,28675,22132,28670,8032
2020-06-05 09:09:34.770000,28751.5,28680,4990,28685,23469,28675,400,28670,21962
2020-06-05 09:09:35.660000,28751.5,28685,7304,28690,21517,28675,22111,28670,8032
2020-06-05 09:09:36.470000,28751.5,28685,5904,28690,22527,28675,21997,28670,8032
2020-06-05 09:09:37.260000,28751.5,28680,4990,28685,23529,28675,286,28670,21962
2020-06-05 09:09:38.160000,28751.5,28680,4990,28685,7364,28675,18962,28670,8032
2020-06-05 09:09:39.060000,28755.68,28680,4990,28685,23529,28675,124,28670,23962
2020-06-05 09:09:39.970000,28755.68,28680,4990,28685,24529,28675,224,28670,23962
2020-06-05 09:09:40.760000,28755.68,28680,4990,28685,24529,28675,224,28670,23962
2020-06-05 09:09:41.670000,28755.68,28680,6390,28685,27554,28670,23962,28665,7745
2020-06-05 09:09:42.360000,28755.68,28680,4990,28685,27554,28670,23962,28665,7745
2020-06-05 09:09:43.090000,28755.68,28680,6490,28685,27554,28670,23962,28665,7745
2020-06-05 09:09:43.760000,28755.68,28680,4990,28685,11389,28675,8676,28670,20032
2020-06-05 09:09:44.560000,28755.68,28685,7364,28690,21527,28675,21696,28670,10032
2020-06-05 09:09:45.260000,28755.68,28685,7364,28690,22527,28675,21686,28670,10032
2020-06-05 09:09:46.060000,28755.68,28685,5864,28690,22527,28675,21686,28670,10032
2020-06-05 09:09:46.960000,28755.68,28685,5864,28690,22527,28675,21686,28670,10032
2020-06-05 09:09:47.670000,28755.68,28685,5864,28690,22527,28675,21167,28670,10032
2020-06-05 09:09:48.460000,28755.68,28685,7381,28690,22527,28675,21167,28670,10032
2020-06-05 09:09:49.170000,28760.32,28685,7381,28690,21527,28675,21167,28670,10032
2020-06-05 09:09:49.960000,28760.32,28685,7381,28690,21527,28675,21167,28670,10032
2020-06-05 09:09:50.890000,28760.32,28685,7181,28690,22527,28675,21155,28670,10032
2020-06-05 09:09:51.670000,28760.32,28680,4590,28685,23546,28670,23962,28665,7745
2020-06-05 09:09:52.460000,28760.32,28680,5295,28685,23546,28670,23962,28665,7745
2020-06-05 09:09:53.170000,28760.32,28680,6095,28685,23546,28670,23962,28665,7745
2020-06-05 09:09:54.460000,28760.32,28680,4595,28685,8381,28675,5328,28670,22851
2020-06-05 09:09:54.970000,28760.32,28680,4595,28685,24546,28670,23962,28665,7745
2020-06-05 09:09:55.890000,28760.32,28680,6095,28685,24546,28675,1,28670,23962
2020-06-05 09:09:56.770000,28760.32,28680,6095,28685,24546,28675,1,28670,23962
2020-06-05 09:09:57.770000,28760.32,28680,5166,28685,23546,28675,1,28670,23962
2020-06-05 09:09:58.850000,28735.27,28680,12,28685,7383,28675,21711,28670,10201
2020-06-05 09:09:59.960000,28735.27,28680,1,28685,7383,28675,21180,28670,10201
2020-06-05 09:10:00.960000,28735.27,28685,7367,28690,22548,28675,21180,28670,10201
2020-06-05 09:10:01.860000,28735.27,28685,7367,28690,22548,28675,21180,28670,10201
2020-06-05 09:10:02.750000,28735.27,28675,12437,28680,21165,28670,2196,28665,21656
2020-06-05 09:10:03.770000,28735.27,28675,8639,28680,6000,28670,21074,28665,7738
2020-06-05 09:10:04.770000,28735.27,28675,2500,28680,5000,28670,24094,28665,7738
2020-06-05 09:10:05.670000,28735.27,28680,5000,28685,26601,28675,2510,28670,24094
2020-06-05 09:10:06.560000,28735.27,28680,5499,28685,27601,28670,24088,28665,7738
2020-06-05 09:10:07.360000,28735.27,28680,6499,28685,27601,28670,24088,28665,7742
2020-06-05 09:10:08.060000,28755.35,28685,7401,28690,21548,28680,2500,28675,21281
2020-06-05 09:10:08.950000,28755.35,28685,5901,28690,10220,28680,8611,28675,20170
2020-06-05 09:10:09.950000,28755.35,28685,901,28690,6217,28680,24434,28675,7363
2020-06-05 09:10:10.860000,28755.35,28685,901,28690,6217,28680,24334,28675,7363
2020-06-05 09:10:11.770000,28755.35,28685,901,28690,6217,28680,24334,28675,7363
2020-06-05 09:10:12.660000,28755.35,28685,13648,28690,21549,28680,2400,28675,21282
2020-06-05 09:10:13.450000,28755.35,28685,12148,28690,6217,28680,21318,28675,7364
2020-06-05 09:10:14.360000,28755.35,28685,12148,28690,6217,28680,21318,28675,7364
2020-06-05 09:10:15.260000,28755.35,28685,12148,28690,6217,28680,24386,28675,7364
2020-06-05 09:10:16.150000,28755.35,28685,7148,28690,6217,28680,24347,28675,7365
2020-06-05 09:10:16.970000,28755.35,28685,7148,28690,6217,28680,24336,28675,7365
2020-06-05 09:10:17.760000,28755.35,28685,7143,28690,6217,28680,24331,28675,7365
2020-06-05 09:10:18.730000,28738.23,28690,6217,28695,5483,28685,24655,28680,10413
2020-06-05 09:10:19.470000,28738.23,28690,1217,28695,5483,28685,27658,28680,10413
2020-06-05 09:10:20.360000,28738.23,28690,1162,28695,5483,28685,27658,28680,10413
2020-06-05 09:10:21.260000,28738.23,28690,7762,28695,21648,28685,5000,28680,25468
2020-06-05 09:10:22.150000,28738.23,28690,1162,28695,5483,28685,22702,28680,10414
2020-06-05 09:10:23.150000,28738.23,28695,515,28700,33310,28690,20054,28685,7648
2020-06-05 09:10:24.050000,28738.23,28700,6499,28705,21733,28690,24390,28685,7648
2020-06-05 09:10:25.070000,28738.23,28700,4999,28705,5568,28695,15054,28690,9336
2020-06-05 09:10:26.070000,28738.23,28700,4999,28705,5568,28695,23066,28690,9336
2020-06-05 09:10:26.960000,28738.23,28700,4999,28705,21733,28690,24390,28685,7648
2020-06-05 09:10:27.860000,28738.23,28700,4999,28705,5568,28695,20054,28690,9336
2020-06-05 09:10:28.750000,28774.11,28700,4999,28705,5568,28695,23057,28690,9336
2020-06-05 09:10:29.750000,28774.11,28705,4668,28710,24180,28695,23057,28690,9336
2020-06-05 09:10:30.570000,28774.11,28705,4668,28710,24180,28695,23057,28690,10336
2020-06-05 09:10:31.360000,28774.11,28705,4668,28710,24180,28695,23057,28690,10336
2020-06-05 09:10:32.070000,28774.11,28700,5000,28705,23848,28690,25391,28685,7648
2020-06-05 09:10:32.860000,28774.11,28700,6600,28705,23848,28690,25391,28685,7648
2020-06-05 09:10:33.660000,28774.11,28700,1400,28705,22248,28695,100,28690,24543
2020-06-05 09:10:34.580000,28774.11,28700,2900,28705,22248,28695,100,28690,24543
2020-06-05 09:10:35.270000,28774.11,28700,5000,28705,21148,28695,100,28690,24543
2020-06-05 09:10:36.100000,28774.11,28700,5400,28705,21148,28695,100,28690,24543
2020-06-05 09:10:36.800000,28774.11,28700,5300,28705,21148,28695,10,28690,24543
2020-06-05 09:10:37.580000,28774.11,28695,7468,28700,21455,28690,1001,28685,22373
2020-06-05 09:10:38.360000,28774.11,28695,7468,28700,24489,28690,1001,28685,22373
2020-06-05 09:10:39.160000,28777.33,28695,8968,28700,23089,28685,22373,28680,11970
2020-06-05 09:10:39.970000,28777.33,28695,7468,28700,23090,28685,22373,28680,11970
2020-06-05 09:10:40.960000,28777.33,28695,7468,28700,21979,28685,22373,28680,11970
2020-06-05 09:10:41.850000,28777.33,28695,7469,28700,20056,28685,22373,28680,11970
2020-06-05 09:10:42.670000,28777.33,28695,7459,28700,20056,28690,1,28685,22373
2020-06-05 09:10:43.460000,28777.33,28695,7231,28700,21056,28690,1,28685,22373
2020-06-05 09:10:44.260000,28777.33,28690,519,28695,7231,28685,22373,28680,11971
2020-06-05 09:10:45.050000,28777.33,28690,741,28695,7231,28685,23373,28680,11971
2020-06-05 09:10:45.870000,28777.33,28695,7231,28700,21056,28690,3734,28685,23373
2020-06-05 09:10:46.760000,28777.33,28695,4968,28700,19819,28690,5010,28685,23373
2020-06-05 09:10:47.660000,28777.33,28700,3664,28705,26068,28690,24735,28685,13648
2020-06-05 09:10:48.550000,28775.81,28700,4264,28705,26068,28690,24473,28685,13648
2020-06-05 09:10:49.370000,28775.81,28700,3662,28705,26068,28690,26920,28685,13648
2020-06-05 09:10:50.260000,28775.81,28695,931,28700,3662,28690,26920,28685,13648
2020-06-05 09:10:51.160000,28775.81,28700,3662,28705,26068,28690,26805,28685,13648
2020-06-05 09:10:51.870000,28775.81,28700,3662,28705,26068,28695,733,28690,26805
2020-06-05 09:10:52.660000,28775.81,28700,3662,28705,26068,28695,733,28690,26805
2020-06-05 09:10:53.460000,28775.81,28700,3662,28705,26108,28695,571,28690,26805
2020-06-05 09:10:54.460000,28775.81,28690,8115,28695,7685,28685,28348,28680,16971
2020-06-05 09:10:55.460000,28775.81,28695,7906,28700,28221,28685,25326,28680,16971
2020-06-05 09:10:56.460000,28775.81,28695,7901,28700,27051,28690,4,28685,28346
2020-06-05 09:10:57.460000,28775.81,28695,2721,28700,4043,28690,26922,28685,13621
2020-06-05 09:10:58.360000,28777.88,28695,2722,28700,4043,28690,22579,28685,13621
2020-06-05 09:10:59.460000,28777.88,28700,382,28705,2039,28695,12500,28690,27579
2020-06-05 09:11:00.460000,28777.88,28700,6782,28705,25100,28695,2501,28690,27579
2020-06-05 09:11:01.360000,28777.88,28700,382,28705,2039,28695,30249,28690,12854
2020-06-05 09:11:02.160000,28777.88,28700,382,28705,2039,28695,30249,28690,12854
2020-06-05 09:11:02.960000,28777.88,28700,5000,28705,23002,28695,7501,28690,27579
2020-06-05 09:11:03.770000,28777.88,28700,6000,28705,24620,28695,2280,28690,27579
2020-06-05 09:11:04.560000,28777.88,28695,2492,28700,6450,28690,27612,28685,14552
2020-06-05 09:11:05.450000,28777.88,28695,7472,28700,26494,28690,4837,28685,29277
2020-06-05 09:11:06.360000,28777.88,28695,2472,28700,6450,28690,24662,28685,41552
2020-06-05 09:11:07.160000,28777.88,28695,2693,28700,6451,28690,24662,28685,41552
2020-06-05 09:11:07.950000,28777.88,28695,2692,28700,6451,28690,24562,28685,41552
2020-06-05 09:11:08.770000,28770.93,28695,2693,28700,6451,28690,24233,28685,41552
2020-06-05 09:11:09.450000,28770.93,28695,2643,28700,6451,28690,24233,28685,41552
2020-06-05 09:11:10.160000,28770.93,28695,7643,28700,26495,28690,100,28685,56277
2020-06-05 09:11:10.950000,28770.93,28695,7643,28700,26495,28685,56277,28680,17066
2020-06-05 09:11:11.860000,28770.93,28695,2643,28700,17441,28690,9186,28685,56277
2020-06-05 09:11:12.860000,28770.93,28695,2643,28700,6451,28690,26918,28685,41552
2020-06-05 09:11:13.860000,28770.93,28695,7643,28700,28143,28690,1,28685,56277
2020-06-05 09:11:14.760000,28770.93,28690,220,28695,7643,28685,56277,28680,17066
2020-06-05 09:11:15.560000,28770.93,28690,205,28695,7643,28685,56287,28680,17066
2020-06-05 09:11:16.470000,28770.93,28695,6848,28700,28143,28685,56287,28680,17066
2020-06-05 09:11:17.260000,28770.93,28695,6848,28700,29143,28685,56287,28680,17066
2020-06-05 09:11:17.970000,28770.93,28695,1848,28700,5051,28690,26418,28685,41341
2020-06-05 09:11:18.970000,28779.67,28695,1848,28700,5051,28690,26420,28685,41341
2020-06-05 09:11:19.860000,28779.67,28695,1858,28700,5051,28690,26420,28685,41341
2020-06-05 09:11:20.860000,28779.67,28695,1858,28700,5051,28690,26432,28685,41341
2020-06-05 09:11:21.860000,28779.67,28700,51,28705,5566,28695,24082,28690,11491
2020-06-05 09:11:22.760000,28779.67,28700,5051,28705,25620,28690,26216,28685,41341
2020-06-05 09:11:23.560000,28779.67,28700,5051,28705,25620,28690,26216,28685,41341
2020-06-05 09:11:24.350000,28779.67,28700,5051,28705,25620,28690,26216,28685,41341
2020-06-05 09:11:25.170000,28779.67,28700,5051,28705,25620,28690,26216,28685,41341
2020-06-05 09:11:26.060000,28779.67,28700,5051,28705,25620,28690,25994,28685,42341
2020-06-05 09:11:27.760000,28779.67,28700,5056,28705,25620,28695,5000,28690,25994
2020-06-05 09:11:28.670000,28782.5,28700,5056,28705,25620,28690,25994,28685,42341
2020-06-05 09:11:29.760000,28782.5,28690,214,28695,5519,28685,54046,28680,17166
2020-06-05 09:11:30.850000,28782.5,28690,6409,28695,28583,28685,30720,28680,31891
2020-06-05 09:11:32.060000,28782.5,28690,182,28695,5519,28685,58073,28680,17166
2020-06-05 09:11:33.160000,28782.5,28690,182,28695,5522,28685,57852,28680,17166
2020-06-05 09:11:34.160000,28782.5,28695,6222,28700,29372,28685,57852,28680,17166
2020-06-05 09:11:35.160000,28782.5,28695,5522,28700,29372,28685,57852,28680,17167
2020-06-05 09:11:36.050000,28782.5,28695,5522,28700,29372,28685,57852,28680,17167
2020-06-05 09:11:36.870000,28782.5,28695,5522,28700,29372,28690,3606,28685,57853
2020-06-05 09:11:37.660000,28782.5,28695,522,28700,5306,28690,25991,28685,43128
2020-06-05 09:11:38.760000,28760.79,28700,306,28705,1568,28695,23071,28690,12056
2020-06-05 09:11:39.660000,28760.79,28700,306,28705,1568,28695,26076,28690,12106
2020-06-05 09:11:40.660000,28760.79,28695,222,28700,6606,28690,26831,28685,43128
2020-06-05 09:11:41.550000,28760.79,28700,306,28705,1568,28695,24453,28690,12106
2020-06-05 09:11:42.460000,28760.79,28700,306,28705,1568,28695,24453,28690,12106
2020-06-05 09:11:43.260000,28760.79,28700,306,28705,1568,28695,24125,28690,12106
2020-06-05 09:11:43.960000,28760.79,28700,306,28705,1568,28695,24108,28690,12106
2020-06-05 09:11:44.750000,28760.79,28700,296,28705,1568,28695,23886,28690,12106
2020-06-05 09:11:45.570000,28760.79,28700,686,28705,1568,28695,23886,28690,12276
2020-06-05 09:11:46.360000,28760.79,28705,91,28710,24121,28700,4314,28695,26886
2020-06-05 09:11:47.250000,28760.79,28705,91,28710,5114,28700,27042,28695,12161
2020-06-05 09:11:48.250000,28760.79,28705,5091,28710,6114,28700,5000,28695,26886
2020-06-05 09:11:49.160000,28781.76,28700,642,28705,6391,28695,26886,28690,12276
2020-06-05 09:11:50.160000,28781.76,28705,5090,28710,29172,28700,44,28695,26160
2020-06-05 09:11:51.070000,28781.76,28705,5090,28710,29172,28700,44,28695,26160
2020-06-05 09:11:51.960000,28781.76,28705,90,28710,5114,28700,23636,28695,11435
2020-06-05 09:11:52.770000,28781.76,28705,90,28710,5114,28700,23636,28695,11435
2020-06-05 09:11:53.450000,28781.76,28710,119,28715,7092,28705,24325,28700,21922
2020-06-05 09:11:54.360000,28781.76,28710,119,28715,7092,28705,27328,28700,21924
2020-06-05 09:11:55.270000,28781.76,28710,119,28715,7553,28705,24327,28700,21924
2020-06-05 09:11:56.160000,28781.76,28710,119,28715,7553,28705,27108,28700,21924
2020-06-05 09:11:57.060000,28781.76,28710,119,28715,7553,28705,27108,28700,21924
2020-06-05 09:11:57.950000,28781.76,28715,2553,28720,5680,28710,24983,28705,12603
2020-06-05 09:11:58.950000,28797.33,28720,680,28725,5171,28715,31485,28710,13273
2020-06-05 09:11:59.950000,28797.33,28720,5680,28725,28228,28715,2273,28710,27778
2020-06-05 09:12:00.860000,28797.33,28715,5112,28720,5680,28710,27878,28705,11540
2020-06-05 09:12:01.660000,28797.33,28720,5680,28725,28228,28710,24864,28705,11540
2020-06-05 09:12:02.560000,28797.33,28720,5680,28725,28228,28710,27666,28705,11540
2020-06-05 09:12:03.360000,28797.33,28720,6660,28725,29228,28715,58,28710,27666
2020-06-05 09:12:04.150000,28797.33,28720,5661,28725,29228,28710,27205,28705,11540
2020-06-05 09:12:04.860000,28797.33,28720,5661,28725,29228,28710,27198,28705,11543
2020-06-05 09:12:05.860000,28797.33,28720,5671,28725,25215,28710,27198,28705,11543
2020-06-05 09:12:06.860000,28797.33,28720,5671,28725,5181,28715,25117,28710,12693
2020-06-05 09:12:07.760000,28797.33,28720,5671,28725,20225,28715,11242,28710,27198
2020-06-05 09:12:08.650000,28782.84,28720,5671,28725,25225,28715,1930,28710,27208
2020-06-05 09:12:09.470000,28782.84,28720,5671,28725,20225,28715,5639,28710,27208
2020-06-05 09:12:10.360000,28782.84,28720,5671,28725,20225,28715,5639,28710,27208
2020-06-05 09:12:11.360000,28782.84,28720,5631,28725,25225,28715,1706,28710,27208
2020-06-05 09:12:12.260000,28782.84,28720,5631,28725,5181,28715,24483,28710,12703
2020-06-05 09:12:13.150000,28782.84,28720,5631,28725,20225,28715,4459,28710,27208
2020-06-05 09:12:13.960000,28782.84,28720,5631,28725,5181,28715,23737,28710,12703
2020-06-05 09:12:14.760000,28782.84,28720,631,28725,5181,28715,26785,28710,12703
2020-06-05 09:12:16.350000,28782.84,28720,631,28725,5181,28715,27785,28710,12703
2020-06-05 09:12:17.260000,28782.84,28720,6731,28725,28232,28715,1420,28710,27208
2020-06-05 09:12:18.060000,28804.91,28720,6831,28725,29232,28715,873,28710,27209
2020-06-05 09:12:18.960000,28804.91,28720,6831,28725,29232,28715,878,28710,27209
2020-06-05 09:12:19.850000,28804.91,28720,6831,28725,29232,28715,1107,28710,27209
2020-06-05 09:12:20.850000,28804.91,28720,5731,28725,5191,28715,25424,28710,12704
2020-06-05 09:12:21.660000,28804.91,28720,5731,28725,5191,28715,24103,28710,12899
2020-06-05 09:12:22.460000,28804.91,28720,5731,28725,5191,28715,19598,28710,17404
2020-06-05 09:12:23.370000,28804.91,28720,5731,28725,20235,28715,4603,28710,27404
2020-06-05 09:12:24.260000,28804.91,28720,731,28725,5191,28715,24118,28710,12916
2020-06-05 09:12:25.260000,28804.91,28720,731,28725,5191,28715,23932,28710,12921
2020-06-05 09:12:26.160000,28804.91,28720,731,28725,5191,28715,23926,28710,12921
2020-06-05 09:12:26.960000,28804.91,28720,731,28725,5191,28715,26933,28710,12921
2020-06-05 09:12:27.860000,28804.91,28725,5191,28730,30857,28720,6411,28715,26933
2020-06-05 09:12:28.750000,28812.75,28725,6291,28730,30857,28720,2279,28715,26933
2020-06-05 09:12:29.570000,28812.75,28725,6291,28730,30857,28720,2053,28715,27180
2020-06-05 09:12:30.460000,28812.75,28725,5176,28730,30857,28720,6116,28715,27180
