time,nav,sell1,sell1_cnt,sell2,sell2_cnt,buy1,buy1_cnt,buy2,buy2_cnt
2020-06-11 09:36:10.43,0.0,29030,1,29035,9900,29025,9373,29020,12967
2020-06-11 09:36:11.10,0.0,29030,1,29035,9900,29025,9373,29020,12967
2020-06-11 09:36:11.90,0.0,29040,440,29045,8089,29035,16276,29030,11319
2020-06-11 09:36:12.69,0.0,29040,40,29045,8089,29035,11890,29030,13658
2020-06-11 09:36:13.49,0.0,29040,40,29045,8089,29035,13890,29030,13658
2020-06-11 09:36:14.39,0.0,29040,40,29045,10859,29035,11890,29030,11319
2020-06-11 09:36:15.19,0.0,29045,594,29050,18381,29040,5454,29035,16210
2020-06-11 09:36:16.10,0.0,29045,7689,29050,21151,29040,7954,29035,13871
2020-06-11 09:36:16.89,0.0,29045,7689,29050,21151,29040,7954,29035,13871
2020-06-11 09:36:17.49,0.0,29045,8089,29050,24178,29040,1,29035,13870
2020-06-11 09:36:18.10,0.0,29045,9789,29050,21151,29035,13870,29030,14108
2020-06-11 09:36:18.78,0.0,29045,8089,29050,21151,29040,5453,29035,15948
2020-06-11 09:36:19.49,0.0,29045,8089,29050,21151,29035,15948,29030,14108
2020-06-11 09:36:19.99,29091.86,29045,9789,29050,21151,29035,15947,29030,14108
2020-06-11 09:36:20.60,29091.86,29045,594,29050,8382,29040,5453,29035,15947
2020-06-11 09:36:21.29,29091.86,29045,7789,29050,11152,29040,2500,29035,15947
2020-06-11 09:36:22.10,29091.86,29045,9789,29050,21151,29040,2426,29035,15947
2020-06-11 09:36:24.60,29091.86,29045,7789,29050,21151,29040,3425,29035,15997
2020-06-11 09:36:25.19,29091.86,29045,7789,29050,21151,29040,3425,29035,15997
2020-06-11 09:36:25.79,29091.86,29045,6089,29050,21151,29040,3424,29035,15997
2020-06-11 09:36:26.49,29091.86,29045,6089,29050,21151,29040,8877,29035,15997
2020-06-11 09:36:27.10,29091.86,29045,6089,29050,21151,29040,8876,29035,15997
2020-06-11 09:36:27.69,29091.86,29045,7789,29050,21151,29040,3423,29035,15997
2020-06-11 09:36:28.39,29091.86,29045,9789,29050,24156,29040,3423,29035,12967
2020-06-11 09:36:29.10,29091.86,29040,6247,29045,20858,29035,2128,29030,11769
2020-06-11 09:36:29.90,29092.56,29035,3562,29040,22662,29030,450,29025,12621
2020-06-11 09:36:30.90,29092.56,29035,3562,29040,22663,29030,450,29025,12621
2020-06-11 09:36:41.13,29092.56,29030,5833,29035,5791,29025,3524,29020,13103
2020-06-11 09:36:41.79,29092.56,29035,5769,29040,22643,29025,9573,29020,13103
2020-06-11 09:36:42.49,29092.56,29030,5833,29035,5769,29025,9573,29020,13103
2020-06-11 09:36:43.99,29092.56,29035,3769,29040,22643,29030,1161,29025,12659
2020-06-11 09:36:44.49,29092.56,29035,2269,29040,22643,29030,1159,29025,12659
2020-06-11 09:36:44.99,29092.56,29035,2969,29040,22644,29030,1,29025,12659
2020-06-11 09:36:45.60,29092.56,29035,3767,29040,22644,29030,1,29025,12659
2020-06-11 09:36:46.29,29092.56,29030,246,29035,5767,29025,12659,29020,13103
2020-06-11 09:36:47.79,29092.56,29030,246,29035,4968,29025,9573,29020,13103
2020-06-11 09:36:48.99,29094.63,29030,246,29035,4968,29025,9573,29020,13103
2020-06-11 09:36:49.58,29094.63,29030,246,29035,4968,29025,12621,29020,13104
2020-06-11 09:36:50.33,29094.63,29030,247,29035,4968,29025,12621,29020,13104
2020-06-11 09:36:50.89,29094.63,29035,4968,29040,22644,29030,2253,29025,12621
2020-06-11 09:36:51.61,29094.63,29035,4768,29040,22644,29030,2253,29025,12621
2020-06-11 09:36:52.19,29094.63,29040,6849,29045,23888,29030,13501,29025,14960
2020-06-11 09:36:52.89,29094.63,29040,4849,29045,20858,29035,6200,29030,13501
2020-06-11 09:36:53.61,29094.63,29040,2,29045,8089,29035,6200,29030,15840
2020-06-11 09:36:54.19,29094.63,29040,4849,29045,20858,29030,13501,29025,14960
2020-06-11 09:36:54.99,29094.63,29035,1,29040,5849,29030,13501,29025,14960
2020-06-11 09:36:55.80,29094.63,29040,2,29045,8089,29035,11324,29030,15840
2020-06-11 09:36:56.58,29094.63,29045,9289,29050,20896,29035,11324,29030,15840
2020-06-11 09:36:57.40,29094.63,29045,9689,29050,23938,29035,9323,29030,15840
2020-06-11 09:36:58.10,29094.63,29045,8789,29050,23938,29035,7799,29030,15840
2020-06-11 09:36:58.89,29094.63,29040,4847,29045,22458,29035,1600,29030,13501
2020-06-11 09:36:59.49,29094.63,29045,8089,29050,23938,29035,7799,29030,15840
2020-06-11 09:37:00.29,29095.4,29045,9589,29050,23938,29035,7799,29030,15840
2020-06-11 09:37:01.10,29095.4,29045,9589,29050,23938,29035,7799,29030,15840
2020-06-11 09:37:01.69,29095.4,29045,9589,29050,23938,29035,7779,29030,15840
2020-06-11 09:37:02.49,29095.4,29045,594,29050,18126,29040,5453,29035,15213
2020-06-11 09:37:03.29,29095.4,29045,8089,29050,24062,29035,7779,29030,15840
2020-06-11 09:37:04.19,29095.4,29035,6220,29040,13984,29030,2253,29025,12621
2020-06-11 09:37:04.99,29095.4,29035,4720,29040,20969,29030,2253,29025,12621
2020-06-11 09:37:05.89,29095.4,29035,8020,29040,20969,29030,2253,29025,12621
2020-06-11 09:37:07.19,29095.4,29035,4720,29040,20969,29030,2253,29025,12621
2020-06-11 09:37:07.79,29095.4,29030,4080,29035,9490,29025,1524,29020,10771
2020-06-11 09:37:08.69,29095.4,29035,6720,29040,24088,29025,9573,29020,13110
2020-06-11 09:37:09.60,29090.37,29035,8320,29040,24088,29025,9573,29020,13110
2020-06-11 09:37:10.39,29090.37,29035,4720,29040,24088,29025,9573,29020,13110
2020-06-11 09:37:10.99,29090.37,29030,6434,29035,20989,29025,1519,29020,10771
2020-06-11 09:37:11.69,29090.37,29030,6237,29035,24055,29025,1519,29020,10771
2020-06-11 09:37:12.46,29090.37,29030,6237,29035,24055,29025,1519,29020,10771
2020-06-11 09:37:12.90,29090.37,29030,6237,29035,24055,29025,1519,29020,10771
2020-06-11 09:37:32.21,0.0,29025,6199,29030,21683,29020,246,29015,13524
2020-06-11 09:37:33.11,0.0,29030,8914,29035,39715,29020,7699,29015,15863
2020-06-11 09:37:33.91,0.0,29030,6904,29035,39775,29020,7704,29015,14238
2020-06-11 09:37:34.82,0.0,29030,10,29035,23900,29025,6049,29020,13054
2020-06-11 09:37:35.50,0.0,29030,7404,29035,23900,29025,8049,29020,13054
2020-06-11 09:37:36.21,0.0,29035,21900,29040,24093,29030,536,29025,11109
2020-06-11 09:37:36.91,0.0,29035,23900,29040,24093,29025,11109,29020,13142
2020-06-11 09:37:37.50,0.0,29035,23900,29040,24093,29030,156,29025,11109
2020-06-11 09:37:38.21,0.0,29035,23900,29040,24093,29030,157,29025,8049
2020-06-11 09:37:38.71,0.0,29035,23900,29040,24093,29030,157,29025,11140
2020-06-11 09:37:39.50,0.0,29035,23900,29040,24093,29030,92,29025,8049
2020-06-11 09:37:40.02,29085.27,29035,23900,29040,24093,29025,6054,29020,13162
2020-06-11 09:37:40.71,29085.27,29035,23900,29040,24093,29025,6054,29020,13162
2020-06-11 09:37:41.91,29085.27,29035,23900,29040,24093,29025,6054,29020,13162
2020-06-11 09:37:42.61,29085.27,29035,23900,29040,24093,29025,6054,29020,13162
2020-06-11 09:37:43.21,29085.27,29035,23900,29040,24093,29025,6054,29020,13162
2020-06-11 09:37:43.82,29085.27,29035,23900,29040,24093,29025,6054,29020,13162
2020-06-11 09:37:44.41,29085.27,29035,17180,29040,8305,29030,6200,29025,13402
2020-06-11 09:37:45.21,29085.27,29035,17180,29040,10305,29030,6200,29025,13403
2020-06-11 09:37:45.91,29085.27,29035,17280,29040,10205,29030,6206,29025,13437
2020-06-11 09:37:47.32,29085.27,29035,17280,29040,10205,29030,5971,29025,13457
2020-06-11 09:37:47.91,29085.27,29035,22000,29040,22974,29030,6,29025,11118
2020-06-11 09:37:48.61,29085.27,29035,24000,29040,22974,29025,8277,29020,13167
2020-06-11 09:37:49.32,29085.27,29035,24030,29040,22974,29025,8277,29020,13177
2020-06-11 09:37:50.11,29087.82,29035,17310,29040,10205,29030,5965,29025,10719
2020-06-11 09:37:50.82,29087.82,29035,17210,29040,10205,29030,11178,29025,10729
2020-06-11 09:37:51.74,29087.82,29040,8205,29045,18792,29035,6199,29030,13517
2020-06-11 09:37:52.71,29087.82,29040,10205,29045,8793,29035,6199,29030,13517
2020-06-11 09:37:53.61,29087.82,29040,10205,29045,18792,29035,6199,29030,13517
2020-06-11 09:37:54.41,29087.82,29040,1053,29045,8793,29035,11425,29030,13517
2020-06-11 09:37:55.21,29087.82,29040,7253,29045,8793,29035,9425,29030,13517
2020-06-11 09:37:56.00,29087.82,29040,1053,29045,8793,29035,9425,29030,13517
2020-06-11 09:37:56.61,29087.82,29040,1031,29045,8793,29035,9425,29030,13517
2020-06-11 09:37:57.32,29087.82,29040,1031,29045,8793,29035,11425,29030,13517
2020-06-11 09:37:58.02,29087.82,29040,1031,29045,8793,29035,9425,29030,13517
2020-06-11 09:37:58.71,29087.82,29040,2331,29045,8793,29035,9425,29030,13517
2020-06-11 09:37:59.50,29073.25,29040,720,29045,8793,29035,11425,29030,13517
2020-06-11 09:38:00.61,29073.25,29045,8793,29050,8488,29040,5453,29035,11425
2020-06-11 09:38:01.61,29073.25,29045,8786,29050,21257,29040,720,29035,11425
2020-06-11 09:38:02.61,29073.25,29045,587,29050,18487,29040,4933,29035,13764
2020-06-11 09:38:03.32,29073.25,29040,10044,29045,22855,29030,11178,29025,10734
2020-06-11 09:38:04.00,29073.25,29040,9500,29045,24572,29030,9178,29025,10734
2020-06-11 09:38:04.82,29073.25,29035,5020,29040,10970,29025,8395,29020,23895
2020-06-11 09:38:05.61,29073.25,29035,5120,29040,10970,29025,8405,29020,23895
2020-06-11 09:38:06.32,29073.25,29035,6200,29040,18199,29030,5965,29025,10744
2020-06-11 09:38:07.21,29073.25,29040,8200,29045,24666,29030,5965,29025,10744
2020-06-11 09:38:08.02,29073.25,29040,9500,29045,24666,29030,8992,29025,10744
2020-06-11 09:38:08.71,29073.25,29040,8200,29045,24666,29030,8992,29025,10744
2020-06-11 09:38:09.93,29104.12,29040,9400,29045,24666,29035,6,29030,8992
2020-06-11 09:38:10.80,29104.12,29040,6200,29045,11556,29035,6,29030,10992
2020-06-11 09:38:11.66,29104.12,29040,6210,29045,11559,29035,17,29030,10992
2020-06-11 09:38:12.41,29104.12,29040,10,29045,8789,29035,9224,29030,13331
2020-06-11 09:38:13.11,29104.12,29040,6210,29045,8789,29035,9224,29030,13331
2020-06-11 09:38:13.91,29104.12,29040,2000,29045,8789,29035,11224,29030,13331
2020-06-11 09:38:15.50,29104.12,29040,2000,29045,8789,29035,11085,29030,13331
2020-06-11 09:38:16.32,29104.12,29040,2000,29045,8789,29035,11085,29030,13331
2020-06-11 09:38:17.00,29104.12,29040,8170,29045,8789,29035,6077,29030,13331
2020-06-11 09:38:17.80,29104.12,29040,1970,29045,8789,29035,11171,29030,13331
2020-06-11 09:38:18.50,29104.12,29040,1970,29045,8789,29035,9171,29030,13331
2020-06-11 09:38:19.82,29104.46,29040,8168,29045,11559,29030,10992,29025,37409
2020-06-11 09:38:20.52,29104.46,29040,1968,29045,8789,29035,9109,29030,13331
2020-06-11 09:38:21.11,29104.46,29040,1968,29045,8789,29035,9109,29030,13331
2020-06-11 09:38:21.71,29104.46,29040,1968,29045,8789,29035,9109,29030,13331
2020-06-11 09:38:22.91,29104.46,29040,1968,29045,8789,29035,11109,29030,13331
2020-06-11 09:38:23.41,29104.46,29040,1968,29045,8789,29035,10875,29030,13331
2020-06-11 09:38:24.00,29104.46,29040,1657,29045,8789,29035,10875,29030,13331
2020-06-11 09:38:25.11,29104.46,29040,9187,29045,8789,29030,13331,29025,35070
2020-06-11 09:38:25.83,29104.46,29040,7886,29045,11855,29035,5797,29030,13331
2020-06-11 09:38:26.41,29104.46,29040,7886,29045,24624,29035,14,29030,10992
2020-06-11 09:38:27.21,29104.46,29040,7876,29045,21854,29035,6247,29030,13331
2020-06-11 09:38:28.00,29104.46,29040,7876,29045,11855,29035,450,29030,10992
2020-06-11 09:38:28.61,29104.46,29040,7876,29045,11855,29035,6247,29030,13331
2020-06-11 09:38:29.21,29093.36,29035,7150,29040,13000,29030,2000,29025,27498
2020-06-11 09:38:30.00,29093.36,29035,5850,29040,15770,29025,25159,29020,24895
2020-06-11 09:38:30.82,29093.36,29035,7150,29040,25769,29025,25159,29020,14896
2020-06-11 09:38:31.52,29093.36,29035,7150,29040,25769,29025,25159,29020,14896
2020-06-11 09:38:32.71,29093.36,29035,5850,29040,13000,29030,5965,29025,27498
2020-06-11 09:38:32.91,29093.36,29040,13000,29045,24624,29030,5965,29025,27498
2020-06-11 09:38:33.61,29093.36,29040,9876,29045,24624,29030,11039,29025,27498
2020-06-11 09:38:35.00,29093.36,29040,9876,29045,24624,29030,11039,29025,27498
2020-06-11 09:38:36.21,29093.36,29040,9849,29045,24634,29030,11039,29025,27498
2020-06-11 09:38:36.91,29093.36,29035,5850,29040,16987,29025,25159,29020,24895
2020-06-11 09:38:37.61,29093.36,29035,5850,29040,26986,29025,25160,29020,14896
2020-06-11 09:38:39.02,29093.36,29035,5350,29040,26986,29025,25160,29020,14896
2020-06-11 09:38:39.81,29102.83,29040,14217,29045,24634,29030,5946,29025,27499
2020-06-11 09:38:40.62,29102.83,29035,5350,29040,13017,29030,5946,29025,27499
2020-06-11 09:38:41.41,29102.83,29030,6194,29035,11586,29025,22152,29020,14896
2020-06-11 09:38:42.25,29102.83,29035,8550,29040,25786,29025,25210,29020,14896
2020-06-11 09:38:43.30,29102.83,29035,5350,29040,13017,29025,27549,29020,22556
2020-06-11 09:38:43.66,29102.83,29035,5350,29040,25786,29025,25210,29020,14896
2020-06-11 09:38:44.21,29102.83,29035,8450,29040,25786,29025,25210,29020,14896
2020-06-11 09:38:45.02,29102.83,29035,8450,29040,25786,29025,22152,29020,14896
2020-06-11 09:38:45.71,29102.83,29035,8450,29040,25786,29025,22152,29020,14896
2020-06-11 09:38:46.32,29102.83,29035,8450,29040,25786,29025,22152,29020,14896
2020-06-11 09:38:46.91,29102.83,29035,11537,29040,25786,29025,22152,29020,14896
2020-06-11 09:38:47.72,29102.83,29030,80,29035,7350,29025,22152,29020,14896
2020-06-11 09:38:48.91,29102.83,29030,6274,29035,10442,29025,22152,29020,14896
2020-06-11 09:38:49.50,29102.83,29030,6274,29035,23211,29025,16944,29020,12557
2020-06-11 09:38:50.21,29094.29,29030,6273,29035,23211,29025,16944,29020,12557
2020-06-11 09:38:50.91,29094.29,29030,6273,29035,23211,29025,16944,29020,12557
2020-06-11 09:38:51.61,29094.29,29030,6273,29035,23211,29025,16944,29020,12558
2020-06-11 09:38:52.32,29094.29,29030,6273,29035,23211,29025,16944,29020,12558
2020-06-11 09:38:53.00,29094.29,29030,6273,29035,23211,29025,16944,29020,12558
2020-06-11 09:38:53.61,29094.29,29030,6273,29035,23211,29025,16944,29020,12558
2020-06-11 09:38:54.21,29094.29,29030,6273,29035,23211,29025,16944,29020,12558
2020-06-11 09:38:54.82,29094.29,29030,79,29035,7350,29025,28213,29020,14897
2020-06-11 09:38:55.50,29094.29,29030,79,29035,7350,29025,28152,29020,14897
2020-06-11 09:38:56.82,29094.29,29030,79,29035,7350,29025,28152,29020,14897
2020-06-11 09:38:57.41,29094.29,29030,79,29035,7350,29025,25144,29020,14897
2020-06-11 09:38:57.91,29094.29,29030,6273,29035,10438,29025,25143,29020,14897
2020-06-11 09:38:58.50,29094.29,29030,6977,29035,10438,29025,25232,29020,14897
2020-06-11 09:38:59.00,29094.29,29030,6977,29035,23167,29025,16950,29020,12558
2020-06-11 09:38:59.71,29097.33,29030,12941,29035,23167,29020,8020,29015,15481
2020-06-11 09:39:00.41,29097.33,29030,8977,29035,23167,29020,8020,29015,15481
2020-06-11 09:39:01.11,29097.33,29030,9017,29035,23167,29020,11111,29015,15481
2020-06-11 09:39:01.71,29097.33,29030,7017,29035,10398,29025,6200,29020,13436
2020-06-11 09:39:02.32,29097.33,29030,7010,29035,10398,29025,6200,29020,13436
2020-06-11 09:39:03.00,29097.33,29030,7010,29035,23167,29025,104,29020,11097
2020-06-11 09:39:03.71,29097.33,29030,7710,29035,23167,29025,104,29020,11097
2020-06-11 09:39:04.32,29097.33,29030,7010,29035,23167,29025,104,29020,11097
2020-06-11 09:39:04.91,29097.33,29030,10017,29035,23167,29025,104,29020,8006
2020-06-11 09:39:05.50,29097.33,29025,6095,29030,12017,29020,8006,29015,13869
2020-06-11 09:39:06.00,29097.33,29025,6095,29030,24786,29020,1273,29015,11530
2020-06-11 09:39:07.21,29097.33,29025,6193,29030,24786,29020,1273,29015,11530
2020-06-11 09:39:07.82,29097.33,29025,8493,29030,24786,29020,1273,29015,11530
2020-06-11 09:39:08.41,29097.33,29025,8493,29030,24786,29020,1273,29015,11530
2020-06-11 09:39:09.00,29097.33,29020,5839,29025,8193,29015,11530,29010,19327
2020-06-11 09:39:09.61,29104.42,29025,8193,29030,24786,29015,11530,29010,19327
2020-06-11 09:39:10.32,29104.42,29030,12017,29035,23227,29020,6733,29015,13869
2020-06-11 09:39:10.91,29104.42,29025,6093,29030,15743,29020,4733,29015,11530
2020-06-11 09:39:11.71,29104.42,29025,6080,29030,25742,29015,11530,29010,19327
2020-06-11 09:39:12.21,29104.42,29025,6080,29030,25742,29020,100,29015,11532
2020-06-11 09:39:12.81,29104.42,29025,6080,29030,25742,29020,100,29015,11532
2020-06-11 09:39:13.31,29104.42,29025,6080,29030,25742,29020,100,29015,11532
2020-06-11 09:39:13.91,29104.42,29025,6080,29030,25742,29020,100,29015,11532
2020-06-11 09:39:14.50,29104.42,29025,6080,29030,24842,29020,100,29015,11532
2020-06-11 09:39:15.11,29104.42,29025,6080,29030,24842,29020,100,29015,11532
2020-06-11 09:39:15.61,29104.42,29020,4898,29025,8980,29015,11532,29010,16988
2020-06-11 09:39:16.32,29104.42,29020,95,29025,8980,29015,6318,29010,19327
2020-06-11 09:39:16.91,29104.42,29020,95,29025,8980,29015,6318,29010,19327
2020-06-11 09:39:17.41,29104.42,29020,4922,29025,23867,29015,521,29010,16990
2020-06-11 09:39:18.11,29104.42,29020,4922,29025,13868,29015,6318,29010,16990
2020-06-11 09:39:18.71,29104.42,29020,4887,29025,13868,29015,6318,29010,16990
2020-06-11 09:39:19.41,29090.53,29020,60,29025,21097,29015,6318,29010,19329
2020-06-11 09:39:20.11,29090.53,29020,4887,29025,23867,29015,6318,29010,16990
2020-06-11 09:39:21.61,29090.53,29020,4886,29025,23867,29015,6318,29010,16990
2020-06-11 09:39:22.41,29090.53,29020,4885,29025,23867,29015,6318,29010,16990
2020-06-11 09:39:23.91,29090.53,29020,7785,29025,23867,29010,15429,29005,20497
2020-06-11 09:39:24.71,29090.53,29015,5350,29020,23588,29010,10415,29005,18158
2020-06-11 09:39:25.41,29090.53,29020,23588,29025,21097,29010,10415,29005,18158
2020-06-11 09:39:26.21,29090.53,29020,23588,29025,21097,29015,155,29010,10415
2020-06-11 09:39:26.82,29090.53,29020,10819,29025,23867,29010,12415,29005,20497
2020-06-11 09:39:27.61,29090.53,29020,23588,29025,21097,29010,10425,29005,18158
2020-06-11 09:39:28.32,29090.53,29015,5350,29020,23588,29010,10425,29005,18158
2020-06-11 09:39:30.00,29079.14,29020,10819,29025,23867,29010,12425,29005,20497
2020-06-11 09:39:30.81,29079.14,29015,5350,29020,23588,29010,10425,29005,18158
2020-06-11 09:39:31.71,29079.14,29020,10819,29025,23867,29010,10425,29005,20497
2020-06-11 09:39:32.52,29079.14,29015,347,29020,13589,29010,10425,29005,18158
2020-06-11 09:39:33.20,29079.14,29015,355,29020,10819,29010,10425,29005,20497
2020-06-11 09:39:34.02,29079.14,29015,355,29020,10819,29010,10425,29005,20497
2020-06-11 09:39:34.81,29079.14,29015,355,29020,10819,29010,10425,29005,20497
2020-06-11 09:39:35.41,29079.14,29015,355,29020,10819,29010,12624,29005,20497
2020-06-11 09:39:36.11,29079.14,29015,384,29020,7785,29010,15647,29005,20497
2020-06-11 09:39:36.70,29079.14,29020,10691,29025,23867,29010,12624,29005,20497
2020-06-11 09:39:38.11,29079.14,29020,10627,29025,23867,29010,15516,29005,20497
2020-06-11 09:39:38.72,29079.14,29020,10627,29025,23867,29015,500,29010,15516
2020-06-11 09:39:39.52,29079.14,29020,4821,29025,23867,29015,5913,29010,15516
2020-06-11 09:39:40.20,29078.47,29025,21097,29030,24832,29015,5913,29010,17855
2020-06-11 09:39:40.91,29078.47,29020,5521,29025,23867,29015,5911,29010,15516
2020-06-11 09:39:41.51,29078.47,29020,5521,29025,23867,29015,5911,29010,14474
2020-06-11 09:39:42.22,29078.47,29025,21097,29030,24832,29015,5911,29010,16813
2020-06-11 09:39:42.81,29078.47,29025,21097,29030,24832,29015,5911,29010,16813
2020-06-11 09:39:43.51,29078.47,29025,8080,29030,24832,29015,8977,29010,16814
2020-06-11 09:39:44.22,29078.47,29025,8780,29030,24837,29015,7911,29010,16814
2020-06-11 09:39:44.90,29078.47,29025,8780,29030,24837,29015,7911,29010,16814
2020-06-11 09:39:45.51,29078.47,29025,21836,29030,24837,29015,7911,29010,16814
2020-06-11 09:39:46.22,29078.47,29025,21836,29030,24837,29015,7911,29010,16814
2020-06-11 09:39:46.81,29078.47,29025,21836,29030,24837,29015,7871,29010,16814
2020-06-11 09:39:47.40,29078.47,29025,8080,29030,24837,29015,7871,29010,16814
2020-06-11 09:39:48.01,29078.47,29025,8063,29030,24837,29015,10939,29010,16814
2020-06-11 09:39:48.81,29078.47,29025,8639,29030,24837,29015,7871,29010,16814
2020-06-11 09:39:49.51,29078.47,29025,8639,29030,24837,29015,10885,29010,16814
2020-06-11 09:39:50.31,29061.38,29025,21715,29030,24837,29015,7872,29010,16814
2020-06-11 09:39:51.01,29061.38,29020,4821,29025,24485,29015,2461,29010,14475
2020-06-11 09:39:51.71,29061.38,29020,5021,29025,23885,29015,5875,29010,14475
2020-06-11 09:39:52.51,29061.38,29025,21115,29030,24837,29015,5875,29010,16814
2020-06-11 09:39:53.31,29061.38,29020,4821,29025,23885,29015,462,29010,14475
2020-06-11 09:39:53.92,29061.38,29020,5316,29025,23885,29015,462,29010,14475
2020-06-11 09:39:55.71,29061.38,29020,5386,29025,23885,29015,462,29010,14475
2020-06-11 09:39:56.31,29061.38,29020,10524,29025,23885,29015,462,29010,11473
2020-06-11 09:39:56.92,29061.38,29020,10524,29025,23885,29015,464,29010,11482
2020-06-11 09:39:57.60,29061.38,29020,10611,29025,23885,29015,464,29010,11482
2020-06-11 09:39:58.31,29061.38,29015,8050,29020,22680,29010,3536,29005,18158
2020-06-11 09:39:59.01,29061.38,29015,8049,29020,22680,29010,3536,29005,18158
2020-06-11 09:39:59.62,29061.38,29015,8049,29020,22680,29010,3536,29005,18158
2020-06-11 09:40:00.21,29081.26,29015,11145,29020,22680,29010,3538,29005,13523
2020-06-11 09:40:01.01,29081.26,29015,8065,29020,22680,29010,3538,29005,16531
2020-06-11 09:40:01.80,29081.26,29015,8065,29020,22680,29010,3548,29005,16531
2020-06-11 09:40:03.21,29081.26,29015,8065,29020,22680,29010,3548,29005,16531
2020-06-11 09:40:03.91,29081.26,29015,8065,29020,22680,29010,3333,29005,16531
2020-06-11 09:40:04.62,29081.26,29015,21076,29020,22680,29010,3333,29005,13523
2020-06-11 09:40:05.41,29081.26,29015,8065,29020,22680,29010,3333,29005,13523
2020-06-11 09:40:06.12,29081.26,29010,4332,29015,23210,29005,5323,29000,14075
2020-06-11 09:40:06.80,29081.26,29010,4332,29015,23210,29005,5323,29000,14075
2020-06-11 09:40:07.51,29081.26,29010,4321,29015,23210,29005,5323,29000,14075
2020-06-11 09:40:08.71,29081.26,29010,9386,29015,23210,29005,5323,29000,9566
2020-06-11 09:40:09.30,29081.26,29010,9456,29015,23140,29005,5322,29000,9566
2020-06-11 09:40:10.01,29054.82,29010,6391,29015,23140,29005,5322,29000,9566
2020-06-11 09:40:10.71,29054.82,29005,8900,29010,22206,29000,2833,28995,12873
2020-06-11 09:40:11.50,29054.82,29005,9300,29010,21706,29000,2833,28995,11322
2020-06-11 09:40:12.41,29054.82,29000,2670,29005,24814,28995,876,28990,14262
2020-06-11 09:40:13.30,29054.82,29000,5776,29005,24814,28995,876,28990,9628
2020-06-11 09:40:14.30,29054.82,28995,4010,29000,14810,28990,7628,28985,14474
2020-06-11 09:40:15.32,29054.82,28995,1,29000,11640,28990,12669,28985,16813
2020-06-11 09:40:16.00,29054.82,28995,1,29000,11640,28990,12767,28985,16813
2020-06-11 09:40:16.82,29054.82,28995,1,29000,11640,28990,9665,28985,16813
2020-06-11 09:40:17.61,29054.82,28995,6201,29000,24409,28990,7665,28985,14474
2020-06-11 09:40:18.64,29054.82,28995,1,29000,8600,28990,9666,28985,16813
2020-06-11 09:40:19.25,29048.18,29000,6200,29005,24884,28990,12667,28985,16813
2020-06-11 09:40:20.50,29048.18,29000,7100,29005,24884,28990,11291,28985,16813
2020-06-11 09:40:21.00,29048.18,29000,6205,29005,24884,28995,5413,28990,11291
2020-06-11 09:40:21.71,29048.18,29000,6205,29005,14885,28995,5413,28990,11291
2020-06-11 09:40:22.42,29048.18,29000,6205,29005,24884,28995,5413,28990,11291
2020-06-11 09:40:23.21,29048.18,29000,6205,29005,14885,28995,5413,28990,11292
2020-06-11 09:40:24.02,29048.18,29000,5,29005,22114,28995,7713,28990,13631
2020-06-11 09:40:24.70,29048.18,29000,6205,29005,14885,28995,7573,28990,11292
2020-06-11 09:40:25.41,29048.18,28995,520,29000,14085,28990,8291,28985,15759
2020-06-11 09:40:26.20,29048.18,28995,7619,29000,24084,28990,346,28985,15759
2020-06-11 09:40:26.91,29048.18,28995,7620,29000,24084,28990,6292,28985,15759
2020-06-11 09:40:27.52,29048.18,28995,7620,29000,24084,28990,346,28985,15759
2020-06-11 09:40:28.31,29048.18,28995,12827,29000,24084,28985,11121,28980,22500
2020-06-11 09:40:29.02,29048.18,28990,5854,28995,15597,28985,8221,28980,22500
2020-06-11 09:40:29.81,29045.47,28990,5853,28995,15597,28985,8231,28980,22500
2020-06-11 09:40:30.70,29045.47,28990,5843,28995,25950,28985,2030,28980,22500
2020-06-11 09:40:31.52,29045.47,28990,5843,28995,26020,28985,2030,28980,22500
2020-06-11 09:40:32.31,29045.47,28995,13251,29000,24084,28985,10230,28980,24839
2020-06-11 09:40:33.01,29045.47,28995,9142,29000,24084,28985,10230,28980,24839
2020-06-11 09:40:33.70,29045.47,28995,9142,29000,24084,28985,13240,28980,24839
2020-06-11 09:40:34.40,29045.47,29000,14085,29005,22094,28995,1557,28990,5946
2020-06-11 09:40:35.22,29045.47,28995,4779,29000,24084,28990,5946,28985,13240
2020-06-11 09:40:35.98,29045.47,28995,4779,29000,24084,28990,5767,28985,13240
2020-06-11 09:40:36.51,29045.47,28995,6779,29000,24084,28985,13290,28980,24839
2020-06-11 09:40:37.22,29045.47,28995,4779,29000,24084,28990,5767,28985,13290
2020-06-11 09:40:37.81,29045.47,28990,40,28995,4779,28985,13290,28980,24839
2020-06-11 09:40:38.42,29045.47,28995,4779,29000,24084,28985,13310,28980,24819
2020-06-11 09:40:39.01,29045.47,28995,4779,29000,24084,28990,5767,28985,13327
2020-06-11 09:40:39.81,29053.74,29000,8205,29005,24865,28990,7767,28985,15666
2020-06-11 09:40:40.51,29053.74,29000,8205,29005,24865,28990,10799,28985,13327
2020-06-11 09:40:41.31,29053.74,29000,5,29005,14763,28995,7273,28990,11177
2020-06-11 09:40:42.11,29053.74,29005,8981,29010,23660,29000,4728,28995,10286
2020-06-11 09:40:42.81,29053.74,29005,8981,29010,23660,28995,10286,28990,13517
2020-06-11 09:40:43.45,29053.74,29005,8981,29010,23660,28995,10286,28990,13534
2020-06-11 09:40:44.21,29053.74,29000,6200,29005,25749,28990,11195,28985,15666
2020-06-11 09:40:44.81,29053.74,29000,6300,29005,24854,28990,11195,28985,15666
2020-06-11 09:40:45.51,29053.74,29000,6200,29005,24804,28990,11195,28985,15666
2020-06-11 09:40:46.21,29053.74,29000,6200,29005,24804,28990,11195,28985,15666
2020-06-11 09:40:46.92,29053.74,29000,30,29005,12035,28995,7243,28990,13534
2020-06-11 09:40:47.81,29053.74,29010,7845,29015,24128,29005,2464,29000,9744
2020-06-11 09:40:48.60,29053.74,29010,8745,29015,24128,29005,2464,29000,9955
2020-06-11 09:40:49.51,29053.74,29010,5845,29015,24128,29005,8664,29000,9955
2020-06-11 09:40:50.21,29046.97,29010,5845,29015,24128,29005,8663,29000,9955
2020-06-11 09:40:50.92,29046.97,29010,8750,29015,24128,29005,2463,29000,9955
2020-06-11 09:40:51.60,29046.97,29010,5850,29015,24128,29005,2463,29000,9955
2020-06-11 09:40:52.21,29046.97,29010,5850,29015,24128,29005,2463,29000,9955
2020-06-11 09:40:52.81,29046.97,29010,5850,29015,24133,29005,2463,29000,9955
2020-06-11 09:40:53.41,29046.97,29010,6750,29015,24133,29005,2463,29000,9955
2020-06-11 09:40:54.12,29046.97,29010,6750,29015,24133,29005,2463,29000,9955
2020-06-11 09:40:54.71,29046.97,29010,6750,29015,24133,29005,2480,29000,9941
2020-06-11 09:40:55.21,29046.97,29010,5850,29015,24133,29005,2480,29000,9941
2020-06-11 09:40:55.91,29046.97,29010,7,29015,11364,29005,8730,29000,12380
2020-06-11 09:40:56.62,29046.97,29010,6750,29015,24133,29005,2524,29000,10041
2020-06-11 09:40:57.41,29046.97,29010,6750,29015,24133,29005,8724,29000,10051
2020-06-11 09:40:58.01,29046.97,29010,6746,29015,24133,29005,8574,29000,10051
2020-06-11 09:40:58.65,29046.97,29010,6746,29015,24133,29005,8579,29000,10051
2020-06-11 09:40:59.21,29046.97,29010,6746,29015,24133,29005,2379,29000,10051
2020-06-11 09:40:59.80,29069.96,29010,6746,29015,24133,29005,2379,29000,10051
2020-06-11 09:41:00.52,29069.96,29005,4565,29010,13644,29000,7037,28995,10257
2020-06-11 09:41:01.30,29069.96,29005,4465,29010,23643,29000,314,28995,10257
2020-06-11 09:41:02.21,29069.96,29005,6900,29010,13644,29000,7037,28995,10257
2020-06-11 09:41:02.91,29069.96,29005,7100,29010,23643,29000,314,28995,10257
2020-06-11 09:41:03.61,29069.96,29005,7100,29010,23643,29000,314,28995,10257
2020-06-11 09:41:04.33,29069.96,29005,7100,29010,23643,29000,314,28995,10257
2020-06-11 09:41:05.00,29069.96,29010,20873,29015,24236,29005,1,29000,7037
2020-06-11 09:41:05.61,29069.96,29010,10874,29015,24236,29005,1,29000,7037
2020-06-11 09:41:05.91,29069.96,29005,7199,29010,13644,29000,7037,28995,10257
2020-06-11 09:41:06.61,29069.96,29005,862,29010,10874,29000,6833,28995,12596
2020-06-11 09:41:07.21,29069.96,29010,11874,29015,24236,29000,9732,28995,12596
2020-06-11 09:41:08.00,29069.96,29010,5846,29015,24236,29005,6200,29000,9732
2020-06-11 09:41:08.61,29069.96,29010,5846,29015,24236,29005,6200,29000,9732
2020-06-11 09:41:09.41,29063.29,29020,8209,29025,25668,29015,2372,29010,9137
2020-06-11 09:41:10.41,29063.29,29020,9209,29025,25668,29015,2369,29010,12257
2020-06-11 09:41:11.31,29063.29,29020,8209,29025,25668,29015,2369,29010,12151
2020-06-11 09:41:12.21,29063.29,29020,8209,29025,25668,29015,2369,29010,12164
2020-06-11 09:41:13.00,29063.29,29020,9,29025,22898,29015,7612,29010,14503
2020-06-11 09:41:13.81,29063.29,29020,24020,29025,22898,29010,7137,29005,11230
2020-06-11 09:41:14.50,29063.29,29015,8200,29020,24020,29010,204,29005,8200
2020-06-11 09:41:15.31,29063.29,29015,8044,29020,24020,29010,205,29005,11249
2020-06-11 09:41:16.02,29063.29,29015,8044,29020,24020,29010,205,29005,11249
2020-06-11 09:41:16.61,29063.29,29015,9144,29020,24020,29010,207,29005,11299
2020-06-11 09:41:17.31,29063.29,29020,11251,29025,25668,29010,5770,29005,13638
2020-06-11 09:41:18.02,29063.29,29020,9,29025,22898,29015,5243,29010,13154
2020-06-11 09:41:18.61,29063.29,29020,9,29025,12899,29015,5243,29010,10815
2020-06-11 09:41:19.41,29063.29,29020,9105,29025,25668,29010,10915,29005,13640
2020-06-11 09:41:20.20,29050.15,29020,905,29025,25668,29015,5243,29010,10915
2020-06-11 09:41:21.11,29050.15,29020,7105,29025,25668,29015,5243,29010,10915
2020-06-11 09:41:21.91,29050.15,29020,9105,29025,28756,29015,5245,29010,10915
2020-06-11 09:41:22.61,29050.15,29020,9105,29025,28756,29015,2,29010,10915
2020-06-11 09:41:23.40,29050.15,29020,2030,29025,28756,29015,5185,29010,10915
2020-06-11 09:41:24.31,29050.15,29020,931,29025,28766,29015,5185,29010,10916
2020-06-11 09:41:25.01,29050.15,29020,931,29025,28766,29015,5185,29010,10916
2020-06-11 09:41:25.61,29050.15,29020,31,29025,15997,29015,7185,29010,13255
2020-06-11 09:41:26.40,29050.15,29020,1431,29025,28766,29015,5185,29010,10916
2020-06-11 09:41:27.22,29050.15,29020,7631,29025,28766,29015,5185,29010,10916
2020-06-11 09:41:28.01,29050.15,29020,1431,29025,28766,29015,5185,29010,10916
2020-06-11 09:41:28.61,29050.15,29020,1431,29025,28766,29015,5185,29010,10916
2020-06-11 09:41:29.31,29050.15,29020,7631,29025,28766,29015,157,29010,10916
2020-06-11 09:41:30.01,29052.76,29020,10652,29025,29335,29015,157,29010,7871
2020-06-11 09:41:30.71,29052.76,29020,7631,29025,29335,29015,5342,29010,10948
2020-06-11 09:41:31.40,29052.76,29020,7631,29025,29335,29015,5342,29010,10948
2020-06-11 09:41:32.11,29052.76,29020,7631,29025,29335,29015,157,29010,10948
2020-06-11 09:41:32.90,29052.76,29020,7631,29025,29335,29010,10948,29005,13642
2020-06-11 09:41:33.60,29052.76,29020,10671,29025,29335,29015,1,29010,7870
2020-06-11 09:41:34.31,29052.76,29015,7058,29020,24540,29010,5872,29005,11303
2020-06-11 09:41:35.01,29052.76,29015,7058,29020,24540,29010,5872,29005,11303
2020-06-11 09:41:35.60,29052.76,29015,1014,29020,11771,29010,5872,29005,11303
2020-06-11 09:41:36.21,29052.76,29015,14,29020,11771,29010,5872,29005,11303
2020-06-11 09:41:36.92,29052.76,29015,14,29020,11771,29010,7872,29005,13642
2020-06-11 09:41:37.51,29052.76,29015,7158,29020,24540,29010,5872,29005,11303
2020-06-11 09:41:38.12,29052.76,29020,11771,29025,29335,29015,297,29010,7872
2020-06-11 09:41:38.81,29052.76,29020,11771,29025,29335,29015,297,29010,7889
2020-06-11 09:41:39.48,29071.9,29020,11756,29025,29335,29015,297,29010,7889
2020-06-11 09:41:41.40,29071.9,29020,11756,29025,29335,29015,292,29010,7889
2020-06-11 09:41:42.10,29071.9,29020,14545,29025,26565,29015,292,29010,7889
2020-06-11 09:41:42.71,29071.9,29015,6852,29020,24544,29010,122,29005,11303
2020-06-11 09:41:43.41,29071.9,29015,6852,29020,24544,29010,122,29005,11303
2020-06-11 09:41:45.27,29071.9,29015,6852,29020,24544,29010,122,29005,11303
2020-06-11 09:41:45.80,29071.9,29015,7352,29020,24544,29010,122,29005,11303
2020-06-11 09:41:46.51,29071.9,29015,7352,29020,24544,29010,5889,29005,11303
2020-06-11 09:41:47.21,29071.9,29015,7352,29020,24044,29010,5889,29005,11303
2020-06-11 09:41:47.71,29071.9,29015,7352,29020,24044,29010,122,29005,11303
2020-06-11 09:41:48.41,29071.9,29015,7352,29020,24044,29010,122,29005,11303
2020-06-11 09:41:48.80,29071.9,29015,500,29020,21274,29010,7889,29005,13642
2020-06-11 09:41:49.41,29071.9,29020,2016,29025,29335,29015,4842,29010,10941
2020-06-11 09:41:50.21,29073.59,29020,9416,29025,29335,29015,500,29010,10941
2020-06-11 09:41:50.91,29073.59,29020,22457,29025,29335,29010,7849,29005,13642
2020-06-11 09:41:51.71,29073.59,29020,22457,29025,29335,29010,7849,29005,13642
2020-06-11 09:41:52.30,29073.59,29015,500,29020,9416,29010,7849,29005,13642
2020-06-11 09:41:53.11,29073.59,29020,9416,29025,29335,29015,5700,29010,10933
2020-06-11 09:41:53.91,29073.59,29020,9416,29025,29335,29015,5700,29010,10933
2020-06-11 09:41:54.61,29073.59,29020,9416,29025,29335,29010,10933,29005,13642
2020-06-11 09:41:55.71,29073.59,29020,9416,29025,29335,29010,10933,29005,13642
2020-06-11 09:41:56.32,29073.59,29020,9416,29025,29335,29015,5700,29010,10933
2020-06-11 09:41:56.91,29073.59,29020,9416,29025,29335,29010,10933,29005,13642
2020-06-11 09:41:57.61,29073.59,29020,9416,29025,29335,29010,10933,29005,13642
2020-06-11 09:41:58.21,29073.59,29020,15257,29025,26565,29010,7849,29005,11303
2020-06-11 09:41:58.91,29073.59,29020,9446,29025,29335,29015,5,29010,7849
2020-06-11 09:41:59.71,29078.15,29020,9446,29025,29335,29015,5711,29010,10871
2020-06-11 09:42:00.50,29078.15,29020,9446,29025,29335,29015,5706,29010,10871
2020-06-11 09:42:01.21,29078.15,29020,12534,29025,26247,29015,5706,29010,10871
2020-06-11 09:42:01.91,29078.15,29020,12520,29025,26247,29015,5706,29010,10871
2020-06-11 09:42:02.61,29078.15,29020,12520,29025,26247,29015,6,29010,10871
2020-06-11 09:42:03.31,29078.15,29020,12420,29025,26247,29015,6,29010,7849
2020-06-11 09:42:03.91,29078.15,29020,15539,29025,26247,29015,6,29010,7849
2020-06-11 09:42:04.61,29078.15,29015,5746,29020,27113,29010,5849,29005,11303
2020-06-11 09:42:05.41,29078.15,29015,5435,29020,27113,29010,5849,29005,11303
2020-06-11 09:42:06.11,29078.15,29020,24343,29025,25678,29010,7849,29005,13650
2020-06-11 09:42:07.52,29078.15,29015,5435,29020,27113,29010,82,29005,11311
2020-06-11 09:42:08.20,29078.15,29015,6635,29020,27113,29010,82,29005,11311
2020-06-11 09:42:08.81,29078.15,29015,5435,29020,27113,29010,82,29005,11311
2020-06-11 09:42:09.41,29081.37,29015,5435,29020,27113,29010,5849,29005,11311
2020-06-11 09:42:09.91,29081.37,29020,11194,29025,25678,29010,11062,29005,13650
2020-06-11 09:42:10.61,29081.37,29015,1,29020,11194,29010,7949,29005,13650
2020-06-11 09:42:11.11,29081.37,29015,1,29020,11194,29010,7949,29005,13650
2020-06-11 09:42:11.70,29081.37,29020,4994,29025,25678,29015,5700,29010,10971
2020-06-11 09:42:14.04,29081.37,29020,11323,29025,25678,29015,5650,29010,10971
2020-06-11 09:42:14.51,29081.37,29020,9323,29025,25678,29015,5650,29010,10971
2020-06-11 09:42:15.11,29081.37,29020,9323,29025,25678,29015,5700,29010,10971
2020-06-11 09:42:15.75,29081.37,29020,9323,29025,25678,29015,5700,29010,10971
2020-06-11 09:42:16.31,29081.37,29020,27256,29025,22908,29010,5949,29005,11311
2020-06-11 09:42:17.11,29081.37,29020,27256,29025,22908,29010,5949,29005,11311
2020-06-11 09:42:17.72,29081.37,29020,27256,29025,22908,29010,5949,29005,11311
2020-06-11 09:42:18.90,29081.37,29020,27256,29025,22908,29010,5949,29005,11311
2020-06-11 09:42:19.40,29081.37,29020,27256,29025,22908,29010,5949,29005,11311
2020-06-11 09:42:20.01,29085.9,29020,14487,29025,25678,29010,5949,29005,13650
2020-06-11 09:42:20.61,29085.9,29015,5435,29020,28254,29010,5949,29005,11311
2020-06-11 09:42:21.31,29085.9,29020,28254,29025,22908,29010,5949,29005,11311
2020-06-11 09:42:22.01,29085.9,29020,28254,29025,22908,29010,5949,29005,11311
2020-06-11 09:42:22.71,29085.9,29020,28254,29025,23618,29010,5949,29005,11311
2020-06-11 09:42:23.40,29085.9,29020,27154,29025,23618,29010,5949,29005,11311
2020-06-11 09:42:25.31,29085.9,29020,27154,29025,23598,29010,5949,29005,11311
2020-06-11 09:42:26.40,29085.9,29020,27154,29025,23598,29010,5949,29005,11311
2020-06-11 09:42:27.06,29085.9,29020,27154,29025,23598,29010,5849,29005,11311
2020-06-11 09:42:27.51,29085.9,29015,5435,29020,27154,29010,5849,29005,11311
2020-06-11 09:42:28.17,29085.9,29015,8435,29020,27154,29010,100,29005,11311
2020-06-11 09:42:28.71,29085.9,29015,8435,29020,27154,29010,100,29005,11311
2020-06-11 09:42:29.21,29085.9,29015,8435,29020,27154,29010,100,29005,11311
2020-06-11 09:42:30.21,29065.74,29015,8435,29020,27154,29010,100,29005,11311
2020-06-11 09:42:30.71,29065.74,29020,27154,29025,23598,29010,5849,29005,11311
2020-06-11 09:42:31.51,29065.74,29020,27154,29025,23598,29010,5850,29005,11311
2020-06-11 09:42:32.82,29065.74,29015,7435,29020,27154,29010,101,29005,11311
2020-06-11 09:42:33.50,29065.74,29015,8435,29020,27154,29010,104,29005,11311
2020-06-11 09:42:34.11,29065.74,29015,8465,29020,27154,29010,104,29005,11311
2020-06-11 09:42:34.71,29065.74,29015,8465,29020,27154,29010,104,29005,11311
2020-06-11 09:42:35.21,29065.74,29015,8465,29020,27154,29010,104,29005,11311
2020-06-11 09:42:35.81,29065.74,29015,14245,29020,24384,29010,104,29005,6262
2020-06-11 09:42:36.41,29065.74,29015,24244,29020,24384,29005,6262,29000,9900
2020-06-11 09:42:37.08,29065.74,29010,5843,29015,24244,29005,6265,29000,9900
2020-06-11 09:42:38.20,29065.74,29015,24244,29020,24384,29005,6265,29000,9900
2020-06-11 09:42:38.91,29065.74,29015,24244,29020,24384,29005,6265,29000,9900
2020-06-11 09:42:39.50,29065.74,29015,21474,29020,27154,29005,6265,29000,12239
2020-06-11 09:42:40.11,29082.38,29015,14245,29020,24384,29005,6265,29000,9900
2020-06-11 09:42:40.81,29082.38,29015,14245,29020,24384,29005,6265,29000,9900
2020-06-11 09:42:41.50,29082.38,29015,7465,29020,27154,29010,5749,29005,11290
2020-06-11 09:42:42.20,29082.38,29020,11323,29025,26368,29015,2470,29010,8913
2020-06-11 09:42:43.02,29082.38,29020,11323,29025,26368,29015,2470,29010,8913
2020-06-11 09:42:43.61,29082.38,29020,27137,29025,23598,29015,2470,29010,5853
2020-06-11 09:42:44.31,29082.38,29015,8800,29020,27137,29010,5953,29005,11290
2020-06-11 09:42:45.11,29082.38,29015,8800,29020,27137,29010,5953,29005,11290
2020-06-11 09:42:45.70,29082.38,29015,8800,29020,27137,29010,5963,29005,11290
2020-06-11 09:42:46.31,29082.38,29020,27137,29025,23598,29010,5963,29005,11290
2020-06-11 09:42:46.90,29082.38,29020,27139,29025,23598,29010,5963,29005,11290
2020-06-11 09:42:47.51,29082.38,29015,7100,29020,27139,29010,5950,29005,11290
2020-06-11 09:42:48.11,29082.38,29020,27139,29025,23598,29010,5950,29005,11290
2020-06-11 09:42:48.79,29082.38,29020,24369,29025,26668,29015,20,29010,5430
2020-06-11 09:42:49.40,29082.38,29020,24369,29025,26668,29010,5410,29005,13629
2020-06-11 09:42:50.01,29081.35,29020,14370,29025,26668,29010,5410,29005,11290
2020-06-11 09:42:50.72,29081.35,29015,6200,29020,28039,29010,5410,29005,11340
2020-06-11 09:42:51.40,29081.35,29015,7100,29020,27139,29010,5420,29005,11340
2020-06-11 09:42:52.22,29081.35,29015,6200,29020,27139,29010,5571,29005,11340
2020-06-11 09:42:52.90,29081.35,29015,6200,29020,27139,29010,5571,29005,11340
2020-06-11 09:42:53.61,29081.35,29020,27139,29025,23898,29010,5571,29005,11340
2020-06-11 09:42:54.21,29081.35,29020,27139,29025,23898,29010,5571,29005,11341
2020-06-11 09:42:54.92,29081.35,29020,27139,29025,23898,29010,5571,29005,11841
2020-06-11 09:42:56.21,29081.35,29020,14370,29025,26668,29010,5571,29005,14180
2020-06-11 09:42:56.90,29081.35,29020,24369,29025,26668,29010,5471,29005,14280
2020-06-11 09:42:57.71,29081.35,29020,14370,29025,26668,29010,5471,29005,14280
2020-06-11 09:42:58.31,29081.35,29020,14370,29025,26668,29010,5471,29005,14280
2020-06-11 09:42:59.10,29081.35,29020,14370,29025,26668,29010,7471,29005,14280
2020-06-11 09:42:59.81,29082.48,29020,9325,29025,26668,29015,5650,29010,10487
2020-06-11 09:43:01.21,29082.48,29020,9325,29025,26668,29015,5650,29010,10487
2020-06-11 09:43:01.84,29082.48,29020,3125,29025,26668,29015,5650,29010,10487
2020-06-11 09:43:02.43,29082.48,29020,3125,29025,26668,29015,5650,29010,10487
2020-06-11 09:43:04.32,29082.48,29020,2970,29025,26668,29015,5650,29010,10487
2020-06-11 09:43:05.51,29082.48,29020,2970,29025,26668,29015,5650,29010,10487
2020-06-11 09:43:06.41,29082.48,29020,2970,29025,26668,29015,5700,29010,10487
2020-06-11 09:43:07.01,29082.48,29020,9170,29025,26668,29015,5700,29010,10487
2020-06-11 09:43:08.51,29082.48,29020,3270,29025,13899,29015,5700,29010,12826
2020-06-11 09:43:09.21,29082.48,29020,3300,29025,13899,29015,5700,29010,12826
2020-06-11 09:43:09.91,29082.48,29020,3300,29025,23898,29015,5700,29010,12826
2020-06-11 09:43:10.62,29083.81,29020,3300,29025,23898,29015,5800,29010,12826
2020-06-11 09:43:11.41,29083.81,29025,3061,29030,42997,29020,5071,29015,10905
2020-06-11 09:43:12.30,29083.81,29030,23613,29035,26667,29025,7639,29020,10112
2020-06-11 09:43:13.01,29083.81,29030,25613,29035,26667,29025,1439,29020,10112
2020-06-11 09:43:13.71,29083.81,29025,297,29030,38382,29020,5071,29015,10905
2020-06-11 09:43:14.44,29083.81,29025,397,29030,41456,29020,5071,29015,10905
2020-06-11 09:43:15.01,29083.81,29025,397,29030,28687,29020,5071,29015,13244
2020-06-11 09:43:15.71,29083.81,29025,397,29030,28687,29020,5071,29015,13244
2020-06-11 09:43:16.30,29083.81,29030,19770,29035,26667,29025,5803,29020,10159
2020-06-11 09:43:17.00,29083.81,29030,17770,29035,26667,29025,5803,29020,10159
2020-06-11 09:43:17.71,29083.81,29030,1104,29035,43333,29025,5803,29020,10159
2020-06-11 09:43:18.21,29083.81,29030,1104,29035,43333,29025,5803,29020,10159
2020-06-11 09:43:18.80,29083.81,29030,1,29035,25929,29025,5803,29020,12498
2020-06-11 09:43:19.50,29086.48,29035,25929,29040,28635,29025,8845,29020,12600
2020-06-11 09:43:20.21,29086.48,29035,25929,29040,28635,29030,6200,29025,10845
2020-06-11 09:43:20.91,29086.48,29035,25929,29040,28635,29030,6200,29025,10845
2020-06-11 09:43:21.82,29086.48,29035,19929,29040,28635,29030,6200,29025,10847
2020-06-11 09:43:22.50,29086.48,29035,15429,29040,15866,29030,6200,29025,13186
2020-06-11 09:43:23.24,29086.48,29040,11250,29045,29256,29030,11243,29025,13186
2020-06-11 09:43:24.61,29086.48,29035,13975,29040,24329,29025,5805,29020,10261
2020-06-11 09:43:25.41,29086.48,29030,5843,29035,23974,29025,2,29020,10261
2020-06-11 09:43:26.11,29086.48,29030,7843,29035,24024,29025,2,29020,10266
2020-06-11 09:43:26.81,29086.48,29030,5843,29035,24024,29025,2,29020,10266
2020-06-11 09:43:27.45,29086.48,29030,5843,29035,14025,29025,5805,29020,10266
2020-06-11 09:43:28.00,29086.48,29030,5643,29035,24024,29025,5806,29020,10267
2020-06-11 09:43:28.61,29086.48,29035,14025,29040,24329,29025,5806,29020,10267
2020-06-11 09:43:29.31,29086.48,29030,5643,29035,24024,29025,5806,29020,10267
2020-06-11 09:43:29.91,29067.96,29035,11255,29040,27099,29025,5806,29020,12607
2020-06-11 09:43:30.70,29067.96,29040,5050,29045,29256,29035,2450,29030,11266
2020-06-11 09:43:31.41,29067.96,29040,3050,29045,29256,29035,8100,29030,11266
2020-06-11 09:43:32.11,29067.96,29040,9250,29045,29256,29035,8100,29030,11266
2020-06-11 09:43:32.81,29067.96,29040,11250,29045,29256,29035,2450,29030,11266
2020-06-11 09:43:33.51,29067.96,29040,11250,29045,29256,29035,2450,29030,11224
2020-06-11 09:43:34.31,29067.96,29040,11250,29045,29256,29035,2450,29030,8200
2020-06-11 09:43:34.89,29067.96,29040,11250,29045,29256,29030,6200,29025,13330
2020-06-11 09:43:35.61,29067.96,29035,9,29040,11250,29030,9280,29025,13330
2020-06-11 09:43:36.31,29067.96,29040,11250,29045,29256,29030,6200,29025,13330
2020-06-11 09:43:36.90,29067.96,29040,11250,29045,29256,29035,5650,29030,11296
2020-06-11 09:43:37.61,29067.96,29040,11250,29045,29256,29030,11296,29025,13330
2020-06-11 09:43:38.20,29067.96,29040,9250,29045,29256,29035,5650,29030,11296
2020-06-11 09:43:38.93,29067.96,29040,11250,29045,29256,29030,11296,29025,13330
2020-06-11 09:43:39.51,29067.96,29040,11260,29045,29256,29035,5650,29030,11296
2020-06-11 09:43:40.31,29084.06,29040,11260,29045,29256,29035,5650,29030,11296
2020-06-11 09:43:41.01,29084.06,29040,12060,29045,29256,29035,5650,29030,11296
2020-06-11 09:43:41.72,29084.06,29040,10060,29045,29256,29035,5650,29030,11296
2020-06-11 09:43:42.62,29084.06,29040,10060,29045,29256,29035,5650,29030,11296
2020-06-11 09:43:43.40,29084.06,29040,10460,29045,29256,29035,5650,29030,11396
2020-06-11 09:43:44.21,29084.06,29045,5662,29050,26469,29040,6213,29035,10658
2020-06-11 09:43:44.91,29084.06,29045,5692,29050,26469,29040,6263,29035,10658
2020-06-11 09:43:45.80,29084.06,29045,288,29050,23699,29040,6213,29035,13047
2020-06-11 09:43:46.71,29084.06,29050,9129,29055,25667,29040,11250,29035,13047
2020-06-11 09:43:47.71,29084.06,29045,6199,29050,25094,29040,13,29035,10908
2020-06-11 09:43:48.71,29084.06,29045,8199,29050,25094,29040,13,29035,10908
2020-06-11 09:43:50.61,29106.15,29045,8199,29050,25094,29040,13,29035,10908
2020-06-11 09:43:51.41,29106.15,29045,8198,29050,25094,29040,13,29035,10908
2020-06-11 09:43:52.11,29106.15,29045,8298,29050,25094,29040,13,29035,10909
2020-06-11 09:43:52.80,29106.15,29045,8298,29050,25094,29040,13,29035,10909
2020-06-11 09:43:54.71,29106.15,29045,8298,29050,25094,29040,13,29035,10909
2020-06-11 09:43:55.32,29106.15,29045,8298,29050,25094,29040,13,29035,10910
2020-06-11 09:43:55.86,29106.15,29045,8298,29050,25094,29040,116,29035,10910
2020-06-11 09:43:56.50,29106.15,29045,8298,29050,25094,29040,116,29035,10910
2020-06-11 09:43:57.11,29106.15,29045,8318,29050,25094,29040,116,29035,10910
2020-06-11 09:43:57.81,29106.15,29040,6200,29045,24131,29035,5902,29030,11599
2020-06-11 09:43:58.50,29106.15,29040,8200,29045,24131,29035,5904,29030,11599
2020-06-11 09:43:59.20,29106.15,29045,21361,29050,25094,29035,7904,29030,13938
2020-06-11 09:44:00.00,29096.72,29045,8318,29050,25094,29035,5904,29030,13938
2020-06-11 09:44:00.70,29096.72,29040,6200,29045,24309,29035,254,29030,11599
2020-06-11 09:44:01.50,29096.72,29040,6200,29045,24309,29035,5909,29030,11599
2020-06-11 09:44:02.31,29096.72,29040,6200,29045,24309,29035,5910,29030,11600
2020-06-11 09:44:03.11,29096.72,29040,6200,29045,24309,29035,260,29030,11600
2020-06-11 09:44:03.81,29096.72,29040,8200,29045,24309,29035,260,29030,11600
2020-06-11 09:44:04.41,29096.72,29040,8200,29045,24309,29035,260,29030,11602
2020-06-11 09:44:05.00,29096.72,29040,8199,29045,24309,29035,261,29030,11603
2020-06-11 09:44:06.31,29096.72,29040,8192,29045,24309,29035,261,29030,11603
2020-06-11 09:44:07.01,29096.72,29040,21241,29045,24309,29030,6508,29025,10900
2020-06-11 09:44:07.70,29096.72,29040,21241,29045,24309,29030,6508,29025,13239
2020-06-11 09:44:08.97,29096.72,29040,14026,29045,21539,29030,6508,29025,10900
2020-06-11 09:44:09.61,29119.82,29035,5938,29040,24025,29030,310,29025,10900
2020-06-11 09:44:10.31,29119.82,29035,5938,29040,24025,29030,310,29025,10900
2020-06-11 09:44:11.61,29119.82,29040,18191,29045,24309,29030,9520,29025,13239
2020-06-11 09:44:12.51,29119.82,29040,8192,29045,24309,29035,5650,29030,11520
2020-06-11 09:44:13.20,29119.82,29045,8318,29050,25094,29040,2500,29035,8695
2020-06-11 09:44:14.20,29119.82,29040,354,29045,18317,29035,8761,29030,13859
2020-06-11 09:44:15.01,29119.82,29040,6200,29045,24171,29035,2,29030,11520
2020-06-11 09:44:15.72,29119.82,29045,21087,29050,22324,29035,8685,29030,11520
2020-06-11 09:44:16.31,29119.82,29045,8318,29050,25094,29035,5652,29030,11520
2020-06-11 09:44:17.40,29119.82,29040,6190,29045,24133,29035,5652,29030,11520
2020-06-11 09:44:18.03,29119.82,29040,6190,29045,24133,29035,5652,29030,11520
2020-06-11 09:44:19.01,29119.82,29045,24133,29050,22324,29035,5552,29030,11520
2020-06-11 09:44:19.60,29118.24,29040,250,29045,8318,29035,10642,29030,13859
2020-06-11 09:44:20.31,29118.24,29045,8318,29050,25094,29040,6200,29035,10642
2020-06-11 09:44:21.01,29118.24,29045,30,29050,9129,29040,11309,29035,12981
2020-06-11 09:44:21.90,29118.24,29050,9129,29055,25405,29040,11309,29035,12983
2020-06-11 09:44:22.71,29118.24,29050,9129,29055,25405,29040,11309,29035,12983
2020-06-11 09:44:23.31,29118.24,29045,100,29050,9129,29040,11309,29035,12983
2020-06-11 09:44:23.92,29118.24,29045,100,29050,9131,29040,11309,29035,12983
2020-06-11 09:44:26.60,29118.24,29050,9131,29055,25405,29040,11309,29035,12983
2020-06-11 09:44:27.29,29118.24,29050,9131,29055,25405,29040,11709,29035,12983
2020-06-11 09:44:28.01,29118.24,29050,9131,29055,25405,29040,11309,29035,12983
2020-06-11 09:44:28.60,29118.24,29050,9131,29055,25405,29040,11309,29035,12983
2020-06-11 09:44:29.80,29118.78,29050,9131,29055,25405,29040,11309,29035,12984
2020-06-11 09:44:31.41,29118.78,29050,9131,29055,25405,29045,130,29040,11309
2020-06-11 09:44:32.10,29118.78,29050,9133,29055,25405,29045,130,29040,11309
2020-06-11 09:44:32.80,29118.78,29055,8028,29060,27243,29050,979,29045,8839
2020-06-11 09:44:33.51,29118.78,29055,8028,29060,27243,29050,979,29045,10846
2020-06-11 09:44:34.51,29118.78,29060,14474,29065,25867,29050,7179,29045,13185
2020-06-11 09:44:35.41,29118.78,29055,6200,29060,14474,29050,10179,29045,13185
2020-06-11 09:44:36.21,29118.78,29055,6200,29060,27243,29050,1979,29045,10846
2020-06-11 09:44:36.91,29118.78,29055,6070,29060,27243,29050,1979,29045,10716
2020-06-11 09:44:37.61,29118.78,29055,7070,29060,27243,29050,1979,29045,10716
2020-06-11 09:44:38.50,29118.78,29055,7047,29060,27243,29050,1979,29045,10716
2020-06-11 09:44:39.21,29118.78,29055,1000,29060,14474,29050,8179,29045,13055
2020-06-11 09:44:40.00,29119.08,29055,900,29060,24473,29050,7179,29045,13055
2020-06-11 09:44:40.80,29119.08,29055,900,29060,24473,29050,7184,29045,13050
2020-06-11 09:44:41.61,29119.08,29055,900,29060,14474,29050,8034,29045,13051
2020-06-11 09:44:42.61,29119.08,29055,900,29060,14474,29050,8034,29045,13051
2020-06-11 09:44:43.41,29119.08,29060,14474,29065,25872,29050,10034,29045,13052
2020-06-11 09:44:44.11,29119.08,29060,14474,29065,25872,29050,10034,29045,13053
2020-06-11 09:44:44.91,29119.08,29055,6047,29060,27243,29050,1834,29045,10714
2020-06-11 09:44:45.80,29119.08,29055,6047,29060,27243,29050,2134,29045,10714
2020-06-11 09:44:46.61,29119.08,29055,8027,29060,27243,29050,2134,29045,10714
2020-06-11 09:44:47.31,29119.08,29050,101,29055,8026,29045,10714,29040,13752
2020-06-11 09:44:48.00,29119.08,29050,1,29055,11040,29045,7686,29040,13752
2020-06-11 09:44:48.70,29119.08,29055,11066,29060,27243,29045,7686,29040,13752
2020-06-11 09:44:49.41,29122.95,29055,8026,29060,27243,29045,7686,29040,13752
2020-06-11 09:44:50.20,29122.95,29055,6026,29060,27243,29045,10726,29040,13753
2020-06-11 09:44:50.91,29122.95,29055,8026,29060,27243,29045,10726,29040,13754
2020-06-11 09:44:51.61,29122.95,29055,8026,29060,27243,29045,10726,29040,13754
2020-06-11 09:44:52.31,29122.95,29050,5200,29055,23812,29045,3,29040,11415
2020-06-11 09:44:53.00,29122.95,29055,11143,29060,27243,29045,5686,29040,13754
2020-06-11 09:44:53.70,29122.95,29050,5200,29055,23912,29045,5686,29040,11415
2020-06-11 09:44:54.41,29122.95,29050,5042,29055,23912,29045,3,29040,11415
2020-06-11 09:44:55.11,29122.95,29055,11143,29060,27243,29045,5686,29040,13754
2020-06-11 09:44:55.91,29122.95,29055,6131,29060,27243,29050,6200,29045,10706
2020-06-11 09:44:56.61,29122.95,29055,6161,29060,27243,29045,10711,29040,13754
2020-06-11 09:44:57.31,29122.95,29055,9011,29060,27243,29045,10711,29040,13754
2020-06-11 09:44:58.11,29122.95,29055,12044,29060,27243,29045,7691,29040,13754
2020-06-11 09:44:58.81,29122.95,29055,12047,29060,27243,29045,7691,29040,13754
2020-06-11 09:44:59.51,29122.95,29055,12047,29060,27243,29045,7691,29040,13754
2020-06-11 09:45:00.11,29127.79,29055,7014,29060,14474,29050,6200,29045,13046
2020-06-11 09:45:00.81,29127.79,29050,11130,29055,24838,29045,8,29040,8306
2020-06-11 09:45:01.51,29127.79,29050,11165,29055,24838,29045,8,29040,8306
2020-06-11 09:45:02.31,29127.79,29050,9165,29055,24838,29045,1,29040,8306
2020-06-11 09:45:03.11,29127.79,29045,6068,29050,11165,29040,174,29035,10853
2020-06-11 09:45:03.90,29127.79,29045,6067,29050,11165,29040,4,29035,13219
2020-06-11 09:45:04.81,29127.79,29045,6067,29050,11165,29040,8,29035,7817
2020-06-11 09:45:05.61,29127.79,29045,6067,29050,11165,29040,8,29035,13264
2020-06-11 09:45:06.20,29127.79,29045,6067,29050,11165,29040,8208,29035,13264
2020-06-11 09:45:06.90,29127.79,29045,6067,29050,11165,29040,6208,29035,13265
2020-06-11 09:45:07.60,29127.79,29045,6067,29050,11165,29040,6208,29035,13265
2020-06-11 09:45:08.31,29127.79,29045,6067,29050,11791,29040,8228,29035,13266
2020-06-11 09:45:09.01,29127.79,29045,6067,29050,11791,29040,132,29035,13266
2020-06-11 09:45:09.60,29103.7,29045,6067,29050,11791,29040,132,29035,13266
2020-06-11 09:45:10.40,29103.7,29050,11892,29055,25028,29040,8332,29035,13266
2020-06-11 09:45:11.31,29103.7,29045,6067,29050,11892,29040,5812,29035,13230
2020-06-11 09:45:12.31,29103.7,29045,6067,29050,11892,29040,5812,29035,13230
2020-06-11 09:45:13.01,29103.7,29045,5863,29050,12742,29035,13230,29030,22439
2020-06-11 09:45:13.71,29103.7,29045,8901,29050,12936,29035,10158,29030,22439
2020-06-11 09:45:14.51,29103.7,29045,5863,29050,12936,29040,8012,29035,13158
2020-06-11 09:45:15.21,29103.7,29050,7971,29055,11409,29040,13358,29035,20818
2020-06-11 09:45:15.81,29103.7,29050,7971,29055,11409,29040,13358,29035,20818
2020-06-11 09:45:16.41,29103.7,29050,7971,29055,11409,29045,5991,29040,13359
2020-06-11 09:45:17.01,29103.7,29050,7971,29055,11409,29045,5991,29040,13359
2020-06-11 09:45:17.51,29103.7,29050,7971,29055,11409,29045,5991,29040,13359
2020-06-11 09:45:18.10,29103.7,29050,7971,29055,11409,29045,5991,29040,13359
2020-06-11 09:45:18.71,29103.7,29050,7971,29055,11409,29045,5991,29040,13359
2020-06-11 09:45:19.30,29103.7,29050,7971,29055,11409,29045,308,29040,13359
2020-06-11 09:45:19.93,29130.94,29050,7971,29055,11409,29045,5991,29040,13360
2020-06-11 09:45:20.71,29130.94,29050,7971,29055,11409,29045,5991,29040,13360
2020-06-11 09:45:21.51,29130.94,29055,6354,29060,14300,29050,6200,29045,13398
2020-06-11 09:45:22.30,29130.94,29055,11451,29060,27069,29050,6200,29045,7991
2020-06-11 09:45:23.01,29130.94,29055,11451,29060,27069,29050,6200,29045,7991
2020-06-11 09:45:23.60,29130.94,29055,11451,29060,27069,29050,6200,29045,7991
2020-06-11 09:45:24.91,29130.94,29055,6354,29060,14300,29050,6200,29045,10330
2020-06-11 09:45:25.61,29130.94,29055,11502,29060,27069,29050,6200,29045,7991
2020-06-11 09:45:26.30,29130.94,29055,11502,29060,27069,29050,6200,29045,7991
2020-06-11 09:45:27.61,29130.94,29050,13171,29055,12002,29045,308,29040,11064
2020-06-11 09:45:28.41,29130.94,29050,12921,29055,24771,29045,308,29040,8016
2020-06-11 09:45:29.00,29130.94,29050,12921,29055,12002,29045,308,29040,8016
2020-06-11 09:45:29.71,29115.96,29045,5555,29050,12921,29040,8016,29035,13161
2020-06-11 09:45:30.43,29115.96,29050,12921,29055,24771,29040,8016,29035,13161
2020-06-11 09:45:31.00,29115.96,29045,5555,29050,14521,29040,6016,29035,13161
2020-06-11 09:45:31.91,29115.96,29040,5812,29045,10583,29035,2270,29030,14782
2020-06-11 09:45:32.80,29115.96,29040,5842,29045,10583,29035,2270,29030,14782
2020-06-11 09:45:33.61,29115.96,29045,10531,29050,15691,29035,7822,29030,24781
2020-06-11 09:45:34.41,29115.96,29045,10511,29050,25690,29035,7824,29030,14782
2020-06-11 09:45:35.00,29115.96,29040,10828,29045,14786,29030,9433,29025,24733
2020-06-11 09:45:35.72,29115.96,29040,8828,29045,13286,29035,10,29030,9433
2020-06-11 09:45:36.70,29115.96,29035,5543,29040,11028,29030,9433,29025,14734
2020-06-11 09:45:37.81,29115.96,29035,5548,29040,11028,29030,9435,29025,14734
2020-06-11 09:45:38.70,29115.96,29035,12059,29040,13893,29030,149,29025,7774
2020-06-11 09:45:39.61,29106.42,29035,10559,29040,13893,29025,7774,29020,29220
2020-06-11 09:45:40.51,29106.42,29035,5548,29040,11123,29030,8202,29025,13188
2020-06-11 09:45:41.40,29106.42,29035,5,29040,11123,29030,8202,29025,13188
2020-06-11 09:45:42.11,29106.42,29035,5,29040,11123,29030,8253,29025,13188
2020-06-11 09:45:42.81,29106.42,29035,5543,29040,9912,29030,8253,29025,13190
2020-06-11 09:45:43.61,29106.42,29035,5543,29040,9912,29030,8253,29025,13190
2020-06-11 09:45:44.31,29106.42,29035,5543,29040,9912,29030,8253,29025,13490
2020-06-11 09:45:45.10,29106.42,29035,5543,29040,9912,29030,8253,29025,13490
2020-06-11 09:45:45.70,29106.42,29035,9951,29040,8512,29030,6222,29025,10415
2020-06-11 09:45:46.40,29106.42,29040,8512,29045,13286,29030,8222,29025,23453
2020-06-11 09:45:47.10,29106.42,29040,8201,29045,23285,29030,8222,29025,13454
2020-06-11 09:45:47.79,29106.42,29035,5535,29040,8401,29030,8222,29025,13454
2020-06-11 09:45:48.51,29106.42,29040,8401,29045,23285,29030,8222,29025,13454
2020-06-11 09:45:49.10,29106.42,29035,5534,29040,8401,29030,8222,29025,13454
2020-06-11 09:45:50.31,29102.88,29040,105,29045,5439,29035,11696,29030,21281
2020-06-11 09:45:51.21,29102.88,29040,74,29045,7439,29035,9357,29030,23620
2020-06-11 09:45:52.01,29102.88,29045,5,29050,11153,29040,5762,29035,14734
2020-06-11 09:45:52.71,29102.88,29045,5439,29050,11153,29040,5762,29035,14734
2020-06-11 09:45:53.51,29102.88,29045,5,29050,11154,29040,5762,29035,14906
2020-06-11 09:45:54.21,29102.88,29045,7039,29050,11154,29040,4,29035,14906
2020-06-11 09:45:54.93,29102.88,29045,5439,29050,11154,29040,5757,29035,14906
2020-06-11 09:45:55.51,29102.88,29045,5,29050,11154,29040,5757,29035,14906
2020-06-11 09:45:56.10,29102.88,29045,5,29050,11154,29040,7757,29035,14906
2020-06-11 09:45:56.71,29102.88,29050,6251,29055,12700,29045,5683,29040,13097
2020-06-11 09:45:57.41,29102.88,29050,6251,29055,12700,29045,5683,29040,13097
2020-06-11 09:45:58.10,29102.88,29050,106,29055,12700,29045,5683,29040,13097
2020-06-11 09:45:58.80,29102.88,29050,7851,29055,12700,29045,5683,29040,13097
2020-06-11 09:45:59.60,29104.21,29050,10905,29055,25469,29045,50,29040,7757
2020-06-11 09:46:00.41,29104.21,29050,10905,29055,25469,29040,7757,29035,14956
2020-06-11 09:46:01.21,29104.21,29050,11205,29055,25469,29040,7757,29035,14956
2020-06-11 09:46:02.10,29104.21,29045,50,29050,12205,29040,7757,29035,14956
2020-06-11 09:46:02.80,29104.21,29045,1,29050,12269,29040,5757,29035,14956
2020-06-11 09:46:03.60,29104.21,29050,12269,29055,25469,29040,7757,29035,14956
2020-06-11 09:46:04.50,29104.21,29050,12269,29055,25469,29040,6607,29035,14956
2020-06-11 09:46:05.21,29104.21,29050,12269,29055,25469,29040,8607,29035,14956
2020-06-11 09:46:06.00,29104.21,29050,1406,29055,12700,29045,5633,29040,14037
2020-06-11 09:46:06.82,29104.21,29055,6820,29060,27267,29045,7633,29040,14037
2020-06-11 09:46:07.50,29104.21,29055,12065,29060,27267,29045,7633,29040,14037
2020-06-11 09:46:08.21,29104.21,29055,12075,29060,27267,29045,7633,29040,14037
2020-06-11 09:46:08.80,29104.21,29055,12075,29060,27267,29045,5633,29040,14037
2020-06-11 09:46:09.30,29104.21,29055,12075,29060,27267,29045,5635,29040,14037
2020-06-11 09:46:09.91,29099.69,29055,12075,29060,27267,29045,10660,29040,14037
2020-06-11 09:46:11.24,29099.69,29055,11575,29060,27267,29045,10660,29040,14037
2020-06-11 09:46:11.81,29099.69,29055,6065,29060,14498,29050,6200,29045,12999
2020-06-11 09:46:12.50,29099.69,29055,6065,29060,14498,29050,5354,29045,12999
2020-06-11 09:46:13.20,29099.69,29055,6080,29060,27267,29045,10660,29040,14039
2020-06-11 09:46:14.11,29099.69,29055,7480,29060,27267,29045,7635,29040,14039
2020-06-11 09:46:14.81,29099.69,29055,1046,29060,14498,29050,5354,29045,13024
2020-06-11 09:46:15.61,29099.69,29060,13044,29065,22366,29050,9693,29045,20684
2020-06-11 09:46:16.50,29099.69,29060,13044,29065,25136,29050,5354,29045,13024
2020-06-11 09:46:17.61,29099.69,29055,6915,29060,14344,29050,2,29045,13124
2020-06-11 09:46:18.41,29099.69,29055,8200,29060,14344,29050,5360,29045,13124
2020-06-11 09:46:19.11,29099.69,29055,11258,29060,27113,29050,6,29045,7737
2020-06-11 09:46:19.81,29122.39,29055,11308,29060,25813,29045,7737,29040,14039
2020-06-11 09:46:20.61,29122.39,29055,8250,29060,25813,29045,10843,29040,14039
2020-06-11 09:46:21.40,29122.39,29055,8250,29060,25813,29045,7737,29040,14039
2020-06-11 09:46:22.11,29122.39,29055,8250,29060,25813,29045,10842,29040,14039
2020-06-11 09:46:22.81,29122.39,29055,11317,29060,25813,29050,1,29045,5842
2020-06-11 09:46:23.40,29122.39,29055,6250,29060,23813,29045,8883,29040,12040
2020-06-11 09:46:24.40,29122.39,29055,7550,29060,23813,29045,8883,29040,12040
2020-06-11 09:46:25.01,29122.39,29050,6145,29055,10588,29045,5842,29040,12040
2020-06-11 09:46:25.61,29122.39,29055,7550,29060,23813,29045,5842,29040,12040
2020-06-11 09:46:26.31,29122.39,29050,7344,29055,9302,29045,210,29040,12041
2020-06-11 09:46:27.11,29122.39,29050,7344,29055,9302,29045,5843,29040,12041
2020-06-11 09:46:27.84,29122.39,29055,9302,29060,23813,29050,1,29045,5893
2020-06-11 09:46:28.40,29122.39,29050,6144,29055,10502,29045,5894,29040,12042
2020-06-11 09:46:29.11,29122.39,29050,6144,29055,10502,29045,5999,29040,12042
2020-06-11 09:46:29.70,29102.71,29050,6144,29055,10502,29045,366,29040,12042
2020-06-11 09:46:30.31,29102.71,29050,7344,29055,9302,29045,366,29040,12042
2020-06-11 09:46:31.01,29102.71,29060,8594,29065,23136,29050,5355,29045,11400
2020-06-11 09:46:31.70,29102.71,29060,8594,29065,20366,29050,7694,29045,9061
2020-06-11 09:46:32.31,29102.71,29060,9894,29065,23136,29050,5355,29045,11401
2020-06-11 09:46:33.01,29102.71,29060,8594,29065,20366,29050,7694,29045,9062
2020-06-11 09:46:33.60,29102.71,29060,8594,29065,20366,29050,7681,29045,9062
2020-06-11 09:46:34.17,29102.71,29060,8594,29065,20366,29050,7681,29045,9062
2020-06-11 09:46:34.71,29102.71,29060,1,29065,10367,29055,5552,29050,10770
2020-06-11 09:46:35.40,29102.71,29060,1,29065,10367,29055,5552,29050,10770
2020-06-11 09:46:36.10,29102.71,29060,1,29065,10367,29055,5552,29050,10770
2020-06-11 09:46:36.81,29102.71,29060,1,29065,10367,29055,5552,29050,10770
2020-06-11 09:46:37.51,29102.71,29060,6201,29065,10367,29055,5552,29050,10770
2020-06-11 09:46:38.10,29102.71,29060,1,29065,10367,29055,5546,29050,10780
2020-06-11 09:46:38.90,29102.71,29060,6201,29065,10367,29055,5546,29050,10780
2020-06-11 09:46:40.31,29126.6,29060,6601,29065,23136,29050,9291,29045,11362
2020-06-11 09:46:41.10,29126.6,29060,10512,29065,23136,29050,6252,29045,11362
2020-06-11 09:46:42.41,29126.6,29060,10512,29065,23136,29050,6042,29045,11362
2020-06-11 09:46:43.01,29126.6,29060,10542,29065,23136,29055,155,29050,6042
2020-06-11 09:46:43.69,29126.6,29060,10442,29065,23136,29050,5992,29045,11362
2020-06-11 09:46:44.21,29126.6,29060,9742,29065,23136,29050,5992,29045,11362
2020-06-11 09:46:44.83,29126.6,29060,6231,29065,23136,29050,5992,29045,11362
2020-06-11 09:46:45.41,29126.6,29060,6231,29065,23136,29050,5993,29045,11364
2020-06-11 09:46:45.82,29126.6,29060,6231,29065,23136,29050,5993,29045,11364
2020-06-11 09:46:46.30,29126.6,29060,6231,29065,23136,29050,5993,29045,11364
2020-06-11 09:46:46.88,29126.6,29060,6231,29065,23136,29050,5993,29045,11364
2020-06-11 09:46:47.30,29126.6,29060,7431,29065,23136,29050,5993,29045,11364
2020-06-11 09:46:47.80,29126.6,29055,6200,29060,10455,29050,652,29045,11364
2020-06-11 09:46:49.47,29126.6,29060,10455,29065,23136,29050,5993,29045,11364
2020-06-11 09:46:50.01,29113.36,29055,6200,29060,10455,29050,5993,29045,11364
2020-06-11 09:46:50.74,29113.36,29060,10455,29065,23136,29050,5993,29045,11364
2020-06-11 09:46:52.00,29113.36,29060,10460,29065,23136,29050,5995,29045,11364
2020-06-11 09:46:52.50,29113.36,29060,10460,29065,23136,29050,5995,29045,11364
2020-06-11 09:46:53.16,29113.36,29055,6200,29060,10460,29050,5995,29045,11364
2020-06-11 09:46:53.50,29113.36,29055,6200,29060,10460,29050,5995,29045,11364
2020-06-11 09:46:54.16,29113.36,29055,10318,29060,22029,29050,654,29045,5963
2020-06-11 09:46:54.61,29113.36,29050,7344,29055,9218,29045,5963,29040,11281
2020-06-11 09:46:55.21,29113.36,29055,9218,29060,22029,29050,5995,29045,5963
2020-06-11 09:46:56.41,29113.36,29055,9218,29060,22029,29050,5995,29045,5963
2020-06-11 09:46:56.91,29113.36,29055,9218,29060,22029,29050,6191,29045,5963
2020-06-11 09:46:57.50,29113.36,29055,9218,29060,22029,29050,6191,29045,5963
2020-06-11 09:46:58.00,29113.36,29055,9218,29060,22029,29050,5980,29045,5963
2020-06-11 09:46:59.21,29111.4,29050,264,29055,10418,29045,330,29040,11281
2020-06-11 09:46:59.80,29111.4,29050,1464,29055,9218,29045,330,29040,11281
2020-06-11 09:47:00.41,29111.4,29050,1464,29055,19217,29045,1,29040,8190
2020-06-11 09:47:01.20,29111.4,29050,4483,29055,21987,29040,5851,29035,11400
2020-06-11 09:47:02.11,29111.4,29050,3283,29055,9218,29040,11207,29035,19060
2020-06-11 09:47:02.70,29111.4,29050,264,29055,10068,29040,11207,29035,19060
2020-06-11 09:47:03.31,29111.4,29050,4574,29055,22837,29040,5851,29035,11400
2020-06-11 09:47:03.91,29111.4,29055,10068,29060,22029,29045,5633,29040,11263
2020-06-11 09:47:04.61,29111.4,29055,850,29060,9260,29050,5341,29045,11064
2020-06-11 09:47:05.33,29111.4,29055,850,29060,9260,29050,5341,29045,11064
2020-06-11 09:47:05.91,29111.4,29055,965,29060,9260,29050,5340,29045,11064
2020-06-11 09:47:06.61,29111.4,29055,965,29060,9260,29050,5340,29045,11066
2020-06-11 09:47:07.31,29111.4,29055,965,29060,9260,29050,5340,29045,11066
2020-06-11 09:47:08.00,29111.4,29055,965,29060,9260,29050,5340,29045,11066
2020-06-11 09:47:08.61,29111.4,29060,35,29065,10318,29055,5546,29050,10692
2020-06-11 09:47:09.31,29111.4,29060,35,29065,10318,29055,5533,29050,10692
2020-06-11 09:47:09.95,29114.41,29060,35,29065,20317,29055,5533,29050,10708
2020-06-11 09:47:10.40,29114.41,29060,35,29065,10318,29055,5533,29050,10708
2020-06-11 09:47:11.01,29114.41,29060,6235,29065,10318,29055,5533,29050,10708
2020-06-11 09:47:11.70,29114.41,29060,6235,29065,10318,29050,10708,29045,18726
2020-06-11 09:47:12.40,29114.41,29060,6235,29065,10318,29055,2,29050,10708
2020-06-11 09:47:13.12,29114.41,29060,7535,29065,23087,29055,2,29050,8369
2020-06-11 09:47:13.70,29114.41,29060,3735,29065,10318,29055,2,29050,8369
2020-06-11 09:47:14.40,29114.41,29060,8198,29065,23087,29055,2,29050,5342
2020-06-11 09:47:15.01,29114.41,29060,8198,29065,23087,29055,2,29050,5342
2020-06-11 09:47:15.61,29114.41,29060,8133,29065,23087,29055,102,29050,5342
2020-06-11 09:47:16.28,29114.41,29060,8133,29065,23087,29050,5342,29045,11116
2020-06-11 09:47:18.11,29114.41,29060,8163,29065,23087,29050,5542,29045,11116
2020-06-11 09:47:19.11,29114.41,29060,3701,29065,20317,29050,10883,29045,8777
2020-06-11 09:47:19.81,29120.06,29060,3701,29065,10318,29055,5518,29050,10883
2020-06-11 09:47:20.40,29120.06,29060,31,29065,10318,29055,5518,29050,10883
2020-06-11 09:47:21.10,29120.06,29060,31,29065,10318,29055,5568,29050,10883
2020-06-11 09:47:21.90,29120.06,29065,5386,29070,14375,29060,5757,29055,10953
2020-06-11 09:47:22.64,29120.06,29060,100,29065,8405,29055,5568,29050,10883
2020-06-11 09:47:23.31,29120.06,29065,8405,29070,27144,29055,5568,29050,10883
2020-06-11 09:47:24.10,29120.06,29065,8405,29070,27144,29055,5569,29050,10883
2020-06-11 09:47:24.71,29120.06,29065,8805,29070,27144,29055,5569,29050,10883
2020-06-11 09:47:25.31,29120.06,29065,8405,29070,27144,29055,5569,29050,10883
2020-06-11 09:47:25.81,29120.06,29065,9805,29070,27144,29055,1569,29050,10883
2020-06-11 09:47:26.40,29120.06,29065,8405,29070,27144,29055,1569,29050,10883
2020-06-11 09:47:27.01,29120.06,29065,8405,29070,27144,29055,1577,29050,10883
2020-06-11 09:47:27.62,29120.06,29060,6200,29065,22674,29050,5542,29045,11188
2020-06-11 09:47:28.10,29120.06,29060,10727,29065,21174,29050,5542,29045,11188
2020-06-11 09:47:29.91,29099.22,29060,6200,29065,18404,29055,6200,29050,11073
2020-06-11 09:47:30.51,29099.22,29060,6200,29065,21174,29050,8734,29045,11188
2020-06-11 09:47:31.21,29099.22,29060,6200,29065,18404,29055,12,29050,11073
2020-06-11 09:47:31.80,29099.22,29060,10754,29065,21174,29055,12,29050,5542
2020-06-11 09:47:32.51,29099.22,29060,9354,29065,21174,29055,12,29050,5542
2020-06-11 09:47:34.10,29099.22,29060,9354,29065,8405,29055,12,29050,5702
2020-06-11 09:47:34.80,29099.22,29055,407,29060,6300,29050,11070,29045,8849
2020-06-11 09:47:35.41,29099.22,29060,6300,29065,18404,29050,11070,29045,8849
2020-06-11 09:47:36.60,29099.22,29060,6300,29065,18404,29055,6200,29050,11070
2020-06-11 09:47:37.30,29099.22,29060,6300,29065,18404,29055,6200,29050,11070
2020-06-11 09:47:37.91,29099.22,29060,6300,29065,18404,29055,6200,29050,11071
2020-06-11 09:47:38.61,29099.22,29065,8405,29070,27144,29060,2400,29055,6202
2020-06-11 09:47:39.21,29099.22,29065,8405,29070,27144,29060,2300,29055,6202
2020-06-11 09:47:39.80,29115.3,29065,8405,29070,27144,29060,1729,29055,6202
2020-06-11 09:47:40.41,29115.3,29060,4698,29065,9705,29055,6203,29050,11222
2020-06-11 09:47:41.00,29115.3,29060,100,29065,9705,29055,6203,29050,11222
2020-06-11 09:47:41.60,29115.3,29060,100,29065,9705,29055,6203,29050,11222
2020-06-11 09:47:42.10,29115.3,29060,6298,29065,8405,29055,6203,29050,11295
2020-06-11 09:47:43.89,29115.3,29060,6298,29065,8405,29055,6203,29050,11295
2020-06-11 09:47:44.50,29115.3,29065,7603,29070,27144,29060,2500,29055,6203
2020-06-11 09:47:45.21,29115.3,29060,8300,29065,18772,29055,3,29050,5927
2020-06-11 09:47:45.80,29115.3,29060,8300,29065,18772,29055,3,29050,5927
2020-06-11 09:47:46.50,29115.3,29060,8300,29065,18772,29055,3,29050,5927
2020-06-11 09:47:47.11,29115.3,29055,6194,29060,7223,29050,5927,29045,11192
2020-06-11 09:47:47.80,29115.3,29055,6194,29060,6323,29050,5927,29045,11118
2020-06-11 09:47:48.50,29115.3,29055,6194,29060,6323,29050,5827,29045,11118
2020-06-11 09:47:50.20,29102.57,29055,6194,29060,6323,29050,5827,29045,11121
2020-06-11 09:47:50.81,29102.57,29055,6194,29060,6323,29050,487,29045,11121
2020-06-11 09:47:52.00,29102.57,29055,6194,29060,6323,29050,487,29045,11121
2020-06-11 09:47:52.61,29102.57,29060,5,29065,6003,29055,8700,29050,11218
2020-06-11 09:47:53.31,29102.57,29060,5,29065,6003,29055,8710,29050,11218
2020-06-11 09:47:54.00,29102.57,29060,6235,29065,6003,29055,8710,29050,11218
2020-06-11 09:47:54.70,29102.57,29060,6235,29065,6003,29055,8710,29050,11318
2020-06-11 09:47:55.50,29102.57,29060,6238,29065,6003,29055,8713,29050,11318
2020-06-11 09:47:56.11,29102.57,29060,6238,29065,6003,29055,2513,29050,11318
2020-06-11 09:47:56.81,29102.57,29060,6238,29065,6003,29055,8713,29050,11318
2020-06-11 09:47:57.50,29102.57,29060,6213,29065,6003,29055,8713,29050,11318
2020-06-11 09:47:58.03,29102.57,29060,6213,29065,6003,29055,8360,29050,11318
2020-06-11 09:47:58.70,29102.57,29060,6203,29065,6003,29055,8410,29050,11318
2020-06-11 09:47:59.90,29117.19,29060,6203,29065,6003,29055,8510,29050,11218
2020-06-11 09:48:00.61,29117.19,29060,6203,29065,6003,29055,8510,29050,11218
2020-06-11 09:48:01.40,29117.19,29060,9217,29065,18772,29055,1002,29050,5830
2020-06-11 09:48:02.11,29117.19,29060,6203,29065,6003,29055,7202,29050,11232
2020-06-11 09:48:02.90,29117.19,29060,33,29065,6003,29055,7202,29050,11232
2020-06-11 09:48:03.61,29117.19,29065,3503,29070,24374,29055,9541,29050,8893
2020-06-11 09:48:04.31,29117.19,29065,3503,29070,27144,29055,7202,29050,11382
2020-06-11 09:48:05.01,29117.19,29065,5103,29070,27144,29055,7196,29050,11382
2020-06-11 09:48:05.61,29117.19,29065,5103,29070,27144,29055,7171,29050,11382
2020-06-11 09:48:07.81,29117.19,29065,3503,29070,27144,29055,7171,29050,11382
2020-06-11 09:48:08.51,29117.19,29065,5103,29070,27144,29055,7171,29050,11382
2020-06-11 09:48:09.20,29117.19,29060,9203,29065,17872,29055,971,29050,5985
2020-06-11 09:48:10.01,29126.85,29055,9823,29060,21972,29050,645,29045,5764
2020-06-11 09:48:10.70,29126.85,29050,5555,29055,8223,29045,5764,29040,11307
2020-06-11 09:48:11.29,29126.85,29050,5555,29055,8243,29045,5764,29040,11307
2020-06-11 09:48:11.90,29126.85,29045,7882,29050,10136,29040,5945,29035,13435
2020-06-11 09:48:12.81,29126.85,29045,7882,29050,9236,29040,5945,29035,11828
2020-06-11 09:48:13.60,29126.85,29050,8633,29055,8243,29045,5633,29040,8284
2020-06-11 09:48:14.51,29126.85,29055,5243,29060,9203,29050,7705,29045,11077
2020-06-11 09:48:15.31,29126.85,29060,3670,29065,20629,29055,6361,29050,11885
2020-06-11 09:48:16.10,29126.85,29060,6189,29065,10630,29055,6361,29050,11885
2020-06-11 09:48:16.81,29126.85,29065,10630,29070,26494,29055,6361,29050,11885
2020-06-11 09:48:17.51,29126.85,29065,10630,29070,26494,29055,6361,29050,11885
2020-06-11 09:48:18.20,29126.85,29060,5,29065,12230,29055,6361,29050,11885
2020-06-11 09:48:18.80,29126.85,29060,7294,29065,10630,29055,6361,29050,11885
2020-06-11 09:48:19.51,29103.17,29060,6194,29065,10630,29055,6361,29050,11885
2020-06-11 09:48:20.23,29103.17,29060,5,29065,10630,29055,6362,29050,11886
2020-06-11 09:48:20.90,29103.17,29060,5,29065,10630,29055,6362,29050,11886
2020-06-11 09:48:21.51,29103.17,29060,305,29065,10630,29055,6362,29050,11886
2020-06-11 09:48:22.21,29103.17,29060,11138,29065,10630,29055,162,29050,11886
2020-06-11 09:48:22.87,29103.17,29060,6662,29065,10643,29055,6201,29050,12052
2020-06-11 09:48:23.51,29103.17,29060,6662,29065,10643,29055,1,29050,12052
2020-06-11 09:48:24.30,29103.17,29060,6662,29065,10643,29055,6201,29050,12052
2020-06-11 09:48:24.90,29103.17,29060,473,29065,10643,29055,6201,29050,12062
2020-06-11 09:48:26.21,29103.17,29060,473,29065,10643,29055,6201,29050,12062
2020-06-11 09:48:26.80,29103.17,29060,8262,29065,10643,29055,1,29050,12062
2020-06-11 09:48:27.60,29103.17,29055,4,29060,11299,29050,6644,29045,11128
2020-06-11 09:48:28.21,29103.17,29055,9797,29060,22503,29050,76,29045,5684
2020-06-11 09:48:28.91,29103.17,29055,9796,29060,22503,29050,2,29045,5684
2020-06-11 09:48:29.60,29123.62,29050,1000,29055,8326,29045,5684,29040,12306
2020-06-11 09:48:30.30,29123.62,29055,8326,29060,9734,29045,5684,29040,22305
2020-06-11 09:48:31.21,29123.62,29055,8326,29060,19733,29050,5330,29045,8023
2020-06-11 09:48:31.83,29123.62,29055,8326,29060,9734,29050,5330,29045,5686
2020-06-11 09:48:32.41,29123.62,29055,8170,29060,22503,29045,5686,29040,12306
2020-06-11 09:48:33.11,29123.62,29055,8270,29060,22503,29045,5686,29040,12306
2020-06-11 09:48:33.71,29123.62,29055,5200,29060,22503,29050,7,29045,5706
2020-06-11 09:48:34.50,29123.62,29050,705,29055,9861,29045,5706,29040,12306
2020-06-11 09:48:35.11,29123.62,29050,705,29055,10161,29045,5706,29040,12306
2020-06-11 09:48:36.41,29123.62,29050,6255,29055,10161,29045,5706,29040,12308
2020-06-11 09:48:37.02,29123.62,29050,705,29055,10161,29045,5706,29040,12308
2020-06-11 09:48:37.50,29123.62,29050,6255,29055,10161,29045,5706,29040,12308
2020-06-11 09:48:38.20,29123.62,29050,705,29055,10161,29045,5706,29040,12308
2020-06-11 09:48:39.20,29103.32,29050,10889,29055,21330,29045,73,29040,6998
2020-06-11 09:48:40.61,29103.32,29050,10889,29055,21330,29045,73,29040,6998
2020-06-11 09:48:41.20,29103.32,29045,6065,29050,10889,29040,6998,29035,11830
2020-06-11 09:48:41.80,29103.32,29050,10889,29055,21330,29040,6898,29035,11830
2020-06-11 09:48:42.50,29103.32,29050,10889,29055,21330,29040,6898,29035,11830
2020-06-11 09:48:43.11,29103.32,29055,8561,29060,22223,29045,5633,29040,12261
2020-06-11 09:48:43.81,29103.32,29050,9202,29055,22930,29040,6898,29035,11830
2020-06-11 09:48:44.31,29103.32,29050,9202,29055,22930,29040,6898,29035,11830
2020-06-11 09:48:45.00,29103.32,29050,9202,29055,22930,29040,6898,29035,11830
2020-06-11 09:48:45.61,29103.32,29050,9202,29055,22930,29040,6898,29035,11830
2020-06-11 09:48:46.81,29103.32,29050,9205,29055,22930,29045,1,29040,6898
2020-06-11 09:48:47.41,29103.32,29050,6203,29055,20160,29045,5634,29040,12422
2020-06-11 09:48:48.11,29103.32,29055,430,29060,9454,29050,6349,29045,11205
2020-06-11 09:48:48.70,29103.32,29055,430,29060,9419,29050,6352,29045,11205
2020-06-11 09:48:49.31,29103.32,29055,130,29060,9419,29050,6052,29045,11205
2020-06-11 09:48:50.11,29123.74,29060,20,29065,20579,29055,6070,29050,11487
2020-06-11 09:48:51.00,29123.74,29060,20,29065,10580,29055,6070,29050,11487
2020-06-11 09:48:51.70,29123.74,29060,20,29065,10580,29055,6070,29050,11487
2020-06-11 09:48:52.51,29123.74,29060,6820,29065,23349,29055,6070,29050,9148
2020-06-11 09:48:53.20,29123.74,29060,9860,29065,23349,29050,6052,29045,11255
2020-06-11 09:48:53.90,29123.74,29060,9960,29065,23349,29050,5502,29045,11255
2020-06-11 09:48:54.61,29123.74,29055,9292,29060,23629,29050,175,29045,5788
2020-06-11 09:48:55.31,29123.74,29060,10895,29065,23349,29055,311,29050,5499
2020-06-11 09:48:56.01,29123.74,29060,9895,29065,23349,29050,5499,29045,11171
2020-06-11 09:48:56.70,29123.74,29060,10895,29065,23349,29055,2,29050,5499
2020-06-11 09:48:57.40,29123.74,29060,9895,29065,23349,29050,5499,29045,11171
2020-06-11 09:48:58.10,29123.74,29055,9243,29060,23664,29050,172,29045,5788
2020-06-11 09:48:58.70,29123.74,29050,400,29055,9443,29045,5788,29040,12331
2020-06-11 09:48:59.40,29123.74,29055,9443,29060,22064,29050,2,29045,5788
2020-06-11 09:49:00.10,29097.92,29050,9199,29055,22012,29045,154,29040,6898
2020-06-11 09:49:01.51,29097.92,29050,6199,29055,9243,29045,5787,29040,12292
2020-06-11 09:49:02.28,29097.92,29055,9243,29060,22072,29045,5789,29040,12292
2020-06-11 09:49:02.81,29097.92,29055,9743,29060,22072,29045,5789,29040,12292
2020-06-11 09:49:04.01,29097.92,29055,9743,29060,22072,29045,5789,29040,12292
2020-06-11 09:49:04.51,29097.92,29050,5823,29055,9243,29045,5789,29040,12292
2020-06-11 09:49:05.10,29097.92,29050,5853,29055,9243,29045,5789,29040,12292
2020-06-11 09:49:05.71,29097.92,29050,5853,29055,9243,29045,5789,29040,12292
2020-06-11 09:49:06.40,29097.92,29050,5553,29055,9243,29045,5789,29040,12281
2020-06-11 09:49:08.10,29097.92,29050,5551,29055,9243,29045,5789,29040,12281
2020-06-11 09:49:08.71,29097.92,29050,5551,29055,9246,29045,5789,29040,12281
2020-06-11 09:49:09.30,29097.74,29050,5551,29055,9246,29045,5789,29040,12281
2020-06-11 09:49:09.90,29097.74,29050,5551,29055,9246,29045,5790,29040,12281
2020-06-11 09:49:10.51,29097.74,29050,5551,29055,9246,29045,5790,29040,12281
2020-06-11 09:49:11.16,29097.74,29050,5582,29055,9418,29045,5791,29040,12281
2020-06-11 09:49:11.71,29097.74,29050,5581,29055,9418,29045,5791,29040,12281
2020-06-11 09:49:12.30,29097.74,29050,31,29055,9418,29045,5791,29040,12281
2020-06-11 09:49:12.91,29097.74,29050,66,29055,9418,29045,5791,29040,12281
2020-06-11 09:49:14.10,29097.74,29050,5616,29055,9418,29045,5791,29040,12281
2020-06-11 09:49:14.71,29097.74,29050,5616,29055,9418,29045,5791,29040,12281
2020-06-11 09:49:15.30,29097.74,29050,5616,29055,9418,29045,5791,29040,12281
2020-06-11 09:49:15.90,29097.74,29055,175,29060,9265,29050,5328,29045,11217
2020-06-11 09:49:16.60,29097.74,29055,175,29060,9265,29050,5328,29045,11217
2020-06-11 09:49:17.30,29097.74,29055,6375,29060,9265,29050,5328,29045,11218
2020-06-11 09:49:18.50,29097.74,29055,6375,29060,9265,29050,1,29045,11218
2020-06-11 09:49:19.10,29097.74,29055,3,29060,9437,29050,5328,29045,11218
2020-06-11 09:49:19.71,29100.7,29060,177,29065,10580,29055,6070,29050,8333
2020-06-11 09:49:20.41,29100.7,29060,177,29065,10580,29055,6070,29050,10672
2020-06-11 09:49:21.11,29100.7,29060,6377,29065,23349,29055,6070,29050,8333
2020-06-11 09:49:21.71,29100.7,29060,6377,29065,23349,29050,8333,29045,11218
2020-06-11 09:49:22.30,29100.7,29060,6377,29065,23349,29050,8333,29045,11218
2020-06-11 09:49:23.50,29100.7,29060,6360,29065,23349,29050,8333,29045,11220
2020-06-11 09:49:24.80,29100.7,29060,6370,29065,23349,29055,6067,29050,8333
2020-06-11 09:49:25.30,29100.7,29060,165,29065,10580,29055,6067,29050,10672
2020-06-11 09:49:26.00,29100.7,29065,10580,29070,27000,29055,9085,29050,10672
2020-06-11 09:49:26.71,29100.7,29065,10580,29070,27000,29055,6067,29050,8333
2020-06-11 09:49:27.41,29100.7,29065,21079,29070,27000,29055,6067,29050,8333
2020-06-11 09:49:28.08,29100.7,29060,5889,29065,23849,29050,8333,29045,11220
2020-06-11 09:49:28.70,29100.7,29060,8919,29065,23849,29050,6528,29045,11220
2020-06-11 09:49:29.20,29100.7,29060,5889,29065,23849,29055,6067,29050,9532
2020-06-11 09:49:29.80,29098.57,29065,11080,29070,27000,29055,6067,29050,11884
2020-06-11 09:49:30.61,29098.57,29060,8997,29065,24949,29050,6528,29045,11220
2020-06-11 09:49:31.30,29098.57,29055,6200,29060,23466,29050,1401,29045,8881
2020-06-11 09:49:32.11,29098.57,29055,9248,29060,23466,29050,1335,29045,5794
2020-06-11 09:49:32.81,29098.57,29055,9248,29060,23466,29050,1335,29045,5794
2020-06-11 09:49:33.51,29098.57,29055,6200,29060,23466,29050,6662,29045,8860
2020-06-11 09:49:34.31,29098.57,29060,10697,29065,23349,29050,6662,29045,11199
2020-06-11 09:49:35.01,29098.57,29060,8997,29065,23349,29050,6652,29045,11249
2020-06-11 09:49:35.60,29098.57,29060,8997,29065,23349,29050,6652,29045,11254
2020-06-11 09:49:36.42,29098.57,29055,6200,29060,20696,29050,6652,29045,5849
2020-06-11 09:49:37.21,29098.57,29055,9228,29060,21766,29050,6652,29045,5849
2020-06-11 09:49:37.90,29098.57,29060,8997,29065,23349,29055,31,29050,6652
2020-06-11 09:49:38.71,29098.57,29060,8997,29065,23349,29055,45,29050,6652
2020-06-11 09:49:39.51,29098.57,29065,10580,29070,27000,29055,6112,29050,12063
2020-06-11 09:49:41.01,29120.08,29060,10,29065,10610,29055,6112,29050,12063
2020-06-11 09:49:41.71,29120.08,29060,10,29065,10610,29055,6112,29050,12063
2020-06-11 09:49:42.40,29120.08,29060,8923,29065,23379,29055,95,29050,9724
2020-06-11 09:49:43.01,29120.08,29060,10,29065,10610,29055,6162,29050,12063
2020-06-11 09:49:45.71,29120.08,29060,10,29065,10610,29055,6162,29050,12223
2020-06-11 09:49:46.41,29120.08,29065,10610,29070,26950,29055,5913,29050,12223
2020-06-11 09:49:49.01,29120.08,29060,10,29065,10610,29055,5913,29050,12223
2020-06-11 09:49:49.71,29124.92,29060,10,29065,10610,29055,5913,29050,12223
2020-06-11 09:49:50.41,29124.92,29060,10,29065,10610,29055,5923,29050,12223
2020-06-11 09:49:51.91,29124.92,29065,10450,29070,26984,29055,5923,29050,12223
2020-06-11 09:49:53.30,29124.92,29065,10450,29070,26984,29055,5923,29050,12223
2020-06-11 09:49:53.91,29124.92,29065,10450,29070,26984,29055,5923,29050,12223
2020-06-11 09:49:54.60,29124.92,29065,10450,29070,26984,29055,5925,29050,12223
2020-06-11 09:49:55.21,29124.92,29065,12050,29070,26984,29055,5925,29050,12223
2020-06-11 09:49:55.93,29124.92,29065,12050,29070,26984,29055,5925,29050,12273
2020-06-11 09:49:56.50,29124.92,29065,10850,29070,26984,29060,30,29055,5925
2020-06-11 09:49:57.11,29124.92,29065,10450,29070,26984,29060,1030,29055,5925
2020-06-11 09:49:57.71,29124.92,29065,10450,29070,26984,29060,510,29055,5925
2020-06-11 09:49:58.30,29124.92,29065,10445,29070,26984,29060,510,29055,5925
2020-06-11 09:49:59.80,29118.47,29065,10445,29070,26984,29060,510,29055,5925
2020-06-11 09:50:00.61,29118.47,29065,6055,29070,14215,29060,6669,29055,8265
2020-06-11 09:50:01.30,29118.47,29065,63,29070,14215,29060,6773,29055,11305
2020-06-11 09:50:01.91,29118.47,29065,63,29070,14215,29060,6773,29055,8270
2020-06-11 09:50:02.61,29118.47,29065,63,29070,14215,29060,6773,29055,11322
2020-06-11 09:50:03.20,29118.47,29065,6055,29070,26984,29060,1016,29055,5931
2020-06-11 09:50:03.91,29118.47,29065,6054,29070,26984,29060,1016,29055,8949
2020-06-11 09:50:04.20,29118.47,29065,6054,29070,26984,29060,6773,29055,8949
2020-06-11 09:50:04.91,29118.47,29065,6054,29070,26984,29060,1016,29055,8949
2020-06-11 09:50:05.30,29118.47,29065,6160,29070,26984,29060,1016,29055,8949
2020-06-11 09:50:07.61,29118.47,29060,4873,29065,23569,29055,18,29050,10041
2020-06-11 09:50:08.31,29118.47,29060,4870,29065,23569,29055,5931,29050,10041
2020-06-11 09:50:09.00,29118.47,29060,4870,29065,23569,29055,5931,29050,10041
2020-06-11 09:50:09.70,29126.4,29065,20799,29070,26984,29055,5931,29050,12380
2020-06-11 09:50:10.40,29126.4,29065,9200,29070,26984,29055,5931,29050,12380
2020-06-11 09:50:11.11,29126.4,29065,9200,29070,26984,29055,5931,29050,12400
2020-06-11 09:50:12.70,29126.4,29055,6176,29060,20641,29050,6989,29045,9021
2020-06-11 09:50:13.40,29126.4,29055,6176,29060,20641,29050,6989,29045,9021
2020-06-11 09:50:14.20,29126.4,29055,6176,29060,20641,29050,6989,29045,9021
2020-06-11 09:50:15.00,29126.4,29055,6176,29060,17871,29050,6989,29045,11360
2020-06-11 09:50:15.70,29126.4,29060,17871,29065,23569,29050,6939,29045,11360
2020-06-11 09:50:16.40,29126.4,29060,17901,29065,23569,29050,6939,29045,11360
2020-06-11 09:50:16.81,29126.4,29060,17901,29065,23569,29050,6939,29045,11360
2020-06-11 09:50:17.31,29126.4,29060,17525,29065,23569,29050,6939,29045,11360
2020-06-11 09:50:18.61,29126.4,29060,7526,29065,23569,29050,6939,29045,11360
2020-06-11 09:50:19.20,29126.4,29060,7526,29065,23569,29050,6926,29045,11360
2020-06-11 09:50:21.10,29124.02,29060,7526,29065,23569,29055,6068,29050,6926
2020-06-11 09:50:21.73,29124.02,29060,7614,29065,23569,29055,6068,29050,6926
2020-06-11 09:50:22.40,29124.02,29060,7614,29065,23569,29055,155,29050,6926
2020-06-11 09:50:23.15,29124.02,29060,7614,29065,23569,29055,155,29050,6927
2020-06-11 09:50:24.31,29124.02,29060,7614,29065,21969,29055,155,29050,6927
2020-06-11 09:50:25.81,29124.02,29060,7606,29065,21969,29055,155,29050,6927
2020-06-11 09:50:27.40,29124.02,29060,118,29065,9200,29055,6068,29050,9937
2020-06-11 09:50:28.09,29124.02,29060,6318,29065,21969,29055,6068,29050,9937
2020-06-11 09:50:28.60,29124.02,29060,9324,29065,21969,29055,155,29050,6927
2020-06-11 09:50:29.31,29124.02,29060,9324,29065,21969,29055,155,29050,6927
2020-06-11 09:50:29.90,29146.75,29060,6318,29065,21969,29055,6068,29050,9951
2020-06-11 09:50:30.60,29146.75,29060,118,29065,9200,29055,6368,29050,12490
2020-06-11 09:50:31.40,29146.75,29060,118,29065,9200,29055,6128,29050,12490
2020-06-11 09:50:32.71,29146.75,29065,5992,29070,26984,29055,10181,29050,12490
2020-06-11 09:50:34.10,29146.75,29065,7592,29070,26984,29055,10181,29050,12492
2020-06-11 09:50:34.80,29146.75,29065,7592,29070,26984,29055,10181,29050,12492
2020-06-11 09:50:35.51,29146.75,29065,5992,29070,26984,29055,7178,29050,12492
2020-06-11 09:50:36.21,29146.75,29065,5992,29070,26984,29060,7621,29055,7178
2020-06-11 09:50:36.91,29146.75,29065,6012,29070,26984,29060,7621,29055,7378
2020-06-11 09:50:37.41,29146.75,29065,6012,29070,26984,29060,7601,29055,7378
2020-06-11 09:50:38.01,29146.75,29065,9034,29070,26984,29060,1844,29055,7378
2020-06-11 09:50:39.50,29109.27,29065,9033,29070,26984,29060,1844,29055,7378
2020-06-11 09:50:40.50,29109.27,29065,9033,29070,26984,29060,1844,29055,7378
2020-06-11 09:50:41.16,29109.27,29060,4356,29065,19332,29055,7378,29050,12492
2020-06-11 09:50:41.71,29109.27,29065,19332,29070,26984,29055,7378,29050,12492
2020-06-11 09:50:42.91,29109.27,29065,9333,29070,26984,29055,7378,29050,12492
2020-06-11 09:50:43.41,29109.27,29065,10733,29070,26984,29055,7378,29050,12492
2020-06-11 09:50:44.50,29109.27,29065,9033,29070,26984,29055,7378,29050,12492
2020-06-11 09:50:45.24,29109.27,29065,9041,29070,26984,29055,7378,29050,12492
2020-06-11 09:50:46.41,29109.27,29065,8997,29070,26984,29055,7378,29050,12492
2020-06-11 09:50:46.91,29109.27,29065,8997,29070,26984,29060,5757,29055,7378
2020-06-11 09:50:48.11,29109.27,29065,8997,29070,26984,29055,7378,29050,12492
2020-06-11 09:50:48.80,29109.27,29060,6200,29065,10597,29055,7378,29050,10153
2020-06-11 09:50:49.61,29109.27,29065,10597,29070,26984,29055,7378,29050,12492
2020-06-11 09:50:50.30,29126.47,29065,8998,29070,26984,29055,7378,29050,12502
2020-06-11 09:50:50.91,29126.47,29065,5976,29070,26984,29060,5757,29055,10387
2020-06-11 09:50:51.61,29126.47,29065,5976,29070,26984,29055,10387,29050,12502
2020-06-11 09:50:52.41,29126.47,29065,6006,29070,26984,29060,5757,29055,10387
2020-06-11 09:50:53.11,29126.47,29065,6006,29070,26984,29060,6057,29055,10387
2020-06-11 09:50:53.73,29126.47,29065,6006,29070,26984,29060,6059,29055,10387
2020-06-11 09:50:54.41,29126.47,29065,359,29070,14217,29060,6059,29055,12726
2020-06-11 09:50:55.11,29126.47,29065,339,29070,14217,29060,6059,29055,12726
2020-06-11 09:50:55.81,29126.47,29065,5986,29070,26986,29060,6059,29055,10387
2020-06-11 09:50:56.50,29126.47,29070,14217,29075,24270,29065,2512,29060,6059
2020-06-11 09:50:57.00,29126.47,29065,6200,29070,26986,29060,6059,29055,10387
2020-06-11 09:50:57.61,29126.47,29065,6200,29070,26986,29060,6059,29055,10387
2020-06-11 09:50:58.11,29126.47,29065,6200,29070,26986,29060,6059,29055,10387
2020-06-11 09:50:59.20,29126.47,29065,6200,29070,26986,29060,6059,29055,10387
2020-06-11 09:50:59.90,29122.41,29065,6200,29070,26986,29060,6059,29055,10387
2020-06-11 09:51:00.61,29122.41,29070,6167,29075,21503,29065,8077,29060,6059
2020-06-11 09:51:01.40,29122.41,29070,7095,29075,24273,29065,8077,29060,6059
2020-06-11 09:51:02.11,29122.41,29070,10109,29075,24273,29065,8077,29060,6059
2020-06-11 09:51:02.70,29122.41,29070,7095,29075,24273,29060,6059,29055,12726
2020-06-11 09:51:03.42,29122.41,29070,7095,29075,24273,29065,5633,29060,6059
2020-06-11 09:51:03.90,29122.41,29070,7095,29075,24273,29060,6059,29055,12726
2020-06-11 09:51:04.70,29122.41,29070,7125,29075,24273,29065,5633,29060,6059
2020-06-11 09:51:05.11,29122.41,29070,7125,29075,24273,29060,6059,29055,12726
2020-06-11 09:51:05.61,29122.41,29070,3075,29075,24273,29065,5633,29060,6059
2020-06-11 09:51:06.11,29122.41,29070,8625,29075,24273,29060,6059,29055,12726
2020-06-11 09:51:06.70,29122.41,29070,8625,29075,24273,29060,6059,29055,12726
2020-06-11 09:51:07.31,29122.41,29070,11630,29075,24273,29060,5064,29055,12726
2020-06-11 09:51:08.01,29122.41,29065,6200,29070,24401,29060,307,29055,10387
2020-06-11 09:51:08.61,29122.41,29065,6200,29070,22901,29060,309,29055,10387
2020-06-11 09:51:09.31,29122.41,29065,6200,29070,22901,29060,5066,29055,10387
2020-06-11 09:51:10.60,29109.3,29060,10391,29065,22033,29055,7380,29050,12165
2020-06-11 09:51:11.51,29109.3,29060,10391,29065,22033,29055,1552,29050,9141
2020-06-11 09:51:12.40,29109.3,29060,10391,29065,22033,29055,554,29050,9141
2020-06-11 09:51:13.24,29109.3,29060,10391,29065,22033,29055,554,29050,9144
2020-06-11 09:51:14.01,29109.3,29060,10388,29065,22033,29055,554,29050,9144
2020-06-11 09:51:14.71,29109.3,29060,10388,29065,22033,29055,657,29050,9144
2020-06-11 09:51:15.32,29109.3,29055,7776,29060,21660,29050,3819,29045,9025
2020-06-11 09:51:16.00,29109.3,29050,25,29055,9201,29045,5852,29040,12118
2020-06-11 09:51:16.60,29109.3,29050,8600,29055,21970,29045,219,29040,5209
2020-06-11 09:51:17.21,29109.3,29050,6800,29055,21970,29040,5209,29035,12942
2020-06-11 09:51:17.91,29109.3,29050,9224,29055,21970,29040,5209,29035,12942
2020-06-11 09:51:18.60,29109.3,29050,6790,29055,21970,29045,12,29040,5209
2020-06-11 09:51:19.30,29109.3,29055,9201,29060,21661,29045,5645,29040,10572
2020-06-11 09:51:20.00,29123.25,29055,6682,29060,21661,29045,8696,29040,10572
2020-06-11 09:51:20.80,29123.25,29060,8892,29065,22033,29050,5327,29045,11035
2020-06-11 09:51:21.60,29123.25,29060,5892,29065,22033,29050,5327,29045,11035
2020-06-11 09:51:22.41,29123.25,29060,5892,29065,9264,29055,5828,29050,10669
2020-06-11 09:51:23.10,29123.25,29065,6200,29070,25076,29055,8841,29050,10669
2020-06-11 09:51:23.75,29123.25,29065,6200,29070,25076,29055,8841,29050,10669
2020-06-11 09:51:24.30,29123.25,29065,6200,29070,25076,29060,4757,29055,8841
2020-06-11 09:51:25.00,29123.25,29065,6200,29070,25076,29055,8841,29050,10672
2020-06-11 09:51:25.61,29123.25,29065,6200,29070,25076,29055,9841,29050,10672
2020-06-11 09:51:26.20,29123.25,29060,2500,29065,6200,29055,9841,29050,10672
2020-06-11 09:51:26.80,29123.25,29060,2500,29065,9208,29055,6828,29050,8333
2020-06-11 09:51:27.61,29123.25,29060,2530,29065,19207,29055,6831,29050,10672
2020-06-11 09:51:28.20,29123.25,29060,2530,29065,19257,29055,6831,29050,10672
2020-06-11 09:51:28.80,29123.25,29060,2530,29065,19517,29055,6831,29050,10672
2020-06-11 09:51:29.44,29124.43,29060,2530,29065,9518,29055,6831,29050,8333
2020-06-11 09:51:29.91,29124.43,29060,2529,29065,19517,29055,6831,29050,10672
2020-06-11 09:51:30.41,29124.43,29060,2529,29065,9518,29055,6881,29050,10672
2020-06-11 09:51:31.06,29124.43,29060,2529,29065,9518,29055,5881,29050,10672
2020-06-11 09:51:31.70,29124.43,29060,8520,29065,12288,29055,5881,29050,8333
2020-06-11 09:51:32.50,29124.43,29060,8134,29065,12288,29055,5881,29050,8333
2020-06-11 09:51:33.20,29124.43,29060,8134,29065,12288,29055,5881,29050,8343
2020-06-11 09:51:33.81,29124.43,29060,8134,29065,22287,29055,52,29050,8343
2020-06-11 09:51:34.50,29124.43,29060,8134,29065,22287,29050,8343,29045,11204
2020-06-11 09:51:35.31,29124.43,29060,11164,29065,22287,29050,5340,29045,8865
2020-06-11 09:51:36.00,29124.43,29060,11164,29065,22287,29050,5345,29045,8868
2020-06-11 09:51:36.61,29124.43,29060,5273,29065,9518,29055,5828,29050,7684
2020-06-11 09:51:37.20,29124.43,29060,2243,29065,9518,29055,5828,29050,10745
2020-06-11 09:51:38.00,29124.43,29065,4010,29070,25076,29055,8882,29050,10745
2020-06-11 09:51:38.70,29124.43,29065,4310,29070,25076,29055,9883,29050,10745
2020-06-11 09:51:39.31,29124.43,29065,4310,29070,25076,29055,9883,29050,10745
2020-06-11 09:51:39.90,29122.43,29065,610,29070,12307,29060,6200,29055,12225
2020-06-11 09:51:40.50,29122.43,29065,610,29070,12307,29060,6200,29055,13225
2020-06-11 09:51:41.31,29122.43,29075,11513,29080,26053,29065,5633,29060,11574
2020-06-11 09:51:42.00,29122.43,29070,354,29075,21512,29065,5633,29060,11624
2020-06-11 09:51:42.70,29122.43,29075,11513,29080,26053,29070,4873,29065,5633
2020-06-11 09:51:43.40,29122.43,29070,200,29075,11478,29065,5633,29060,11627
2020-06-11 09:51:44.11,29122.43,29070,200,29075,11478,29065,5633,29060,11627
2020-06-11 09:51:44.81,29122.43,29075,11488,29080,26053,29070,4673,29065,5633
2020-06-11 09:51:45.20,29122.43,29075,11488,29080,26053,29065,5636,29060,11627
2020-06-11 09:51:45.90,29122.43,29075,11488,29080,26053,29065,8647,29060,11578
2020-06-11 09:51:46.51,29122.43,29075,6905,29080,26053,29065,8647,29060,11578
2020-06-11 09:51:48.51,29122.43,29075,6905,29080,26053,29070,3,29065,5636
2020-06-11 09:51:49.10,29122.43,29080,13681,29085,26388,29075,1793,29070,4676
2020-06-11 09:51:49.90,29118.84,29080,13681,29085,26388,29075,1793,29070,7677
2020-06-11 09:51:50.60,29118.84,29080,13681,29085,26388,29075,7621,29070,7677
2020-06-11 09:51:51.20,29118.84,29080,666,29085,19017,29075,10852,29070,10016
2020-06-11 09:51:52.21,29118.84,29080,5892,29085,19017,29075,10852,29070,10016
2020-06-11 09:51:53.10,29118.84,29080,1000,29085,22019,29075,10852,29070,10016
2020-06-11 09:51:54.01,29118.84,29080,1001,29085,14790,29075,10852,29070,7677
2020-06-11 09:51:54.90,29118.84,29080,6889,29085,24789,29075,7674,29070,7677
2020-06-11 09:51:55.71,29118.84,29080,998,29085,22019,29075,7677,29070,10016
2020-06-11 09:51:56.51,29118.84,29080,898,29085,22019,29075,7677,29070,10016
2020-06-11 09:51:57.21,29118.84,29080,6789,29085,22289,29075,1849,29070,7677
2020-06-11 09:51:57.90,29118.84,29080,6789,29085,22289,29075,7677,29070,7677
2020-06-11 09:51:58.51,29118.84,29080,898,29085,22289,29075,7677,29070,7677
2020-06-11 09:51:59.21,29118.84,29080,6786,29085,22289,29075,1849,29070,7677
2020-06-11 09:51:59.90,29129.84,29080,6776,29085,22289,29075,1849,29070,7677
2020-06-11 09:52:00.51,29129.84,29080,885,29085,9520,29075,7677,29070,10016
2020-06-11 09:52:01.40,29129.84,29080,885,29085,9520,29075,7677,29070,10016
2020-06-11 09:52:02.10,29129.84,29085,9520,29090,24385,29080,4914,29075,7677
2020-06-11 09:52:02.90,29129.84,29080,5891,29085,22280,29075,1849,29070,7677
2020-06-11 09:52:03.60,29129.84,29080,5918,29085,22280,29075,7677,29070,7677
2020-06-11 09:52:04.41,29129.84,29080,27,29085,16501,29075,7677,29070,10016
2020-06-11 09:52:05.21,29129.84,29080,27,29085,16501,29075,8149,29070,10016
2020-06-11 09:52:06.00,29129.84,29085,6502,29090,26385,29075,11154,29070,10016
2020-06-11 09:52:06.60,29129.84,29085,6502,29090,26385,29080,4914,29075,11157
2020-06-11 09:52:07.30,29129.84,29085,6502,29090,26385,29075,11157,29070,10016
2020-06-11 09:52:08.00,29129.84,29080,98,29085,6502,29075,11157,29070,10016
2020-06-11 09:52:08.71,29129.84,29080,103,29085,6502,29075,11157,29070,10016
2020-06-11 09:52:09.41,29129.84,29085,6502,29090,26385,29080,4914,29075,11157
2020-06-11 09:52:10.21,29128.59,29090,23615,29095,27375,29085,156,29080,4917
2020-06-11 09:52:11.00,29128.59,29085,6200,29090,16386,29080,4917,29075,11157
2020-06-11 09:52:11.83,29128.59,29090,23615,29095,27375,29080,4917,29075,13496
2020-06-11 09:52:12.50,29128.59,29090,23610,29095,27375,29080,4917,29075,13496
2020-06-11 09:52:13.11,29128.59,29085,344,29090,23610,29080,4920,29075,13496
2020-06-11 09:52:13.70,29128.59,29085,6544,29090,26380,29080,4920,29075,11157
2020-06-11 09:52:14.30,29128.59,29085,344,29090,26380,29080,4920,29075,11157
2020-06-11 09:52:14.91,29128.59,29085,244,29090,23610,29080,4920,29075,13496
2020-06-11 09:52:15.61,29128.59,29085,244,29090,23610,29080,4920,29075,13496
2020-06-11 09:52:16.41,29128.59,29085,6444,29090,26570,29080,4920,29075,11157
2020-06-11 09:52:18.31,29128.59,29085,6439,29090,26570,29080,4920,29075,11157
2020-06-11 09:52:19.50,29136.99,29085,9445,29090,26570,29080,6,29075,8152
2020-06-11 09:52:20.00,29136.99,29080,5891,29085,22214,29075,8152,29070,7677
2020-06-11 09:52:20.70,29136.99,29080,5888,29085,22214,29075,7632,29070,7677
2020-06-11 09:52:21.41,29136.99,29085,9445,29090,26570,29075,7632,29070,7677
2020-06-11 09:52:22.12,29136.99,29085,19444,29090,26570,29080,120,29075,7632
2020-06-11 09:52:22.70,29136.99,29085,19444,29090,26570,29075,7632,29070,10016
2020-06-11 09:52:23.31,29136.99,29080,5888,29085,22214,29075,7632,29070,7677
2020-06-11 09:52:23.90,29136.99,29085,9445,29090,26570,29075,7635,29070,10016
2020-06-11 09:52:25.40,29136.99,29085,9445,29090,26570,29075,7635,29070,10016
2020-06-11 09:52:26.81,29136.99,29080,5888,29085,22214,29075,1807,29070,7832
2020-06-11 09:52:27.50,29136.99,29085,9445,29090,26570,29075,7739,29070,10171
2020-06-11 09:52:28.11,29136.99,29085,9545,29090,26570,29075,7739,29070,10171
2020-06-11 09:52:28.81,29136.99,29085,9545,29090,26570,29075,7739,29070,10171
2020-06-11 09:52:29.31,29136.99,29085,9545,29090,26570,29075,7739,29070,10171
2020-06-11 09:52:30.00,29147.32,29085,9545,29090,26570,29075,7739,29070,10171
2020-06-11 09:52:30.70,29147.32,29080,5888,29085,22314,29075,1911,29070,7832
2020-06-11 09:52:31.50,29147.32,29080,8888,29085,22314,29075,1911,29070,4831
2020-06-11 09:52:32.61,29147.32,29080,5888,29085,22314,29075,7739,29070,7895
2020-06-11 09:52:33.90,29147.32,29080,5888,29085,12315,29075,7739,29070,7895
2020-06-11 09:52:34.60,29147.32,29085,9545,29090,26570,29075,7739,29070,10234
2020-06-11 09:52:35.31,29147.32,29080,5577,29085,22314,29075,1911,29070,7895
2020-06-11 09:52:36.01,29147.32,29085,19544,29090,26570,29075,7739,29070,10234
2020-06-11 09:52:36.70,29147.32,29085,9545,29090,26570,29080,10,29075,7739
2020-06-11 09:52:37.31,29147.32,29085,9545,29090,26570,29080,10,29075,7741
2020-06-11 09:52:38.01,29147.32,29080,5567,29085,12345,29075,7741,29070,7895
2020-06-11 09:52:38.70,29147.32,29085,12345,29090,21800,29075,7741,29070,7895
2020-06-11 09:52:39.42,29147.32,29085,19674,29090,24570,29080,10,29075,7741
2020-06-11 09:52:40.10,29146.06,29085,19674,29090,24570,29080,10,29075,7741
2020-06-11 09:52:40.81,29146.06,29085,9675,29090,24570,29080,12,29075,7741
2020-06-11 09:52:41.52,29146.06,29085,9675,29090,24570,29080,12,29075,7741
2020-06-11 09:52:42.10,29146.06,29085,469,29090,11801,29080,4926,29075,13084
2020-06-11 09:52:42.90,29146.06,29085,6669,29090,24570,29080,12,29075,10745
2020-06-11 09:52:43.80,29146.06,29085,9672,29090,24570,29080,12,29075,7741
2020-06-11 09:52:45.16,29146.06,29080,6,29085,9672,29075,7741,29070,10234
2020-06-11 09:52:45.60,29146.06,29080,227,29085,9672,29075,7746,29070,10234
2020-06-11 09:52:46.90,29146.06,29080,31,29085,9672,29075,7746,29070,10234
2020-06-11 09:52:47.40,29146.06,29080,31,29085,9672,29075,7746,29070,10234
2020-06-11 09:52:48.01,29146.06,29080,31,29085,11672,29075,7756,29070,10234
2020-06-11 09:52:48.76,29146.06,29080,8698,29085,24441,29075,1928,29070,4831
2020-06-11 09:52:49.40,29146.06,29080,8948,29085,24441,29075,1928,29070,4831
2020-06-11 09:52:49.90,29146.34,29080,5982,29085,14442,29075,1928,29070,4831
2020-06-11 09:52:50.60,29146.34,29080,5982,29085,24441,29075,1928,29070,4831
2020-06-11 09:52:51.40,29146.34,29080,9006,29085,24441,29075,1928,29070,4831
2020-06-11 09:52:52.21,29146.34,29080,9006,29085,24441,29075,1930,29070,4831
2020-06-11 09:52:54.54,29146.34,29080,9006,29085,24441,29075,1930,29070,4833
2020-06-11 09:52:55.60,29146.34,29080,9006,29085,24441,29075,1930,29070,4833
2020-06-11 09:52:56.21,29146.34,29080,8906,29085,24441,29075,1930,29070,4833
2020-06-11 09:52:57.41,29146.34,29080,8906,29085,24441,29075,1930,29070,4841
2020-06-11 09:52:58.71,29146.34,29080,9006,29085,24341,29075,1930,29070,4841
2020-06-11 09:52:59.21,29146.34,29080,9006,29085,24341,29075,1930,29070,4841
2020-06-11 09:52:59.91,29147.92,29080,9006,29085,24341,29075,1930,29070,4841
2020-06-11 09:53:01.41,29147.92,29080,5986,29085,24341,29075,7758,29070,7843
2020-06-11 09:53:02.21,29147.92,29080,419,29085,11572,29075,7758,29070,10182
2020-06-11 09:53:02.91,29147.92,29080,419,29085,11572,29075,7758,29070,10174
