time,nav,sell1,sell1_cnt,sell2,sell2_cnt,buy1,buy1_cnt,buy2,buy2_cnt
2020-06-03 09:16:52.370000,0.0,28145,13027,28150,18393,28135,23293,28130,34271
2020-06-03 09:16:53.370000,0.0,28145,13027,28150,18392,28140,2,28135,23267
2020-06-03 09:16:54.460000,0.0,28140,9,28145,13027,28135,23317,28130,34771
2020-06-03 09:16:55.460000,0.0,28145,13127,28150,18392,28135,23317,28130,34771
2020-06-03 09:16:56.460000,0.0,28145,13128,28150,18392,28135,23219,28130,34771
2020-06-03 09:16:57.460000,0.0,28150,15392,28155,12029,28140,22393,28135,13920
2020-06-03 09:16:58.460000,0.0,28140,9339,28145,13030,28135,23493,28130,35526
2020-06-03 09:16:59.460000,0.0,28135,5288,28140,16253,28130,1776,28125,42982
2020-06-03 09:17:00.570000,28197.05,28130,10695,28135,11304,28125,24827,28120,20696
2020-06-03 09:17:01.670000,28197.05,28125,16900,28130,15759,28120,897,28115,27581
2020-06-03 09:17:02.760000,28197.05,28120,32,28125,11010,28115,23478,28110,25599
2020-06-03 09:17:03.920000,28197.05,28115,12924,28120,18181,28110,119,28105,6932
2020-06-03 09:17:05.070000,28197.05,28115,10201,28120,13117,28110,102,28105,21986
2020-06-03 09:17:06.180000,28197.05,28125,11000,28130,10695,28120,1313,28115,20054
2020-06-03 09:17:07.360000,28197.05,28130,10695,28135,16818,28120,6058,28115,23054
2020-06-03 09:17:08.470000,28197.05,28130,3000,28135,11764,28125,3927,28120,21082
2020-06-03 09:17:09.460000,28183.26,28135,11764,28140,18156,28125,3927,28120,24082
2020-06-03 09:17:10.570000,28183.26,28130,10702,28135,13664,28125,3926,28120,24084
2020-06-03 09:17:11.660000,28183.26,28130,6007,28135,13664,28125,3926,28120,24084
2020-06-03 09:17:12.660000,28183.26,28130,12602,28135,18726,28120,10052,28115,23056
2020-06-03 09:17:13.660000,28183.26,28125,7899,28130,12602,28120,6769,28115,23056
2020-06-03 09:17:14.660000,28183.26,28125,7897,28130,12602,28120,6779,28115,23058
2020-06-03 09:17:15.570000,28183.26,28125,12794,28130,17656,28120,2139,28115,8017
2020-06-03 09:17:16.570000,28183.26,28130,12602,28135,18726,28120,7884,28115,23071
2020-06-03 09:17:17.570000,28183.26,28130,10552,28135,13672,28125,1,28120,22738
2020-06-03 09:17:18.660000,28183.26,28130,10452,28135,13672,28120,7686,28115,26578
2020-06-03 09:17:19.770000,28188.1,28130,10306,28135,13972,28125,3926,28120,22740
2020-06-03 09:17:20.770000,28188.1,28130,7741,28135,13972,28125,2936,28120,22740
2020-06-03 09:17:21.770000,28188.1,28130,11097,28135,13972,28125,135,28120,22741
2020-06-03 09:17:22.660000,28188.1,28130,10296,28135,13972,28120,22740,28115,16524
2020-06-03 09:17:23.560000,28188.1,28130,12296,28135,19028,28120,4886,28115,26579
2020-06-03 09:17:24.560000,28188.1,28130,10307,28135,13974,28125,2,28120,22940
2020-06-03 09:17:25.560000,28188.1,28130,12,28135,13975,28125,7998,28120,42761
2020-06-03 09:17:26.670000,28188.1,28125,16646,28130,12372,28120,21026,28115,8727
2020-06-03 09:17:27.770000,28188.1,28125,11280,28130,17426,28120,1206,28115,8727
2020-06-03 09:17:28.770000,28188.1,28130,12372,28135,19029,28120,9206,28115,23883
2020-06-03 09:17:29.860000,28188.85,28125,4894,28130,12608,28120,6272,28115,23883
2020-06-03 09:17:30.860000,28188.85,28125,11265,28130,17662,28120,1273,28115,5829
2020-06-03 09:17:31.970000,28188.85,28130,12608,28135,13977,28125,99,28120,24346
2020-06-03 09:17:33.070000,28188.85,28130,10533,28135,13977,28125,104,28120,10292
2020-06-03 09:17:34.070000,28188.85,28130,10533,28135,13978,28125,106,28120,10292
2020-06-03 09:17:34.970000,28188.85,28130,4509,28135,13978,28125,5050,28120,25346
2020-06-03 09:17:35.970000,28188.85,28130,4519,28135,13978,28125,5052,28120,25446
2020-06-03 09:17:36.970000,28188.85,28130,12,28135,13978,28125,8044,28120,25446
2020-06-03 09:17:37.970000,28188.85,28130,4519,28135,13979,28125,4,28120,25447
2020-06-03 09:17:38.860000,28188.85,28125,4894,28130,12439,28120,7393,28115,23883
2020-06-03 09:17:39.860000,28188.6,28125,3763,28130,12479,28120,7393,28115,23883
2020-06-03 09:17:40.970000,28188.6,28120,12925,28125,16841,28115,829,28110,9205
2020-06-03 09:17:42.170000,28188.6,28120,12925,28125,11787,28115,5002,28110,24259
2020-06-03 09:17:43.270000,28188.6,28120,8025,28125,11787,28115,5000,28110,24259
2020-06-03 09:17:44.270000,28188.6,28120,8000,28125,11787,28115,5000,28110,24259
2020-06-03 09:17:45.170000,28188.6,28120,5000,28125,11787,28115,5002,28110,24259
2020-06-03 09:17:46.060000,28188.6,28125,11787,28130,17540,28115,5312,28110,24259
2020-06-03 09:17:47.060000,28188.6,28125,11787,28130,17541,28120,100,28115,5312
2020-06-03 09:17:47.970000,28188.6,28125,1900,28130,12487,28120,8010,28115,23356
2020-06-03 09:17:49.060000,28188.6,28125,5658,28130,12487,28120,4990,28115,23375
2020-06-03 09:17:49.970000,28194.17,28125,5658,28130,12487,28120,5190,28115,23375
2020-06-03 09:17:50.970000,28194.17,28130,12487,28135,19840,28120,8242,28115,23375
2020-06-03 09:17:51.970000,28194.17,28125,5,28130,10587,28120,8212,28115,23375
2020-06-03 09:17:52.970000,28194.17,28130,4560,28135,14786,28125,4958,28120,23282
2020-06-03 09:17:53.970000,28194.17,28125,4810,28130,12464,28120,454,28115,43211
2020-06-03 09:17:54.870000,28194.17,28125,4762,28130,12464,28120,5398,28115,43211
2020-06-03 09:17:55.670000,28194.17,28125,4762,28130,12465,28120,5400,28115,43212
2020-06-03 09:17:56.670000,28194.17,28125,4763,28130,12465,28120,5417,28115,23392
2020-06-03 09:17:57.560000,28194.17,28125,4763,28130,12465,28120,5417,28115,23410
2020-06-03 09:17:58.470000,28194.17,28125,2,28130,12465,28120,23472,28115,13356
2020-06-03 09:17:59.460000,28194.17,28125,2,28130,12465,28120,23472,28115,13357
2020-06-03 09:18:00.370000,28175.66,28130,10565,28135,14786,28120,23472,28115,13357
2020-06-03 09:18:01.460000,28175.66,28130,4561,28135,14786,28125,4836,28120,23474
2020-06-03 09:18:02.460000,28175.66,28130,7561,28135,19840,28125,4836,28120,23491
2020-06-03 09:18:03.460000,28175.66,28130,54,28135,14786,28125,4836,28120,23492
2020-06-03 09:18:04.370000,28175.66,28130,54,28135,19840,28125,7833,28120,23492
2020-06-03 09:18:05.370000,28175.66,28130,12367,28135,19840,28125,19,28120,23592
2020-06-03 09:18:06.370000,28175.66,28130,12467,28135,19840,28120,23592,28115,33195
2020-06-03 09:18:07.370000,28175.66,28125,3741,28130,17521,28120,8538,28115,43249
2020-06-03 09:18:08.370000,28175.66,28130,17521,28135,14786,28120,8538,28115,43249
2020-06-03 09:18:09.370000,28187.66,28125,154,28130,12467,28120,8541,28115,23429
2020-06-03 09:18:10.460000,28187.66,28130,6461,28135,19840,28125,4162,28120,23595
2020-06-03 09:18:11.460000,28187.66,28130,6461,28135,19840,28125,4212,28120,23545
2020-06-03 09:18:12.460000,28187.66,28130,154,28135,19840,28125,7212,28120,23545
2020-06-03 09:18:13.570000,28187.66,28125,704,28130,6561,28120,23545,28115,34195
2020-06-03 09:18:14.570000,28187.66,28130,4661,28135,19840,28125,4164,28120,23545
2020-06-03 09:18:16.570000,28187.66,28130,4661,28135,19840,28125,4157,28120,23645
2020-06-03 09:18:17.370000,28187.66,28130,4641,28135,19840,28125,4152,28120,23745
2020-06-03 09:18:18.160000,28187.66,28130,4641,28135,19840,28125,4154,28120,23745
2020-06-03 09:18:19.070000,28187.66,28130,134,28135,14786,28125,21529,28120,33511
2020-06-03 09:18:20.070000,28167.79,28130,134,28135,12886,28125,21529,28120,28511
2020-06-03 09:18:21.070000,28167.79,28130,132,28135,17940,28125,6492,28120,43565
2020-06-03 09:18:22.070000,28167.79,28130,132,28135,15886,28125,21666,28120,34511
2020-06-03 09:18:22.970000,28167.79,28130,130,28135,16386,28125,24097,28120,34511
2020-06-03 09:18:23.860000,28167.79,28135,16386,28140,18183,28125,24097,28120,34511
2020-06-03 09:18:24.660000,28167.79,28135,16386,28140,18183,28130,5,28125,21666
2020-06-03 09:18:25.570000,28167.79,28130,100,28135,16386,28125,21663,28120,36942
2020-06-03 09:18:26.570000,28167.79,28130,150,28135,16386,28125,21690,28120,17122
2020-06-03 09:18:27.660000,28167.79,28130,188,28135,16386,28125,21690,28120,17122
2020-06-03 09:18:28.660000,28167.79,28130,4695,28135,21458,28125,3487,28120,27176
2020-06-03 09:18:29.560000,28181.92,28130,4693,28135,21557,28125,6228,28120,26176
2020-06-03 09:18:30.470000,28181.92,28130,186,28135,16503,28125,24283,28120,35942
2020-06-03 09:18:31.360000,28181.92,28135,11505,28140,18183,28130,4680,28125,24283
2020-06-03 09:18:32.360000,28181.92,28135,16486,28140,18183,28130,4679,28125,24383
2020-06-03 09:18:33.360000,28181.92,28135,16486,28140,18183,28130,4679,28125,24383
2020-06-03 09:18:34.360000,28181.92,28135,16486,28140,18183,28130,4679,28125,24383
2020-06-03 09:18:35.470000,28181.92,28140,5597,28145,18177,28135,7211,28130,25840
2020-06-03 09:18:36.560000,28181.92,28135,1785,28140,13661,28130,22838,28125,17187
2020-06-03 09:18:37.470000,28181.92,28135,5028,28140,18715,28130,7786,28125,47061
2020-06-03 09:18:38.470000,28181.92,28135,30,28140,18715,28130,4786,28125,47061
2020-06-03 09:18:39.560000,28181.92,28135,30,28140,13661,28130,22840,28125,17170
2020-06-03 09:18:40.560000,28183.36,28140,11861,28145,18187,28135,10,28130,22823
2020-06-03 09:18:41.560000,28183.36,28135,4,28140,11862,28130,22823,28125,17170
2020-06-03 09:18:42.670000,28183.36,28140,5818,28145,18187,28135,4987,28130,22823
2020-06-03 09:18:43.670000,28183.36,28140,5818,28145,18187,28135,4989,28130,22840
2020-06-03 09:18:44.560000,28183.36,28140,1019,28145,18187,28135,4935,28130,22940
2020-06-03 09:18:45.560000,28183.36,28140,1019,28145,18187,28135,4957,28130,22940
2020-06-03 09:18:46.370000,28183.36,28140,1019,28145,18187,28135,4957,28130,22940
2020-06-03 09:18:47.260000,28183.36,28140,1019,28145,18188,28135,4957,28130,22940
2020-06-03 09:18:48.060000,28183.36,28140,946,28145,18188,28135,4958,28130,22940
2020-06-03 09:18:48.960000,28183.36,28140,5946,28145,18188,28135,4958,28130,22940
2020-06-03 09:18:49.870000,28168.02,28140,5946,28145,18188,28135,4958,28130,22940
2020-06-03 09:18:50.870000,28168.02,28140,5991,28145,18188,28135,25,28130,22940
2020-06-03 09:18:51.870000,28168.02,28140,5991,28145,18188,28135,4958,28130,22940
2020-06-03 09:18:52.870000,28168.02,28140,5989,28145,18188,28135,109,28130,23137
2020-06-03 09:18:53.870000,28168.02,28140,6011,28145,18171,28135,5043,28130,23120
2020-06-03 09:18:54.760000,28168.02,28140,6512,28145,18171,28135,110,28130,23120
2020-06-03 09:18:55.670000,28168.02,28135,4821,28140,17593,28130,406,28125,27340
2020-06-03 09:18:56.670000,28168.02,28140,12539,28145,18171,28130,23120,28125,17236
2020-06-03 09:18:57.570000,28168.02,28140,12542,28145,18171,28130,23120,28125,37056
2020-06-03 09:18:58.460000,28168.02,28140,12642,28145,18171,28130,23120,28125,37056
2020-06-03 09:18:59.370000,28168.02,28140,17596,28145,13117,28130,8066,28125,47110
2020-06-03 09:19:00.260000,28180.52,28140,12542,28145,18171,28130,23120,28125,37055
2020-06-03 09:19:01.270000,28180.52,28140,12542,28145,18171,28130,23120,28125,37055
2020-06-03 09:19:02.370000,28180.52,28135,4821,28140,19496,28130,407,28125,27289
2020-06-03 09:19:03.370000,28180.52,28130,4647,28135,17675,28125,1262,28120,46079
2020-06-03 09:19:04.370000,28180.52,28130,4647,28135,17675,28125,1262,28120,46079
2020-06-03 09:19:05.370000,28180.52,28135,12648,28140,19472,28125,24316,28120,16205
2020-06-03 09:19:06.270000,28180.52,28135,10739,28140,19472,28125,24316,28120,16205
2020-06-03 09:19:07.160000,28180.52,28135,27,28140,19472,28130,4160,28125,24316
2020-06-03 09:19:08.070000,28180.52,28140,6511,28145,18182,28135,4933,28130,22214
2020-06-03 09:19:08.860000,28180.52,28140,8421,28145,18182,28130,22214,28125,14262
2020-06-03 09:19:09.770000,28184.01,28140,11436,28145,18182,28130,22214,28125,34083
2020-06-03 09:19:10.770000,28184.01,28140,14436,28145,18182,28130,22214,28125,29083
2020-06-03 09:19:11.770000,28184.01,28140,11436,28145,18182,28135,4923,28130,22214
2020-06-03 09:19:12.660000,28184.01,28140,11436,28145,18182,28135,4884,28130,22214
2020-06-03 09:19:13.470000,28184.01,28140,8304,28145,18182,28135,4877,28130,22231
2020-06-03 09:19:14.360000,28184.01,28140,8304,28145,18182,28130,22231,28125,34083
2020-06-03 09:19:15.270000,28184.01,28140,8324,28145,18182,28135,4877,28130,22231
2020-06-03 09:19:16.270000,28184.01,28140,8324,28145,18182,28135,4877,28130,22232
2020-06-03 09:19:17.160000,28184.01,28140,8024,28145,18182,28135,4877,28130,22232
2020-06-03 09:19:18.160000,28184.01,28140,8324,28145,18182,28130,22232,28125,34113
2020-06-03 09:19:18.970000,28184.01,28140,3024,28145,18182,28135,4877,28130,22232
2020-06-03 09:19:19.770000,28202.32,28140,3224,28145,18182,28135,4858,28130,22235
2020-06-03 09:19:20.770000,28202.32,28140,3224,28145,18182,28135,4858,28130,22235
2020-06-03 09:19:22.560000,28202.32,28140,8224,28145,18182,28135,4858,28130,22235
2020-06-03 09:19:23.470000,28202.32,28140,8256,28145,18182,28135,35,28130,22235
2020-06-03 09:19:24.360000,28202.32,28140,8266,28145,18182,28135,83,28130,22235
2020-06-03 09:19:25.270000,28202.32,28135,4096,28140,21225,28130,4181,28125,24343
2020-06-03 09:19:26.170000,28202.32,28135,10114,28140,21415,28130,21,28125,24343
2020-06-03 09:19:26.970000,28202.32,28140,13971,28145,18182,28130,22235,28125,14289
2020-06-03 09:19:27.760000,28202.32,28135,3,28140,20426,28130,7163,28125,44163
2020-06-03 09:19:28.760000,28202.32,28140,2667,28145,13128,28135,22874,28130,12163
2020-06-03 09:19:29.760000,28197.74,28140,7670,28145,18182,28135,7820,28130,22217
2020-06-03 09:19:30.670000,28197.74,28140,40,28145,5501,28135,22874,28130,12193
2020-06-03 09:19:31.670000,28197.74,28140,40,28145,5501,28135,22873,28130,12194
2020-06-03 09:19:32.670000,28197.74,28145,7401,28150,24091,28135,22873,28130,32014
2020-06-03 09:19:33.670000,28197.74,28145,5501,28150,24091,28140,4960,28135,22873
2020-06-03 09:19:34.560000,28197.74,28145,5504,28150,24091,28135,23612,28130,32014
2020-06-03 09:19:35.470000,28197.74,28145,18247,28150,19037,28135,8157,28130,22248
2020-06-03 09:19:36.470000,28197.74,28135,3672,28140,16107,28130,4194,28125,44163
2020-06-03 09:19:37.460000,28197.74,28145,11194,28150,24092,28135,14830,28130,17194
2020-06-03 09:19:38.370000,28197.74,28145,16248,28150,19038,28135,9876,28130,22248
2020-06-03 09:19:39.170000,28197.74,28140,10631,28145,16248,28135,7507,28130,22248
2020-06-03 09:19:40.070000,28194.02,28140,10631,28145,16248,28135,4559,28130,22248
2020-06-03 09:19:40.960000,28194.02,28140,5632,28145,16248,28135,7664,28130,22249
2020-06-03 09:19:41.960000,28194.02,28140,1,28145,11194,28135,22387,28130,12195
2020-06-03 09:19:42.960000,28194.02,28140,6901,28145,16248,28135,5000,28130,41401
2020-06-03 09:19:43.860000,28194.02,28140,5003,28145,16248,28135,5002,28130,41401
2020-06-03 09:19:44.770000,28194.02,28140,6895,28145,16248,28135,2,28130,41401
2020-06-03 09:19:45.660000,28194.02,28140,17999,28145,11224,28130,4195,28125,43495
2020-06-03 09:19:46.770000,28194.02,28140,17795,28145,11225,28130,4195,28125,43495
2020-06-03 09:19:47.970000,28194.02,28135,5995,28140,17795,28130,4195,28125,23675
2020-06-03 09:19:48.970000,28194.02,28135,4095,28140,17795,28130,35,28125,23675
2020-06-03 09:19:49.860000,28200.37,28135,17067,28140,12742,28125,6289,28120,25593
2020-06-03 09:19:50.860000,28200.37,28135,11913,28140,17796,28125,23675,28120,16207
2020-06-03 09:19:51.870000,28200.37,28135,11913,28140,17796,28125,23675,28120,16207
2020-06-03 09:19:52.760000,28200.37,28135,10013,28140,17796,28125,23775,28120,36027
2020-06-03 09:19:53.670000,28200.37,28135,3994,28140,17796,28130,4160,28125,23775
2020-06-03 09:19:54.680000,28200.37,28135,3994,28140,17796,28125,23775,28120,36027
2020-06-03 09:19:55.560000,28200.37,28135,3994,28140,17796,28130,4105,28125,23811
2020-06-03 09:19:56.560000,28200.37,28140,12742,28145,16309,28130,21491,28125,14425
2020-06-03 09:19:57.560000,28200.37,28135,3944,28140,18797,28130,4105,28125,23840
2020-06-03 09:19:58.370000,28200.37,28135,3944,28140,18836,28130,4105,28125,23840
2020-06-03 09:19:59.260000,28200.37,28140,2941,28145,11255,28135,21792,28130,12105
2020-06-03 09:20:00.370000,28194.8,28140,1041,28145,11295,28135,23383,28130,12405
2020-06-03 09:20:01.570000,28194.8,28145,11295,28150,24093,28140,84,28135,23390
2020-06-03 09:20:02.670000,28194.8,28145,11295,28150,24093,28140,400,28135,23391
2020-06-03 09:20:03.570000,28194.8,28145,11614,28150,24093,28140,400,28135,23391
2020-06-03 09:20:04.460000,28194.8,28145,8570,28150,24093,28140,400,28135,23391
2020-06-03 09:20:05.260000,28194.8,28145,11594,28150,24093,28140,400,28135,23391
2020-06-03 09:20:06.070000,28194.8,28145,11594,28150,24093,28140,400,28135,23391
2020-06-03 09:20:06.870000,28194.8,28145,11594,28150,24093,28140,305,28135,23391
2020-06-03 09:20:07.760000,28194.8,28145,11594,28150,24093,28135,23392,28130,12441
2020-06-03 09:20:08.760000,28194.8,28145,11594,28150,24093,28135,23392,28130,12441
2020-06-03 09:20:09.660000,28210.38,28145,8571,28150,26838,28140,1,28135,23391
2020-06-03 09:20:10.570000,28210.38,28145,8571,28150,26838,28140,1,28135,23391
2020-06-03 09:20:11.570000,28210.38,28140,29,28145,8571,28135,23393,28130,32361
2020-06-03 09:20:13.370000,28210.38,28140,28,28145,8571,28135,23493,28130,32361
2020-06-03 09:20:14.160000,28210.38,28140,28,28145,8585,28135,23493,28130,32361
2020-06-03 09:20:15.070000,28210.38,28140,175,28145,8585,28135,23478,28130,32361
2020-06-03 09:20:15.960000,28210.38,28140,1,28145,11601,28135,23478,28130,32361
2020-06-03 09:20:16.860000,28210.38,28140,4788,28145,16655,28135,6097,28130,21927
2020-06-03 09:20:17.960000,28210.38,28140,4736,28145,16655,28135,118,28130,21927
2020-06-03 09:20:18.860000,28210.38,28135,4062,28140,17694,28130,4541,28125,43660
2020-06-03 09:20:19.870000,28201.13,28135,5862,28140,15904,28130,436,28125,23840
2020-06-03 09:20:20.670000,28201.13,28135,4032,28140,15904,28130,4641,28125,23840
2020-06-03 09:20:21.670000,28201.13,28135,4032,28140,15904,28130,4641,28125,23840
2020-06-03 09:20:22.670000,28201.13,28135,4031,28140,15904,28130,538,28125,23840
2020-06-03 09:20:23.670000,28201.13,28140,10,28145,11631,28135,23962,28130,12653
2020-06-03 09:20:24.670000,28201.13,28140,10,28145,11631,28135,23962,28130,12653
2020-06-03 09:20:25.670000,28201.13,28145,11631,28150,26837,28140,30,28135,23962
2020-06-03 09:20:26.560000,28201.13,28140,20,28145,11631,28135,23962,28130,32473
2020-06-03 09:20:27.460000,28201.13,28145,5615,28150,27045,28140,4465,28135,23962
2020-06-03 09:20:28.370000,28201.13,28140,25,28145,7415,28135,23962,28130,33474
2020-06-03 09:20:29.260000,28206.55,28140,25,28145,13445,28135,23899,28130,33474
2020-06-03 09:20:30.280000,28206.55,28140,6619,28145,18499,28130,23040,28125,33274
2020-06-03 09:20:31.260000,28206.55,28140,284,28145,13445,28135,22333,28130,13655
2020-06-03 09:20:32.370000,28206.55,28145,618,28150,22001,28140,21517,28135,12947
2020-06-03 09:20:33.460000,28206.55,28145,636,28150,22001,28140,21517,28135,12947
2020-06-03 09:20:34.460000,28206.55,28145,1336,28150,22001,28140,24215,28135,32783
2020-06-03 09:20:35.370000,28206.55,28145,1336,28150,22001,28140,21208,28135,35640
2020-06-03 09:20:36.370000,28206.55,28145,8036,28150,27155,28140,3822,28135,45026
2020-06-03 09:20:37.260000,28206.55,28145,6336,28150,27155,28140,3666,28135,25306
2020-06-03 09:20:38.160000,28206.55,28145,43,28150,22101,28140,20802,28135,15921
2020-06-03 09:20:39.070000,28206.55,28145,43,28150,22101,28140,6416,28135,25327
2020-06-03 09:20:39.960000,28208.51,28145,44,28150,20476,28140,20803,28135,15941
2020-06-03 09:20:40.870000,28208.51,28145,44,28150,17469,28140,20604,28135,15941
2020-06-03 09:20:41.870000,28208.51,28145,45,28150,17569,28140,20604,28135,35764
2020-06-03 09:20:42.770000,28208.51,28145,45,28150,17569,28140,20604,28135,35764
2020-06-03 09:20:43.660000,28208.51,28145,42,28150,17769,28140,20604,28135,35764
2020-06-03 09:20:44.460000,28208.51,28150,20741,28155,17328,28140,20604,28135,35764
2020-06-03 09:20:45.360000,28208.51,28145,6700,28150,25795,28140,104,28135,25330
2020-06-03 09:20:46.160000,28208.51,28145,6700,28150,25795,28140,104,28135,25330
2020-06-03 09:20:47.070000,28208.51,28145,6700,28150,25795,28140,5207,28135,25330
2020-06-03 09:20:47.860000,28208.51,28145,6700,28150,25795,28140,5201,28135,25330
2020-06-03 09:20:48.860000,28208.51,28140,4497,28145,17768,28135,134,28130,26048
2020-06-03 09:20:49.760000,28204.38,28140,4497,28145,17768,28135,189,28130,26013
2020-06-03 09:20:50.670000,28204.38,28145,12714,28150,25800,28135,22507,28130,16627
2020-06-03 09:20:51.560000,28204.38,28145,400,28150,25800,28140,5000,28135,22607
2020-06-03 09:20:52.460000,28204.38,28150,20853,28155,17328,28140,22224,28135,13221
2020-06-03 09:20:53.560000,28204.38,28145,5000,28150,25907,28140,100,28135,22607
2020-06-03 09:20:54.460000,28204.38,28145,8800,28150,25907,28140,100,28135,22607
2020-06-03 09:20:55.370000,28204.38,28140,4497,28145,17776,28135,5221,28130,26013
2020-06-03 09:20:56.260000,28204.38,28140,100,28145,12722,28135,22700,28130,16627
2020-06-03 09:20:57.260000,28204.38,28140,4544,28145,16876,28135,377,28130,26013
2020-06-03 09:20:58.170000,28204.38,28140,4544,28145,16876,28135,5314,28130,26013
2020-06-03 09:20:58.960000,28204.38,28140,100,28145,11022,28135,22800,28130,16627
2020-06-03 09:20:59.960000,28188.38,28140,134,28145,11027,28135,22800,28130,36447
2020-06-03 09:21:00.960000,28188.38,28140,134,28145,11028,28135,22800,28130,36448
2020-06-03 09:21:01.960000,28188.38,28140,135,28145,11028,28135,22783,28130,36448
2020-06-03 09:21:02.870000,28188.38,28140,4579,28145,16082,28135,460,28130,26014
2020-06-03 09:21:03.960000,28188.38,28135,150,28140,4562,28130,26114,28125,33131
2020-06-03 09:21:04.760000,28188.38,28140,4562,28145,16083,28135,5051,28130,26059
2020-06-03 09:21:05.660000,28188.38,28140,10580,28145,16083,28130,26059,28125,33131
2020-06-03 09:21:06.570000,28188.38,28140,7562,28145,16083,28130,26059,28125,33131
2020-06-03 09:21:07.460000,28188.38,28140,10577,28145,16083,28135,3,28130,26059
2020-06-03 09:21:08.360000,28188.38,28140,7562,28145,16083,28135,4940,28130,26059
2020-06-03 09:21:09.270000,28203.9,28140,7563,28145,16083,28135,4940,28130,26059
2020-06-03 09:21:10.070000,28203.9,28140,7563,28145,16083,28135,4940,28130,26059
2020-06-03 09:21:10.960000,28203.9,28140,189,28145,16083,28135,4940,28130,26059
2020-06-03 09:21:11.860000,28203.9,28140,189,28145,11029,28135,22326,28130,16673
2020-06-03 09:21:12.760000,28203.9,28140,4633,28145,16083,28135,4740,28130,26059
2020-06-03 09:21:13.760000,28203.9,28140,4633,28145,16083,28135,4740,28130,26059
2020-06-03 09:21:14.560000,28203.9,28140,4684,28145,16083,28135,4740,28130,26059
2020-06-03 09:21:15.470000,28203.9,28140,4684,28145,16083,28130,26059,28125,33231
2020-06-03 09:21:16.260000,28203.9,28140,7594,28145,16083,28135,19,28130,26059
2020-06-03 09:21:17.170000,28203.9,28135,3944,28140,15666,28130,8666,28125,25654
2020-06-03 09:21:18.070000,28203.9,28140,10612,28145,16083,28130,23052,28125,16268
2020-06-03 09:21:18.860000,28203.9,28140,10612,28145,16083,28130,23052,28125,36088
2020-06-03 09:21:19.660000,28185.96,28140,10612,28145,16083,28130,23052,28125,36088
2020-06-03 09:21:20.570000,28185.96,28140,4594,28145,16083,28135,5,28130,23052
2020-06-03 09:21:21.360000,28185.96,28140,4594,28145,16083,28135,5,28130,23082
2020-06-03 09:21:22.160000,28185.96,28140,4594,28145,16083,28135,4745,28130,23082
2020-06-03 09:21:23.070000,28185.96,28140,4594,28145,16083,28135,12,28130,23082
2020-06-03 09:21:23.960000,28185.96,28140,4592,28145,16083,28135,12,28130,23082
2020-06-03 09:21:24.770000,28185.96,28140,4592,28145,16083,28130,23082,28125,36088
2020-06-03 09:21:25.460000,28185.96,28140,4592,28145,16083,28135,5000,28130,23082
2020-06-03 09:21:26.270000,28185.96,28140,4612,28145,16083,28135,5000,28130,23082
2020-06-03 09:21:27.070000,28185.96,28135,1662,28140,4612,28130,23082,28125,36088
2020-06-03 09:21:27.860000,28185.96,28135,1531,28140,4615,28130,21007,28125,36088
2020-06-03 09:21:28.770000,28185.96,28135,1531,28140,7635,28130,21007,28125,36088
2020-06-03 09:21:29.660000,28182.97,28135,1541,28140,7635,28130,21007,28125,36088
2020-06-03 09:21:30.560000,28182.97,28135,5385,28140,15689,28130,1143,28125,25654
2020-06-03 09:21:31.560000,28182.97,28135,5385,28140,15689,28130,6153,28125,25654
2020-06-03 09:21:32.470000,28182.97,28135,5385,28140,15689,28130,1153,28125,25654
2020-06-03 09:21:33.360000,28182.97,28135,4998,28140,15689,28130,6153,28125,25654
2020-06-03 09:21:34.270000,28182.97,28135,5126,28140,15689,28130,1023,28125,25654
2020-06-03 09:21:35.170000,28182.97,28135,6026,28140,15689,28130,1016,28125,25654
2020-06-03 09:21:35.970000,28182.97,28135,6833,28140,15689,28130,4689,28125,25654
2020-06-03 09:21:36.860000,28182.97,28135,5233,28140,15689,28130,9692,28125,25654
2020-06-03 09:21:37.560000,28182.97,28135,5233,28140,15689,28130,4692,28125,25654
2020-06-03 09:21:38.470000,28182.97,28135,5233,28140,18119,28130,4692,28125,25654
2020-06-03 09:21:39.190000,28182.97,28135,5308,28140,18119,28130,4638,28125,25654
2020-06-03 09:21:40.060000,28177.94,28135,5308,28140,18119,28130,4638,28125,25654
2020-06-03 09:21:40.970000,28177.94,28135,9808,28140,18119,28130,2987,28125,25654
2020-06-03 09:21:41.760000,28177.94,28135,9808,28140,18119,28130,2939,28125,25654
2020-06-03 09:21:43.360000,28177.94,28135,9858,28140,18119,28130,2939,28125,25654
2020-06-03 09:21:44.060000,28177.94,28135,9859,28140,18119,28130,2839,28125,25654
2020-06-03 09:21:44.760000,28177.94,28135,11369,28140,18124,28130,2806,28125,22781
2020-06-03 09:21:45.560000,28177.94,28135,11368,28140,18124,28130,2774,28125,22781
2020-06-03 09:21:46.470000,28177.94,28135,11378,28140,18124,28130,2774,28125,22781
2020-06-03 09:21:47.260000,28177.94,28135,1524,28140,18124,28130,7774,28125,22781
2020-06-03 09:21:48.170000,28177.94,28135,381,28140,13071,28130,25160,28125,13395
2020-06-03 09:21:48.960000,28159.03,28135,391,28140,13071,28130,22160,28125,13395
2020-06-03 09:21:49.870000,28159.03,28135,5465,28140,18125,28130,2538,28125,22781
2020-06-03 09:21:50.760000,28159.03,28135,4274,28140,18125,28130,7546,28125,22781
2020-06-03 09:21:51.790000,28159.03,28135,4271,28140,18125,28130,2546,28125,22781
2020-06-03 09:21:52.670000,28159.03,28135,4271,28140,18125,28130,2466,28125,22781
2020-06-03 09:21:53.560000,28159.03,28130,4264,28135,17024,28125,5395,28120,25359
2020-06-03 09:21:54.560000,28159.03,28135,11940,28140,18125,28125,22781,28120,15973
2020-06-03 09:21:55.460000,28159.03,28135,12140,28140,18125,28125,22781,28120,35893
2020-06-03 09:21:56.370000,28159.03,28135,12140,28140,18125,28125,22781,28120,36453
2020-06-03 09:21:57.260000,28159.03,28130,1569,28135,12140,28125,23081,28120,36453
2020-06-03 09:21:58.160000,28159.03,28130,1569,28135,12150,28125,23081,28120,36453
2020-06-03 09:21:59.160000,28170.62,28135,12150,28140,18125,28130,189,28125,23081
2020-06-03 09:22:00.070000,28170.62,28135,7550,28140,18125,28130,5000,28125,23081
2020-06-03 09:22:00.960000,28170.62,28135,10550,28140,18125,28130,4992,28125,23081
2020-06-03 09:22:01.960000,28170.62,28135,10560,28140,18125,28130,5002,28125,23081
2020-06-03 09:22:02.880000,28170.62,28130,4101,28135,15814,28125,3698,28120,26019
2020-06-03 09:22:03.770000,28170.62,28130,4201,28135,15814,28125,5698,28120,26019
2020-06-03 09:22:04.560000,28170.62,28130,5401,28135,15814,28125,5698,28120,26019
2020-06-03 09:22:05.560000,28170.62,28130,5398,28135,15814,28125,698,28120,26019
2020-06-03 09:22:06.470000,28170.62,28130,4198,28135,15814,28125,793,28120,26019
2020-06-03 09:22:07.360000,28170.62,28130,4204,28135,15814,28125,6793,28120,26019
2020-06-03 09:22:08.160000,28170.62,28130,4204,28135,15814,28125,1793,28120,26019
2020-06-03 09:22:09.060000,28170.62,28130,5704,28135,15814,28125,1784,28120,26019
2020-06-03 09:22:09.970000,28193.82,28125,6502,28130,16760,28120,6202,28115,27134
2020-06-03 09:22:10.770000,28193.82,28125,9540,28130,16760,28120,882,28115,27134
2020-06-03 09:22:11.770000,28193.82,28125,3051,28130,16760,28120,4738,28115,24127
2020-06-03 09:22:12.670000,28193.82,28125,8051,28130,16760,28120,4741,28115,24127
2020-06-03 09:22:13.560000,28193.82,28125,8051,28130,16775,28120,4741,28115,24127
2020-06-03 09:22:14.360000,28193.82,28120,760,28125,17603,28115,6741,28110,26502
2020-06-03 09:22:15.260000,28193.82,28120,6704,28125,17603,28115,6741,28110,26502
2020-06-03 09:22:16.060000,28193.82,28120,8222,28125,17603,28115,6741,28110,26502
2020-06-03 09:22:16.970000,28193.82,28115,1200,28120,17886,28110,6669,28105,45086
2020-06-03 09:22:17.860000,28193.82,28115,9537,28120,17887,28110,1679,28105,25266
2020-06-03 09:22:18.760000,28193.82,28120,12833,28125,17603,28110,24255,28105,15880
2020-06-03 09:22:19.670000,28164.53,28120,11233,28125,17603,28110,24255,28105,15880
2020-06-03 09:22:20.670000,28164.53,28120,8215,28125,17603,28115,4999,28110,24255
2020-06-03 09:22:21.560000,28164.53,28120,7473,28125,17603,28110,24455,28105,35700
2020-06-03 09:22:22.470000,28164.53,28115,1593,28120,7473,28110,24448,28105,36700
2020-06-03 09:22:24.170000,28164.53,28115,1593,28120,7483,28110,24448,28105,36700
2020-06-03 09:22:24.960000,28164.53,28120,62,28125,12549,28115,22610,28110,10062
2020-06-03 09:22:25.870000,28164.53,28120,7449,28125,17603,28115,5224,28110,24448
2020-06-03 09:22:26.660000,28164.53,28120,7479,28125,17603,28115,5224,28110,24448
2020-06-03 09:22:27.460000,28164.53,28120,10879,28125,17603,28110,24448,28105,36700
2020-06-03 09:22:28.360000,28164.53,28120,10479,28125,17603,28115,1,28110,24448
2020-06-03 09:22:29.160000,28164.53,28120,7479,28125,17603,28115,1,28110,24448
2020-06-03 09:22:30.070000,28162.03,28120,7480,28125,17603,28115,101,28110,24448
2020-06-03 09:22:30.960000,28162.03,28120,7480,28125,17603,28115,85,28110,24448
2020-06-03 09:22:31.860000,28162.03,28115,5000,28120,17134,28110,7064,28105,26266
2020-06-03 09:22:32.770000,28162.03,28115,8030,28120,17134,28110,7067,28105,26266
2020-06-03 09:22:33.660000,28162.03,28115,11007,28120,17134,28110,2077,28105,23409
2020-06-03 09:22:34.570000,28162.03,28115,4977,28120,17135,28110,8737,28105,23409
2020-06-03 09:22:35.270000,28162.03,28115,7997,28120,17145,28110,5537,28105,23409
2020-06-03 09:22:36.050000,28162.03,28115,7996,28120,17145,28110,547,28105,23409
2020-06-03 09:22:36.860000,28162.03,28115,7996,28120,17145,28110,355,28105,23409
2020-06-03 09:22:37.660000,28162.03,28115,7996,28120,17145,28110,345,28105,23409
2020-06-03 09:22:38.360000,28162.03,28115,7996,28120,17145,28110,345,28105,23409
2020-06-03 09:22:39.160000,28162.03,28115,700,28120,17145,28110,5555,28105,28409
2020-06-03 09:22:40.060000,28171.96,28115,10302,28120,17145,28110,5555,28105,23409
2020-06-03 09:22:40.860000,28171.96,28115,13292,28120,17145,28110,5355,28105,23409
2020-06-03 09:22:41.660000,28171.96,28115,13285,28120,17145,28110,5355,28105,23409
2020-06-03 09:22:42.470000,28171.96,28115,13285,28120,17145,28110,1000,28105,23391
2020-06-03 09:22:43.470000,28171.96,28115,13285,28120,17145,28110,1000,28105,23491
2020-06-03 09:22:44.460000,28171.96,28115,13285,28120,17145,28110,700,28105,23491
2020-06-03 09:22:45.370000,28171.96,28115,13320,28120,17145,28110,700,28105,23491
2020-06-03 09:22:46.070000,28171.96,28115,8720,28120,17145,28110,5900,28105,23491
2020-06-03 09:22:46.870000,28171.96,28115,718,28120,12091,28110,23376,28105,14005
2020-06-03 09:22:47.760000,28171.96,28115,843,28120,12091,28110,21746,28105,14105
2020-06-03 09:22:48.570000,28171.96,28115,843,28120,12091,28110,21739,28105,14005
2020-06-03 09:22:49.370000,28171.96,28120,10491,28125,17639,28110,21686,28105,33825
2020-06-03 09:22:50.160000,28152.77,28120,10491,28125,17639,28110,21686,28105,35825
2020-06-03 09:22:51.160000,28152.77,28120,10491,28125,17639,28110,21706,28105,35825
2020-06-03 09:22:51.960000,28152.77,28120,10491,28125,17639,28110,21706,28105,35825
2020-06-03 09:22:52.760000,28152.77,28120,10491,28125,17639,28115,2,28110,21706
2020-06-03 09:22:53.570000,28152.77,28115,54,28120,10491,28110,21898,28105,35825
2020-06-03 09:22:54.460000,28152.77,28120,10491,28125,17639,28110,21898,28105,35825
2020-06-03 09:22:55.260000,28152.77,28120,42,28125,12585,28115,22254,28110,12412
2020-06-03 09:22:56.360000,28152.77,28120,9131,28125,17639,28110,21466,28105,35825
2020-06-03 09:22:57.160000,28152.77,28120,12131,28125,17739,28115,2500,28110,21466
2020-06-03 09:22:57.960000,28152.77,28120,12131,28125,17739,28115,2143,28110,21466
2020-06-03 09:22:58.860000,28152.77,28120,42,28125,12685,28115,24387,28110,12412
2020-06-03 09:22:59.770000,28161.7,28120,4476,28125,17739,28115,5802,28110,21466
2020-06-03 09:23:00.770000,28161.7,28120,6581,28125,17739,28115,602,28110,21466
2020-06-03 09:23:01.660000,28161.7,28120,4981,28125,17739,28115,802,28110,21466
2020-06-03 09:23:02.570000,28161.7,28120,6581,28125,17739,28115,602,28110,21466
2020-06-03 09:23:03.470000,28161.7,28120,14735,28125,12585,28110,4412,28105,25259
2020-06-03 09:23:04.270000,28161.7,28120,10081,28125,17739,28110,21466,28105,16205
2020-06-03 09:23:04.970000,28161.7,28115,5,28120,10081,28110,21466,28105,16205
2020-06-03 09:23:05.770000,28161.7,28115,5,28120,10081,28110,21466,28105,41025
2020-06-03 09:23:06.560000,28161.7,28120,13481,28125,22639,28110,21466,28105,36025
2020-06-03 09:23:07.470000,28161.7,28120,8481,28125,22639,28115,50,28110,21471
2020-06-03 09:23:08.360000,28161.7,28120,8481,28125,22639,28115,5690,28110,21471
2020-06-03 09:23:09.270000,28161.7,28120,8481,28125,22639,28115,5689,28110,21471
2020-06-03 09:23:10.160000,28149.51,28120,5481,28125,22639,28115,681,28110,21571
2020-06-03 09:23:10.970000,28149.51,28120,5481,28125,22639,28115,433,28110,21571
2020-06-03 09:23:11.770000,28149.51,28120,500,28125,12585,28115,25187,28110,17547
2020-06-03 09:23:12.770000,28149.51,28125,17585,28130,23354,28115,20657,28110,12547
2020-06-03 09:23:13.770000,28149.51,28125,17585,28130,23354,28115,23062,28110,12547
2020-06-03 09:23:14.860000,28149.51,28125,11085,28130,23354,28115,23167,28110,37367
2020-06-03 09:23:15.760000,28149.51,28120,139,28125,11085,28115,23167,28110,37367
2020-06-03 09:23:16.670000,28149.51,28120,139,28125,21139,28115,9113,28110,21601
2020-06-03 09:23:17.560000,28149.51,28120,4437,28125,21139,28115,5410,28110,21601
2020-06-03 09:23:18.460000,28149.51,28120,4367,28125,21140,28115,410,28110,21601
2020-06-03 09:23:19.370000,28168.86,28120,7382,28125,21140,28115,381,28110,21601
2020-06-03 09:23:20.260000,28168.86,28120,7382,28125,21140,28115,181,28110,21601
2020-06-03 09:23:21.160000,28168.86,28120,13982,28125,21150,28115,181,28110,21601
2020-06-03 09:23:22.070000,28168.86,28120,12382,28125,21150,28115,181,28110,21601
2020-06-03 09:23:22.960000,28168.86,28120,12382,28125,21150,28115,705,28110,21601
2020-06-03 09:23:23.770000,28168.86,28120,12382,28125,21150,28115,2855,28110,21601
2020-06-03 09:23:24.570000,28168.86,28120,12382,28125,21150,28115,1268,28110,21601
2020-06-03 09:23:25.460000,28168.86,28120,12382,28125,21150,28115,1268,28110,21601
2020-06-03 09:23:26.160000,28168.86,28120,12383,28125,21150,28115,1268,28110,21601
2020-06-03 09:23:26.960000,28168.86,28120,8016,28125,11096,28115,6468,28110,26606
2020-06-03 09:23:27.770000,28168.86,28125,47,28130,13300,28120,22437,28115,19474
2020-06-03 09:23:28.760000,28168.86,28130,11800,28135,24120,28120,22437,28115,19574
2020-06-03 09:23:29.760000,28173.78,28125,1,28130,11800,28120,25639,28115,39394
2020-06-03 09:23:30.660000,28173.78,28130,11800,28135,24120,28120,25639,28115,40314
2020-06-03 09:23:31.660000,28173.78,28125,5010,28130,21854,28120,8355,28115,44368
2020-06-03 09:23:32.570000,28173.78,28130,11800,28135,27120,28120,25409,28115,40314
2020-06-03 09:23:33.460000,28173.78,28130,11800,28135,27120,28125,2497,28120,25409
2020-06-03 09:23:34.360000,28173.78,28130,186,28135,22066,28125,24756,28120,24312
2020-06-03 09:23:35.160000,28173.78,28135,22066,28140,24707,28125,24177,28120,19312
2020-06-03 09:23:36.070000,28173.78,28130,7246,28135,27121,28125,2123,28120,25509
2020-06-03 09:23:37.070000,28173.78,28125,1528,28130,7251,28120,25509,28115,43221
2020-06-03 09:23:37.960000,28173.78,28130,7251,28135,27121,28125,1533,28120,25509
2020-06-03 09:23:38.880000,28173.78,28130,7251,28135,27121,28125,1693,28120,25509
2020-06-03 09:23:39.560000,28180.9,28130,10251,28135,27121,28125,5,28120,25509
2020-06-03 09:23:40.360000,28180.9,28130,10251,28135,27121,28125,5,28120,25509
2020-06-03 09:23:41.270000,28180.9,28130,10651,28135,27121,28125,8,28120,25510
2020-06-03 09:23:42.060000,28180.9,28125,16,28130,10651,28120,25310,28115,43236
2020-06-03 09:23:42.860000,28180.9,28130,7651,28135,27121,28120,25310,28115,43186
2020-06-03 09:23:43.660000,28180.9,28130,10651,28135,27121,28120,25310,28115,43186
2020-06-03 09:23:44.470000,28180.9,28130,10651,28135,27121,28120,25311,28115,43186
2020-06-03 09:23:45.360000,28180.9,28130,10651,28135,27121,28125,3,28120,25311
2020-06-03 09:23:46.270000,28180.9,28130,10651,28135,27121,28125,4,28120,25311
2020-06-03 09:23:47.060000,28180.9,28125,4996,28130,20705,28120,8307,28115,27837
2020-06-03 09:23:47.970000,28180.9,28130,10603,28135,27121,28125,1268,28120,22361
2020-06-03 09:23:48.860000,28180.9,28125,3474,28130,15603,28120,22361,28115,17515
2020-06-03 09:23:49.760000,28179.12,28130,10603,28135,27121,28125,520,28120,23831
2020-06-03 09:23:50.670000,28179.12,28130,20857,28135,22067,28125,520,28120,9777
2020-06-03 09:23:51.560000,28179.12,28130,21714,28135,22067,28125,520,28120,9777
2020-06-03 09:23:52.360000,28179.12,28130,16910,28135,27121,28125,3,28120,24231
2020-06-03 09:23:53.260000,28179.12,28130,11910,28135,27121,28125,38,28120,24231
2020-06-03 09:23:54.170000,28179.12,28125,191,28130,11903,28120,24229,28115,22515
2020-06-03 09:23:55.060000,28179.12,28130,11903,28135,27121,28125,5000,28120,24229
2020-06-03 09:23:55.970000,28179.12,28130,11803,28135,27121,28125,4998,28120,24230
2020-06-03 09:23:56.760000,28179.12,28130,8803,28135,27121,28125,4998,28120,24230
2020-06-03 09:23:57.570000,28179.12,28130,11803,28135,27171,28120,24230,28115,42335
2020-06-03 09:23:58.460000,28179.12,28130,22262,28135,22117,28125,3,28120,9910
2020-06-03 09:23:59.260000,28179.12,28125,9647,28130,21638,28120,3487,28115,26569
2020-06-03 09:24:00.060000,28183.93,28125,9647,28130,21638,28120,3487,28115,23712
2020-06-03 09:24:01.060000,28183.93,28125,8039,28130,21638,28120,5081,28115,23712
2020-06-03 09:24:02.060000,28183.93,28125,10110,28130,21638,28120,3551,28115,23712
2020-06-03 09:24:02.870000,28183.93,28125,10110,28130,21638,28120,5000,28115,23712
2020-06-03 09:24:03.760000,28183.93,28125,10110,28130,21638,28115,23712,28110,39163
2020-06-03 09:24:04.670000,28183.93,28125,10075,28130,21638,28115,23712,28110,39163
2020-06-03 09:24:05.460000,28183.93,28125,10075,28130,21638,28115,23482,28110,39163
2020-06-03 09:24:06.260000,28183.93,28120,542,28125,10075,28115,23482,28110,39163
2020-06-03 09:24:07.060000,28183.93,28120,542,28125,10075,28115,23457,28110,39163
2020-06-03 09:24:07.870000,28183.93,28125,4572,28130,21638,28120,4658,28115,23457
2020-06-03 09:24:08.660000,28183.93,28130,21638,28135,22417,28125,2490,28120,4658
2020-06-03 09:24:09.460000,28183.93,28125,10343,28130,21638,28120,4858,28115,23495
2020-06-03 09:24:10.370000,28179.77,28125,10343,28130,21638,28115,23495,28110,39163
2020-06-03 09:24:11.260000,28179.77,28125,10343,28130,21638,28115,23495,28110,39162
2020-06-03 09:24:12.070000,28179.77,28130,16584,28135,27471,28125,2500,28120,21905
2020-06-03 09:24:12.960000,28179.77,28130,21638,28135,22417,28125,2452,28120,7851
2020-06-03 09:24:13.760000,28179.77,28125,13650,28130,21638,28120,5000,28115,43415
2020-06-03 09:24:14.570000,28179.77,28125,12483,28130,21638,28120,3370,28115,43415
2020-06-03 09:24:15.370000,28179.77,28125,12483,28130,21638,28120,3370,28115,23595
2020-06-03 09:24:16.960000,28179.77,28125,12488,28130,21638,28120,3370,28115,23595
2020-06-03 09:24:17.660000,28179.77,28125,9488,28130,21638,28120,3140,28115,23595
2020-06-03 09:24:18.360000,28179.77,28125,9488,28130,21638,28120,3175,28115,23795
2020-06-03 09:24:19.160000,28156.66,28125,9488,28130,21638,28120,3180,28115,23795
2020-06-03 09:24:19.860000,28156.66,28125,9488,28130,21638,28120,3173,28115,23795
2020-06-03 09:24:20.660000,28156.66,28125,9388,28130,21638,28120,3173,28115,23795
2020-06-03 09:24:21.460000,28156.66,28125,9403,28130,21638,28120,3173,28115,23795
2020-06-03 09:24:22.270000,28156.66,28125,9403,28130,21638,28120,3173,28115,23795
2020-06-03 09:24:23.770000,28156.66,28125,12803,28130,21638,28120,3173,28115,23812
2020-06-03 09:24:24.570000,28156.66,28125,9403,28130,21638,28120,7571,28115,23815
2020-06-03 09:24:25.360000,28156.66,28125,9403,28130,21638,28120,3420,28115,23815
2020-06-03 09:24:26.160000,28156.66,28125,9403,28130,21638,28120,3420,28115,23817
2020-06-03 09:24:26.910000,28156.66,28125,9070,28130,21638,28120,3087,28115,23817
2020-06-03 09:24:27.560000,28156.66,28125,9070,28130,21638,28120,6008,28115,24117
2020-06-03 09:24:28.270000,28156.66,28125,9058,28130,21638,28120,6008,28115,24117
2020-06-03 09:24:28.970000,28156.66,28125,9058,28130,21638,28120,6008,28115,24117
2020-06-03 09:24:29.660000,28170.89,28125,9056,28130,21638,28120,5778,28115,24117
2020-06-03 09:24:30.470000,28170.89,28125,9056,28130,21638,28120,5778,28115,24117
2020-06-03 09:24:31.360000,28170.89,28125,9155,28130,21638,28120,1327,28115,24117
2020-06-03 09:24:32.270000,28170.89,28130,11584,28135,27474,28125,2360,28120,24432
2020-06-03 09:24:33.160000,28170.89,28125,5589,28130,21638,28120,7378,28115,24117
2020-06-03 09:24:34.060000,28170.89,28125,8889,28130,21638,28120,1327,28115,24117
2020-06-03 09:24:34.970000,28170.89,28125,8689,28130,21638,28120,1327,28115,24117
2020-06-03 09:24:35.770000,28170.89,28125,8889,28130,21638,28120,5718,28115,24117
2020-06-03 09:24:36.660000,28170.89,28125,8889,28130,21638,28120,5142,28115,24117
2020-06-03 09:24:37.360000,28170.89,28125,5889,28130,21638,28120,5142,28115,24117
2020-06-03 09:24:38.160000,28170.89,28125,5889,28130,21638,28120,691,28115,24117
2020-06-03 09:24:38.970000,28170.89,28125,7489,28130,21638,28120,1001,28115,24117
2020-06-03 09:24:39.760000,28151.94,28120,530,28125,5889,28115,23822,28110,39267
2020-06-03 09:24:40.560000,28151.94,28120,428,28125,5889,28115,23592,28110,39267
2020-06-03 09:24:41.470000,28151.94,28125,6389,28130,21668,28115,23010,28110,39267
2020-06-03 09:24:42.260000,28151.94,28125,7389,28130,21668,28115,23010,28110,39267
2020-06-03 09:24:43.060000,28151.94,28125,5889,28130,21668,28115,22810,28110,39267
2020-06-03 09:24:43.870000,28151.94,28125,5889,28130,21668,28120,4493,28115,22810
2020-06-03 09:24:44.670000,28151.94,28125,5159,28130,21668,28120,4493,28115,22810
2020-06-03 09:24:45.360000,28151.94,28125,5159,28130,21668,28120,4493,28115,22810
2020-06-03 09:24:46.960000,28151.94,28125,5159,28130,21668,28120,4493,28115,22811
2020-06-03 09:24:47.760000,28151.94,28125,5159,28130,21668,28115,22811,28110,39267
2020-06-03 09:24:48.560000,28151.94,28125,5159,28130,21668,28120,20,28115,22811
2020-06-03 09:24:49.350000,28151.94,28125,6759,28130,21669,28120,20,28115,22811
2020-06-03 09:24:50.170000,28150.76,28125,9769,28130,21669,28120,20,28115,22841
2020-06-03 09:24:50.960000,28150.76,28120,20,28125,9819,28115,22841,28110,39267
2020-06-03 09:24:51.760000,28150.76,28125,8939,28130,21669,28115,22841,28110,39267
2020-06-03 09:24:52.560000,28150.76,28125,8924,28130,21669,28120,1441,28115,22841
2020-06-03 09:24:53.460000,28150.76,28125,8924,28130,21669,28120,3911,28115,22841
2020-06-03 09:24:54.260000,28150.76,28125,7674,28130,21669,28120,3911,28115,22841
2020-06-03 09:24:55.960000,28150.76,28125,4374,28130,21670,28120,8404,28115,22841
2020-06-03 09:24:56.660000,28150.76,28125,4374,28130,21670,28120,3911,28115,22841
2020-06-03 09:24:57.460000,28150.76,28125,4374,28130,21670,28120,3911,28115,22841
2020-06-03 09:24:58.160000,28150.76,28125,5874,28130,21670,28120,3861,28115,22841
2020-06-03 09:24:59.070000,28150.76,28120,6190,28125,18929,28115,5787,28110,23501
2020-06-03 09:24:59.960000,28147.13,28120,6190,28125,18779,28115,9704,28110,21860
2020-06-03 09:25:00.870000,28147.13,28120,5191,28125,18780,28115,9706,28110,21860
2020-06-03 09:25:01.870000,28147.13,28125,13726,28130,21670,28120,2490,28115,23763
2020-06-03 09:25:02.870000,28147.13,28125,7158,28130,21670,28120,2490,28115,23763
2020-06-03 09:25:03.870000,28147.13,28125,7158,28130,24670,28120,2260,28115,23763
2020-06-03 09:25:04.770000,28147.13,28125,1158,28130,24670,28120,731,28115,23773
2020-06-03 09:25:05.570000,28147.13,28125,5710,28130,24670,28120,731,28115,23773
2020-06-03 09:25:06.460000,28147.13,28125,4210,28130,33747,28120,2231,28115,23773
2020-06-03 09:25:07.460000,28147.13,28130,23694,28135,24476,28120,9149,28115,48603
2020-06-03 09:25:08.360000,28147.13,28125,16107,28130,28794,28120,156,28115,29549
2020-06-03 09:25:09.360000,28147.13,28120,5000,28125,21107,28115,29505,28110,21860
2020-06-03 09:25:10.360000,28168.42,28125,21107,28130,28764,28115,9685,28110,21860
2020-06-03 09:25:11.270000,28168.42,28125,8047,28130,33818,28120,2446,28115,23739
2020-06-03 09:25:12.160000,28168.42,28125,4994,28130,33818,28120,11439,28115,23739
2020-06-03 09:25:12.960000,28168.42,28125,7996,28130,33818,28120,2416,28115,23739
2020-06-03 09:25:13.770000,28168.42,28130,23764,28135,24478,28125,2558,28120,25463
2020-06-03 09:25:14.660000,28168.42,28130,20764,28135,24478,28125,5904,28120,25464
2020-06-03 09:25:15.460000,28168.42,28125,4994,28130,33818,28120,8410,28115,43559
2020-06-03 09:25:16.360000,28168.42,28125,8012,28130,33817,28120,6920,28115,43559
2020-06-03 09:25:17.160000,28168.42,28125,8012,28130,33817,28120,820,28115,43559
2020-06-03 09:25:17.950000,28168.42,28125,8011,28130,33817,28120,820,28115,23740
2020-06-03 09:25:18.770000,28168.42,28130,33817,28135,19424,28120,6913,28115,23740
2020-06-03 09:25:19.660000,28162.25,28130,23763,28135,24479,28120,23967,28115,19686
2020-06-03 09:25:20.560000,28162.25,28130,20763,28135,24479,28125,2500,28120,24223
2020-06-03 09:25:21.470000,28162.25,28130,9242,28135,24479,28125,10502,28120,25943
2020-06-03 09:25:22.470000,28162.25,28130,14242,28135,24479,28125,7502,28120,25943
2020-06-03 09:25:23.270000,28162.25,28130,14241,28135,24479,28125,7502,28120,25978
2020-06-03 09:25:24.160000,28162.25,28130,14291,28135,24479,28125,7505,28120,25988
2020-06-03 09:25:25.060000,28162.25,28130,14291,28135,24479,28125,7504,28120,26088
2020-06-03 09:25:25.970000,28162.25,28130,14291,28135,24479,28125,7504,28120,26088
2020-06-03 09:25:26.760000,28162.25,28130,11792,28135,24479,28125,12504,28120,26088
2020-06-03 09:25:27.560000,28162.25,28130,9605,28135,22425,28125,29505,28120,17034
2020-06-03 09:25:28.360000,28162.25,28130,9605,28135,22425,28125,29505,28120,36855
2020-06-03 09:25:29.260000,28162.25,28130,8149,28135,17425,28125,27976,28120,41855
2020-06-03 09:25:30.260000,28167.52,28135,4838,28140,16403,28130,25859,28125,26509
2020-06-03 09:25:31.170000,28167.52,28135,9814,28140,26457,28130,3451,28125,49632
2020-06-03 09:25:32.060000,28167.52,28135,9814,28140,26457,28130,3405,28125,49632
2020-06-03 09:25:32.970000,28167.52,28135,4838,28140,16403,28130,24453,28125,45578
2020-06-03 09:25:33.860000,28167.52,28135,4838,28140,16403,28130,24453,28125,45578
2020-06-03 09:25:34.760000,28167.52,28135,2335,28140,16403,28130,19861,28125,45578
2020-06-03 09:25:35.560000,28167.52,28135,2335,28140,16403,28130,18361,28125,45613
2020-06-03 09:25:36.360000,28167.52,28135,2335,28140,16403,28130,18361,28125,45613
2020-06-03 09:25:37.170000,28167.52,28135,12611,28140,26457,28130,5,28125,27159
2020-06-03 09:25:37.960000,28167.52,28130,570,28135,12611,28125,27159,28120,44163
2020-06-03 09:25:38.670000,28167.52,28135,12611,28140,26457,28130,3191,28125,27159
2020-06-03 09:25:39.460000,28166.86,28135,2835,28140,21403,28130,14357,28125,40613
2020-06-03 09:25:40.260000,28166.86,28135,2835,28140,21403,28130,14557,28125,40613
2020-06-03 09:25:41.370000,28166.86,28135,7111,28140,21457,28130,3191,28125,51979
2020-06-03 09:25:42.260000,28166.86,28135,7111,28140,26457,28125,27159,28120,44168
2020-06-03 09:25:43.060000,28166.86,28135,13130,28140,26457,28125,27159,28120,44168
2020-06-03 09:25:43.870000,28166.86,28135,13163,28140,26457,28125,27159,28120,44168
2020-06-03 09:25:44.560000,28166.86,28135,13163,28140,26457,28130,1471,28125,27159
2020-06-03 09:25:45.260000,28166.86,28130,5000,28135,23217,28125,5215,28120,25714
2020-06-03 09:25:46.060000,28166.86,28135,18163,28140,26457,28125,20972,28120,19348
2020-06-03 09:25:46.960000,28166.86,28135,13163,28140,26457,28125,20972,28120,24348
2020-06-03 09:25:47.660000,28166.86,28130,55,28135,14963,28125,23972,28120,24348
2020-06-03 09:25:48.370000,28166.86,28130,47,28135,14963,28125,23972,28120,44168
2020-06-03 09:25:49.160000,28166.86,28130,47,28135,14963,28125,21202,28120,44168
2020-06-03 09:25:50.070000,28151.4,28130,47,28135,14963,28125,21205,28120,44168
2020-06-03 09:25:50.870000,28151.4,28135,11945,28140,26457,28130,4953,28125,23968
2020-06-03 09:25:51.760000,28151.4,28135,7146,28140,26457,28130,4953,28125,23968
2020-06-03 09:25:52.660000,28151.4,28135,8846,28140,26467,28130,4954,28125,23969
2020-06-03 09:25:53.570000,28151.4,28135,4647,28140,26467,28130,4954,28125,23969
2020-06-03 09:25:54.370000,28151.4,28130,1521,28135,5044,28125,23969,28120,44248
2020-06-03 09:25:55.160000,28151.4,28130,1521,28135,5044,28125,23969,28120,44348
2020-06-03 09:25:55.960000,28151.4,28135,5045,28140,26467,28130,3430,28125,23969
2020-06-03 09:25:56.750000,28151.4,28135,5045,28140,26467,28130,2500,28125,23969
2020-06-03 09:25:57.500000,28151.4,28135,407,28140,16413,28130,21812,28125,22603
2020-06-03 09:25:58.380000,28151.4,28135,407,28140,21413,28130,18612,28125,17603
2020-06-03 09:25:59.360000,28170.03,28135,408,28140,16413,28130,21612,28125,22603
2020-06-03 09:26:00.360000,28170.03,28135,10,28140,8777,28130,24772,28125,42447
2020-06-03 09:26:01.570000,28170.03,28140,8777,28145,30209,28135,2260,28130,24872
2020-06-03 09:26:02.660000,28170.03,28140,11777,28145,30209,28135,2260,28130,24872
2020-06-03 09:26:03.660000,28170.03,28140,8777,28145,30209,28135,2360,28130,21712
2020-06-03 09:26:04.560000,28170.03,28140,8777,28145,25209,28135,2460,28130,26712
2020-06-03 09:26:05.360000,28170.03,28140,8777,28145,30209,28135,2460,28130,21712
2020-06-03 09:26:06.270000,28170.03,28140,8777,28145,30209,28135,7052,28130,21712
2020-06-03 09:26:07.060000,28170.03,28140,3777,28145,20155,28135,16889,28130,20347
2020-06-03 09:26:07.770000,28170.03,28140,7987,28145,30209,28135,931,28130,21713
2020-06-03 09:26:08.660000,28170.03,28140,1287,28145,25155,28135,16890,28130,35167
2020-06-03 09:26:09.450000,28161.38,28140,1304,28145,20155,28135,16315,28130,40167
2020-06-03 09:26:10.360000,28161.38,28145,12539,28150,27554,28140,15858,28135,17949
2020-06-03 09:26:11.470000,28161.38,28145,12539,28150,37608,28135,19315,28130,40267
2020-06-03 09:26:12.470000,28161.38,28145,12539,28150,37613,28135,19316,28130,40267
2020-06-03 09:26:13.360000,28161.38,28145,13539,28150,37613,28135,19086,28130,40267
2020-06-03 09:26:14.970000,28161.38,28145,13539,28150,37613,28140,5000,28135,19086
2020-06-03 09:26:15.760000,28161.38,28145,13539,28150,27559,28140,16366,28135,12719
2020-06-03 09:26:16.560000,28161.38,28145,5571,28150,27559,28140,18816,28135,17720
2020-06-03 09:26:17.260000,28161.38,28145,7477,28150,27559,28140,18816,28135,17720
2020-06-03 09:26:18.060000,28161.38,28145,7477,28150,27559,28140,4450,28135,24088
2020-06-03 09:26:18.870000,28161.38,28145,9377,28150,37613,28140,93,28135,19088
2020-06-03 09:26:19.670000,28190.28,28140,1257,28145,10477,28135,19088,28130,40267
2020-06-03 09:26:20.470000,28190.28,28140,1256,28145,10477,28135,19088,28130,40267
2020-06-03 09:26:21.260000,28190.28,28140,1257,28145,13508,28135,19088,28130,40272
2020-06-03 09:26:22.170000,28190.28,28140,1430,28145,13508,28135,19088,28130,40352
2020-06-03 09:26:23.070000,28190.28,28145,10477,28150,37613,28135,19088,28130,40352
2020-06-03 09:26:23.870000,28190.28,28145,14591,28150,37663,28140,2505,28135,16034
2020-06-03 09:26:24.760000,28190.28,28145,13491,28150,37663,28140,1276,28135,16066
2020-06-03 09:26:25.570000,28190.28,28145,13691,28150,37663,28135,20512,28130,40352
2020-06-03 09:26:26.360000,28190.28,28145,13541,28150,37663,28140,2,28135,20512
2020-06-03 09:26:27.180000,28190.28,28145,13541,28150,37663,28140,2216,28135,20512
2020-06-03 09:26:27.960000,28190.28,28140,2371,28145,13541,28135,20512,28130,18286
2020-06-03 09:26:28.660000,28190.28,28140,280,28145,13541,28135,20512,28130,38106
2020-06-03 09:26:29.360000,28190.28,28145,13541,28150,37663,28140,2221,28135,21512
2020-06-03 09:26:30.160000,28186.9,28145,13541,28150,37663,28140,4721,28135,21512
2020-06-03 09:26:31.070000,28186.9,28145,13551,28150,38663,28140,4721,28135,21512
2020-06-03 09:26:31.860000,28186.9,28145,2548,28150,28609,28140,24047,28135,39966
2020-06-03 09:26:32.770000,28186.9,28145,2548,28150,28610,28140,22518,28135,39966
2020-06-03 09:26:33.570000,28186.9,28145,6638,28150,38664,28140,3047,28135,41372
2020-06-03 09:26:34.570000,28186.9,28145,5038,28150,33664,28140,16035,28135,26552
2020-06-03 09:26:35.560000,28186.9,28145,5038,28150,38668,28140,11035,28135,21852
2020-06-03 09:26:36.360000,28186.9,28145,48,28150,33614,28140,27171,28135,10486
2020-06-03 09:26:37.270000,28186.9,28150,28614,28155,24964,28145,2421,28140,27171
2020-06-03 09:26:38.060000,28186.9,28150,28614,28155,24964,28145,20655,28140,27171
2020-06-03 09:26:38.860000,28186.9,28150,28614,28155,24964,28145,20655,28140,27171
2020-06-03 09:26:39.660000,28189.91,28150,28611,28155,24964,28145,20080,28140,30171
2020-06-03 09:26:40.450000,28189.91,28150,29641,28155,24964,28145,20080,28140,30171
2020-06-03 09:26:41.160000,28189.91,28150,29641,28155,24964,28145,20080,28140,30176
2020-06-03 09:26:42.060000,28189.91,28150,26641,28155,24964,28145,20079,28140,33073
2020-06-03 09:26:42.860000,28189.91,28150,26641,28155,24914,28145,20089,28140,33073
2020-06-03 09:26:43.770000,28189.91,28150,26641,28155,24914,28145,25080,28140,33073
2020-06-03 09:26:44.660000,28189.91,28150,22021,28155,24914,28145,18560,28140,33073
2020-06-03 09:26:45.560000,28189.91,28150,22021,28155,24914,28145,18396,28140,33073
2020-06-03 09:26:47.060000,28189.91,28150,22024,28155,24914,28145,18396,28140,33074
2020-06-03 09:26:47.960000,28189.91,28150,21824,28155,24914,28145,23387,28140,33074
2020-06-03 09:26:48.760000,28189.91,28150,24852,28155,24914,28145,18069,28140,33074
2020-06-03 09:26:49.490000,28189.91,28150,24852,28155,24914,28145,18069,28140,33074
2020-06-03 09:26:50.370000,28188.13,28150,24852,28155,25914,28145,18068,28140,33077
2020-06-03 09:26:51.160000,28188.13,28150,27852,28155,25914,28145,18068,28140,30480
2020-06-03 09:26:51.960000,28188.13,28150,21824,28155,25914,28145,18468,28140,30480
2020-06-03 09:26:52.760000,28188.13,28150,21824,28155,25914,28145,18498,28140,30480
2020-06-03 09:26:53.570000,28188.13,28150,16862,28155,25914,28145,18398,28140,22480
2020-06-03 09:26:54.460000,28188.13,28150,19862,28155,25914,28140,19480,28135,21637
2020-06-03 09:26:55.260000,28188.13,28150,19862,28155,25914,28140,12480,28135,22637
2020-06-03 09:26:56.070000,28188.13,28145,4991,28150,32016,28140,11115,28135,24003
2020-06-03 09:26:56.870000,28188.13,28145,4991,28150,32116,28140,8118,28135,24003
2020-06-03 09:26:57.570000,28188.13,28145,4991,28150,32116,28140,6589,28135,24003
2020-06-03 09:26:58.260000,28188.13,28145,4988,28150,32116,28140,6589,28135,24103
2020-06-03 09:26:58.960000,28188.13,28145,4988,28150,32116,28140,6589,28135,24103
2020-06-03 09:26:59.760000,28192.65,28145,4988,28150,32116,28140,6304,28135,24103
2020-06-03 09:27:00.660000,28192.65,28150,22067,28155,25914,28145,7500,28140,20772
2020-06-03 09:27:01.570000,28192.65,28150,17015,28155,25914,28145,6500,28140,22218
2020-06-03 09:27:02.360000,28192.65,28150,20302,28155,25914,28145,3593,28140,22269
2020-06-03 09:27:03.270000,28192.65,28145,8552,28150,33256,28140,7903,28135,41030
2020-06-03 09:27:03.960000,28192.65,28145,13452,28150,33186,28140,7903,28135,41030
2020-06-03 09:27:04.770000,28192.65,28145,11549,28150,33186,28140,7902,28135,20210
2020-06-03 09:27:06.240000,28192.65,28150,30785,28155,20860,28145,2500,28140,10902
2020-06-03 09:27:07.190000,28192.65,28145,5000,28150,30785,28140,7895,28135,20210
2020-06-03 09:27:07.960000,28192.65,28145,12091,28150,30785,28140,7895,28135,20210
2020-06-03 09:27:08.860000,28192.65,28145,5236,28150,30785,28140,7895,28135,20210
2020-06-03 09:27:09.670000,28189.1,28145,4436,28150,30785,28140,6369,28135,20211
2020-06-03 09:27:10.360000,28189.1,28145,4436,28150,30795,28140,5794,28135,20211
2020-06-03 09:27:11.160000,28189.1,28145,4466,28150,31052,28140,5564,28135,20211
2020-06-03 09:27:12.060000,28189.1,28150,25998,28155,25914,28145,7469,28140,19930
2020-06-03 09:27:12.950000,28189.1,28150,25998,28155,25914,28145,7468,28140,19930
2020-06-03 09:27:13.760000,28189.1,28150,20998,28155,25914,28145,7454,28140,19930
2020-06-03 09:27:14.560000,28189.1,28150,25998,28155,25914,28145,7404,28140,20030
2020-06-03 09:27:15.260000,28189.1,28150,20998,28155,25914,28145,6994,28140,20030
2020-06-03 09:27:16.260000,28189.1,28150,17873,28155,25914,28145,6474,28140,20030
2020-06-03 09:27:16.960000,28189.1,28150,20873,28155,25914,28145,6474,28140,20030
2020-06-03 09:27:17.760000,28189.1,28150,25927,28155,20860,28145,6497,28140,8664
2020-06-03 09:27:18.560000,28189.1,28150,30827,28155,20870,28145,4741,28140,5564
2020-06-03 09:27:19.370000,28185.88,28150,30827,28155,20870,28145,3628,28140,8464
2020-06-03 09:27:20.060000,28185.88,28150,30828,28155,20870,28145,3628,28140,8464
2020-06-03 09:27:20.960000,28185.88,28145,959,28150,20774,28140,19830,28135,18846
2020-06-03 09:27:21.960000,28185.88,28145,516,28150,20774,28140,19830,28135,18846
2020-06-03 09:27:22.760000,28185.88,28145,270,28150,25668,28140,6935,28135,45032
2020-06-03 09:27:23.760000,28185.88,28145,5706,28150,30668,28140,3935,28135,40032
2020-06-03 09:27:24.550000,28185.88,28145,5704,28150,30668,28140,1506,28135,40032
2020-06-03 09:27:25.370000,28185.88,28145,6264,28150,30668,28140,1506,28135,20172
2020-06-03 09:27:26.260000,28185.88,28145,14664,28150,30668,28140,6509,28135,20172
2020-06-03 09:27:27.070000,28185.88,28145,14714,28150,30668,28140,6509,28135,20172
2020-06-03 09:27:27.960000,28185.88,28145,10278,28150,30668,28140,6519,28135,20172
2020-06-03 09:27:28.760000,28185.88,28145,14709,28150,30665,28140,6519,28135,20172
2020-06-03 09:27:29.570000,28185.45,28145,14669,28150,30665,28140,6482,28135,20172
2020-06-03 09:27:30.350000,28185.45,28145,14699,28150,30665,28140,6429,28135,20172
2020-06-03 09:27:31.960000,28185.45,28145,14754,28150,30665,28140,6429,28135,20172
2020-06-03 09:27:32.750000,28185.45,28145,14560,28150,30665,28140,1482,28135,20172
2020-06-03 09:27:33.770000,28185.45,28145,14560,28150,30685,28140,1577,28135,20172
2020-06-03 09:27:34.660000,28185.45,28140,9316,28145,14563,28135,20177,28130,41641
2020-06-03 09:27:35.460000,28185.45,28140,4313,28145,14563,28135,20123,28130,41641
2020-06-03 09:27:36.160000,28185.45,28140,1773,28145,14563,28135,20123,28130,41641
2020-06-03 09:27:36.960000,28185.45,28140,2773,28145,14563,28135,20123,28130,41641
2020-06-03 09:27:37.660000,28185.45,28140,273,28145,14563,28135,20126,28130,41641
2020-06-03 09:27:38.460000,28185.45,28140,273,28145,14563,28135,20126,28130,41641
2020-06-03 09:27:39.160000,28199.72,28140,372,28145,14563,28135,20226,28130,41641
2020-06-03 09:27:39.860000,28199.72,28140,371,28145,14563,28135,20226,28130,41641
2020-06-03 09:27:40.460000,28199.72,28145,32974,28150,25631,28135,5860,28130,23187
2020-06-03 09:27:41.360000,28199.72,28140,1975,28145,32974,28135,5860,28130,23187
2020-06-03 09:27:42.160000,28199.72,28140,4275,28145,32974,28135,5860,28130,23187
2020-06-03 09:27:42.860000,28199.72,28140,9154,28145,32974,28135,5860,28130,23187
2020-06-03 09:27:43.580000,28199.72,28140,9204,28145,32974,28135,5860,28130,23187
2020-06-03 09:27:44.360000,28199.72,28140,9204,28145,32974,28135,5860,28130,23187
2020-06-03 09:27:45.160000,28199.72,28140,1904,28145,22920,28135,20231,28130,41641
2020-06-03 09:27:45.860000,28199.72,28140,1904,28145,22920,28135,20784,28130,41741
2020-06-03 09:27:46.660000,28199.72,28145,20620,28150,30690,28140,256,28135,20784
2020-06-03 09:27:47.360000,28199.72,28140,1273,28145,20622,28135,20784,28130,41741
2020-06-03 09:27:48.060000,28199.72,28145,20622,28150,30690,28140,3727,28135,20784
2020-06-03 09:27:48.720000,28199.72,28145,20622,28150,30690,28135,20784,28130,41741
2020-06-03 09:27:49.360000,28202.06,28145,20622,28150,30690,28135,21768,28130,41741
2020-06-03 09:27:50.060000,28202.06,28145,20622,28150,30690,28140,5003,28135,21768
2020-06-03 09:27:50.860000,28202.06,28145,20622,28150,30690,28140,1706,28135,21768
2020-06-03 09:27:51.760000,28202.06,28145,20622,28150,30692,28135,17768,28130,16922
2020-06-03 09:27:52.560000,28202.06,28140,9000,28145,16676,28135,6372,28130,28288
2020-06-03 09:27:53.260000,28202.06,28140,9000,28145,16676,28135,6372,28130,28288
2020-06-03 09:27:54.060000,28202.06,28140,14000,28145,21676,28135,6375,28130,23288
2020-06-03 09:27:54.760000,28202.06,28140,14000,28145,21676,28135,6395,28130,23288
2020-06-03 09:27:55.500000,28202.06,28135,2683,28140,32262,28130,5782,28125,30188
2020-06-03 09:27:56.260000,28202.06,28140,32262,28145,16622,28135,15,28130,5782
2020-06-03 09:27:57.060000,28202.06,28135,4868,28140,32262,28130,5782,28125,30188
2020-06-03 09:27:57.860000,28202.06,28135,13127,28140,32262,28130,782,28125,27330
2020-06-03 09:27:58.560000,28202.06,28135,13123,28140,32262,28130,782,28125,27330
2020-06-03 09:27:59.360000,28191.5,28135,13123,28140,32262,28130,3855,28125,27330
2020-06-03 09:28:00.260000,28191.5,28135,8489,28140,32262,28130,3855,28125,27330
2020-06-03 09:28:01.060000,28191.5,28135,13123,28140,32262,28130,3835,28125,27330
2020-06-03 09:28:02.060000,28191.5,28135,230,28140,22210,28130,18201,28125,25964
2020-06-03 09:28:02.960000,28191.5,28135,517,28140,22210,28130,18205,28125,25964
2020-06-03 09:28:03.760000,28191.5,28140,20010,28145,21676,28135,4075,28130,18305
2020-06-03 09:28:04.670000,28191.5,28140,9002,28145,11622,28135,18476,28130,16939
2020-06-03 09:28:05.350000,28191.5,28140,9002,28145,21676,28135,4110,28130,18305
2020-06-03 09:28:06.260000,28191.5,28145,11622,28150,30507,28140,4976,28135,21309
2020-06-03 09:28:07.170000,28191.5,28145,5565,28150,30507,28140,4976,28135,18478
2020-06-03 09:28:07.960000,28191.5,28145,1140,28150,30507,28140,4976,28135,18478
2020-06-03 09:28:08.660000,28191.5,28145,1140,28150,30507,28140,4976,28135,18478
2020-06-03 09:28:09.460000,28195.09,28145,1740,28150,20453,28140,4746,28135,23478
2020-06-03 09:28:10.260000,28195.09,28145,1740,28150,25453,28140,16088,28135,7112
2020-06-03 09:28:11.060000,28195.09,28145,8276,28150,30507,28140,4670,28135,18478
2020-06-03 09:28:12.050000,28195.09,28145,1740,28150,25507,28140,4095,28135,23478
2020-06-03 09:28:12.960000,28195.09,28145,8276,28150,25508,28140,4095,28135,23478
2020-06-03 09:28:13.760000,28195.09,28145,1737,28150,20454,28140,18872,28135,17112
2020-06-03 09:28:14.550000,28195.09,28145,1737,28150,20454,28140,18868,28135,17112
2020-06-03 09:28:15.460000,28195.09,28150,17416,28155,26302,28140,21960,28135,37843
2020-06-03 09:28:16.160000,28195.09,28150,17416,28155,26302,28140,21963,28135,37843
2020-06-03 09:28:17.070000,28195.09,28150,17416,28155,26302,28140,21963,28135,37843
2020-06-03 09:28:17.760000,28195.09,28150,17416,28155,26302,28145,3,28140,21963
2020-06-03 09:28:18.570000,28195.09,28145,297,28150,17416,28140,21963,28135,37843
2020-06-03 09:28:19.360000,28195.09,28150,17416,28155,26302,28140,22063,28135,37843
2020-06-03 09:28:20.160000,28192.81,28145,226,28150,14416,28140,22064,28135,37843
2020-06-03 09:28:20.960000,28192.81,28145,3,28150,14426,28140,22064,28135,37843
2020-06-03 09:28:21.860000,28192.81,28150,9926,28155,16248,28145,18860,28140,41015
2020-06-03 09:28:22.750000,28192.81,28150,9926,28155,16248,28145,18860,28140,41018
2020-06-03 09:28:23.860000,28192.81,28150,9918,28155,21249,28145,15860,28140,36018
2020-06-03 09:28:24.750000,28192.81,28155,8766,28160,14131,28150,17024,28145,13030
2020-06-03 09:28:25.660000,28192.81,28155,14790,28160,24185,28145,18899,28140,21198
2020-06-03 09:28:26.570000,28192.81,28155,8755,28160,24185,28145,18899,28140,21198
2020-06-03 09:28:27.360000,28192.81,28155,17125,28160,24185,28145,15899,28140,41018
2020-06-03 09:28:28.160000,28192.81,28155,14896,28160,24185,28145,18899,28140,41018
2020-06-03 09:28:28.860000,28192.81,28155,14898,28160,24185,28145,18899,28140,41018
2020-06-03 09:28:29.580000,28181.05,28155,11828,28160,24185,28150,136,28145,18899
2020-06-03 09:28:30.360000,28181.05,28155,8829,28160,24185,28150,134,28145,38719
2020-06-03 09:28:31.270000,28181.05,28155,14863,28160,25185,28145,38719,28140,21198
2020-06-03 09:28:32.060000,28181.05,28150,4500,28155,27317,28145,19820,28140,22067
2020-06-03 09:28:32.950000,28181.05,28150,4497,28155,27337,28140,22067,28135,39929
2020-06-03 09:28:33.670000,28181.05,28150,6897,28155,27337,28145,1,28140,22067
2020-06-03 09:28:34.450000,28181.05,28145,4435,28150,22955,28140,117,28135,40798
2020-06-03 09:28:35.270000,28181.05,28145,6235,28150,22955,28140,120,28135,40798
2020-06-03 09:28:36.060000,28181.05,28145,4435,28150,22955,28140,121,28135,20978
2020-06-03 09:28:36.970000,28181.05,28145,10450,28150,22955,28140,121,28135,20978
2020-06-03 09:28:37.770000,28181.05,28145,10450,28150,22956,28140,121,28135,20978
2020-06-03 09:28:38.560000,28181.05,28145,12650,28150,22956,28140,121,28135,20978
2020-06-03 09:28:39.160000,28181.05,28145,10450,28150,22956,28140,324,28135,20978
2020-06-03 09:28:39.860000,28181.38,28145,10450,28150,22956,28140,324,28135,20978
2020-06-03 09:28:40.470000,28181.38,28145,10450,28150,23044,28140,324,28135,20978
2020-06-03 09:28:41.360000,28181.38,28150,7982,28155,17383,28145,13445,28140,14175
2020-06-03 09:28:42.150000,28181.38,28150,10783,28155,27526,28145,2510,28140,19175
2020-06-03 09:28:43.060000,28181.38,28150,10833,28155,27526,28145,2510,28140,19210
2020-06-03 09:28:43.860000,28181.38,28150,13855,28155,27526,28145,2510,28140,16213
2020-06-03 09:28:44.670000,28181.38,28150,11655,28155,27526,28145,2280,28140,19213
2020-06-03 09:28:45.360000,28181.38,28150,11655,28155,27526,28145,2280,28140,19284
2020-06-03 09:28:46.170000,28181.38,28150,1340,28155,17472,28145,20952,28140,18415
2020-06-03 09:28:46.970000,28181.38,28150,1340,28155,14438,28145,18329,28140,38235
2020-06-03 09:28:47.760000,28181.38,28155,4404,28160,14131,28150,14694,28145,17406
2020-06-03 09:28:48.670000,28181.38,28155,9038,28160,24185,28145,18298,28140,38245
2020-06-03 09:28:49.460000,28181.38,28155,4333,28160,14131,28150,14549,28145,37249
2020-06-03 09:28:50.350000,28198.63,28155,4333,28160,9508,28150,20599,28145,38060
2020-06-03 09:28:51.260000,28198.63,28160,6508,28165,24941,28155,2500,28150,24784
2020-06-03 09:28:52.170000,28198.63,28160,9508,28165,24941,28155,2500,28150,24784
2020-06-03 09:28:53.060000,28198.63,28160,9518,28165,24941,28155,2128,28150,24784
2020-06-03 09:28:53.850000,28198.63,28160,9518,28165,24941,28155,1757,28150,24787
2020-06-03 09:28:55.260000,28198.63,28160,9918,28165,24941,28155,1530,28150,24787
2020-06-03 09:28:56.060000,28198.63,28160,17918,28165,24941,28155,1530,28150,24787
2020-06-03 09:28:56.960000,28198.63,28160,17918,28165,24941,28155,1530,28150,24787
2020-06-03 09:28:57.760000,28198.63,28160,18089,28165,24941,28155,1530,28150,24787
2020-06-03 09:28:58.560000,28198.63,28160,18102,28165,24941,28155,1525,28150,24787
2020-06-03 09:28:59.460000,28208.17,28160,18062,28165,24941,28155,1625,28150,24787
2020-06-03 09:29:00.260000,28208.17,28160,15062,28165,19887,28155,20753,28150,14738
2020-06-03 09:29:01.160000,28208.17,28160,10062,28165,14887,28155,23753,28150,39558
2020-06-03 09:29:02.070000,28208.17,28160,7321,28165,14887,28155,23699,28150,39771
2020-06-03 09:29:02.960000,28208.17,28160,7321,28165,14887,28155,26572,28150,39771
2020-06-03 09:29:03.870000,28208.17,28160,7323,28165,10256,28155,26575,28150,39771
2020-06-03 09:29:04.660000,28208.17,28160,7418,28165,10256,28155,26575,28150,39771
2020-06-03 09:29:05.460000,28208.17,28160,20634,28165,23317,28155,1586,28150,25005
2020-06-03 09:29:06.370000,28208.17,28150,97,28155,17787,28145,44661,28140,21289
2020-06-03 09:29:07.160000,28208.17,28160,21666,28165,23317,28150,18336,28145,39607
2020-06-03 09:29:07.980000,28208.17,28160,13656,28165,23317,28150,18336,28145,39607
2020-06-03 09:29:08.860000,28208.17,28160,13653,28165,23317,28155,5,28150,18336
2020-06-03 09:29:09.660000,28208.17,28160,13653,28165,13263,28155,19129,28150,13282
2020-06-03 09:29:10.470000,28198.84,28160,8683,28165,13263,28155,22129,28150,13282
2020-06-03 09:29:11.260000,28198.84,28160,8681,28165,13263,28155,19152,28150,33102
2020-06-03 09:29:12.150000,28198.84,28160,8681,28165,13263,28155,19144,28150,33102
2020-06-03 09:29:12.960000,28198.84,28160,8691,28165,13263,28155,18574,28150,33480
2020-06-03 09:29:13.870000,28198.84,28160,17391,28165,23318,28155,28,28150,18714
2020-06-03 09:29:14.660000,28198.84,28160,16691,28165,23318,28155,218,28150,18717
2020-06-03 09:29:15.550000,28198.84,28160,16690,28165,23318,28150,18717,28145,39607
2020-06-03 09:29:16.370000,28198.84,28160,16691,28165,23318,28150,18717,28145,39607
2020-06-03 09:29:17.160000,28198.84,28160,16711,28165,23318,28150,18717,28145,39607
2020-06-03 09:29:18.050000,28198.84,28155,8000,28160,32068,28150,481,28145,44664
2020-06-03 09:29:18.870000,28198.84,28155,10300,28160,32068,28145,24844,28140,41111
2020-06-03 09:29:19.660000,28212.19,28155,8000,28160,32068,28145,24844,28140,41111
2020-06-03 09:29:20.460000,28212.19,28155,10300,28160,32068,28145,24844,28140,41111
2020-06-03 09:29:21.370000,28212.19,28155,13359,28160,32068,28145,24844,28140,41111
2020-06-03 09:29:22.160000,28212.19,28155,10984,28160,32068,28150,3,28145,24844
2020-06-03 09:29:23.070000,28212.19,28155,10984,28160,35264,28150,3,28145,24844
2020-06-03 09:29:23.860000,28212.19,28150,52,28155,11197,28145,25010,28140,41111
2020-06-03 09:29:24.660000,28212.19,28150,52,28155,8138,28145,25010,28140,41111
2020-06-03 09:29:25.360000,28212.19,28155,213,28160,30510,28150,20054,28145,14956
2020-06-03 09:29:26.160000,28212.19,28155,213,28160,25510,28150,23054,28145,19956
2020-06-03 09:29:26.860000,28212.19,28155,5438,28160,25410,28150,20054,28145,9956
2020-06-03 09:29:27.660000,28212.19,28155,214,28160,25410,28150,20054,28145,19969
2020-06-03 09:29:28.360000,28212.19,28155,214,28160,25810,28150,20046,28145,39789
2020-06-03 09:29:29.160000,28212.19,28155,244,28160,30810,28150,23042,28145,34789
2020-06-03 09:29:29.860000,28212.02,28155,7369,28160,35864,28150,3,28145,41603
2020-06-03 09:29:30.770000,28212.02,28155,5121,28160,35864,28150,37,28145,21783
2020-06-03 09:29:31.770000,28212.02,28155,5121,28160,30810,28150,20196,28145,11729
2020-06-03 09:29:32.660000,28212.02,28155,5068,28160,30810,28150,20191,28145,11563
2020-06-03 09:29:33.360000,28212.02,28155,5068,28160,35864,28150,152,28145,41437
2020-06-03 09:29:34.160000,28212.02,28155,13291,28160,35864,28145,40447,28140,21291
2020-06-03 09:29:35.080000,28212.02,28150,5000,28155,18291,28145,39971,28140,11291
2020-06-03 09:29:35.950000,28212.02,28155,18291,28160,35867,28145,23151,28140,36111
2020-06-03 09:29:36.770000,28212.02,28155,5068,28160,35867,28145,23151,28140,41111
2020-06-03 09:29:37.450000,28212.02,28155,10268,28160,35867,28150,46,28145,23154
2020-06-03 09:29:38.270000,28212.02,28155,10261,28160,35867,28150,46,28145,23154
2020-06-03 09:29:38.950000,28212.02,28155,10261,28160,35867,28150,46,28145,23154
2020-06-03 09:29:39.660000,28208.54,28155,8061,28160,35867,28150,46,28145,23154
2020-06-03 09:29:40.450000,28208.54,28150,954,28155,8061,28145,23154,28140,41111
2020-06-03 09:29:41.260000,28208.54,28155,5061,28160,35867,28150,142,28145,23154
2020-06-03 09:29:42.060000,28208.54,28155,136,28160,25813,28150,22779,28145,18100
2020-06-03 09:29:42.960000,28208.54,28155,10342,28160,35696,28150,3,28145,23154
2020-06-03 09:29:43.870000,28208.54,28155,8342,28160,35696,28150,4728,28145,23154
2020-06-03 09:29:44.670000,28208.54,28155,317,28160,25642,28150,19207,28145,37920
2020-06-03 09:29:46.960000,28208.54,28155,317,28160,25642,28150,19207,28145,38020
2020-06-03 09:29:47.770000,28208.54,28155,347,28160,25642,28150,22207,28145,38020
2020-06-03 09:29:48.460000,28208.54,28155,347,28160,25642,28150,22210,28145,38120
2020-06-03 09:29:49.160000,28208.54,28155,347,28160,25642,28150,24077,28145,38120
2020-06-03 09:29:49.960000,28211.48,28155,347,28160,30642,28150,22210,28145,15167
2020-06-03 09:29:50.770000,28211.48,28155,317,28160,30642,28150,22210,28145,15167
2020-06-03 09:29:51.460000,28211.48,28155,317,28160,30642,28150,22240,28145,15167
2020-06-03 09:29:52.270000,28211.48,28155,5242,28160,30642,28150,22240,28145,34987
2020-06-03 09:29:53.160000,28211.48,28155,5242,28160,30642,28150,22260,28145,34987
2020-06-03 09:29:53.840000,28211.48,28155,5242,28160,30642,28150,22360,28145,34987
2020-06-03 09:29:54.660000,28211.48,28155,317,28160,28342,28150,22363,28145,34987
2020-06-03 09:29:55.560000,28211.48,28155,5242,28160,28342,28150,19363,28145,15197
2020-06-03 09:29:56.470000,28211.48,28155,5242,28160,28342,28150,19463,28145,15197
2020-06-03 09:29:57.270000,28211.48,28155,317,28160,23339,28150,22463,28145,20197
2020-06-03 09:29:57.950000,28211.48,28155,317,28160,23339,28150,22462,28145,40017
2020-06-03 09:29:59.270000,28211.48,28155,175,28160,28339,28150,22408,28145,35017
2020-06-03 09:29:59.970000,28227.37,28160,17336,28165,13771,28155,22803,28150,18020
2020-06-03 09:30:00.860000,28227.37,28160,17336,28165,18771,28155,9803,28150,42840
2020-06-03 09:30:01.860000,28227.37,28165,7764,28170,24560,28160,2500,28155,26055
2020-06-03 09:30:02.970000,28227.37,28160,5000,28165,10764,28155,23048,28150,41343
2020-06-03 09:30:03.860000,28227.37,28160,5000,28165,23844,28155,10,28150,26577
2020-06-03 09:30:04.860000,28227.37,28160,5200,28165,13790,28155,23048,28150,21523
2020-06-03 09:30:05.860000,28227.37,28160,200,28165,13790,28155,23284,28150,41346
2020-06-03 09:30:06.650000,28227.37,28160,388,28165,7764,28155,23284,28150,41346
2020-06-03 09:30:07.260000,28227.37,28165,7764,28170,19506,28160,19655,28155,13230
2020-06-03 09:30:08.150000,28227.37,28165,7764,28170,14506,28160,19827,28155,18233
2020-06-03 09:30:09.060000,28227.37,28165,7764,28170,19560,28160,202,28155,28287
2020-06-03 09:30:10.060000,28240.12,28165,7764,28170,24560,28160,105,28155,48107
2020-06-03 09:30:10.960000,28240.12,28165,7764,28170,19506,28160,19695,28155,33053
2020-06-03 09:30:11.760000,28240.12,28165,7764,28170,19506,28160,19665,28155,33053
2020-06-03 09:30:12.560000,28240.12,28165,3334,28170,14506,28160,22665,28155,38053
2020-06-03 09:30:13.350000,28240.12,28165,3334,28170,14506,28160,22665,28155,38053
2020-06-03 09:30:14.170000,28240.12,28165,3334,28170,14506,28160,25566,28155,38101
2020-06-03 09:30:14.960000,28240.12,28165,3339,28170,9887,28160,24996,28155,38101
2020-06-03 09:30:15.760000,28240.12,28165,2563,28170,9887,28160,24996,28155,37635
2020-06-03 09:30:16.460000,28240.12,28165,6993,28170,12893,28160,24859,28155,37635
2020-06-03 09:30:17.260000,28240.12,28165,2553,28170,12893,28160,24869,28155,37645
2020-06-03 09:30:18.170000,28240.12,28165,6983,28170,12893,28160,24869,28155,37645
2020-06-03 09:30:18.960000,28240.12,28165,2553,28170,12893,28160,24869,28155,37645
2020-06-03 09:30:19.760000,28247.58,28165,2564,28170,12893,28160,24869,28155,37645
2020-06-03 09:30:20.660000,28247.58,28165,2373,28170,12893,28160,24899,28155,37645
2020-06-03 09:30:21.550000,28247.58,28165,2373,28170,12893,28160,24900,28155,37645
2020-06-03 09:30:22.460000,28247.58,28165,2080,28170,9887,28160,24900,28155,37645
2020-06-03 09:30:23.260000,28247.58,28165,2080,28170,9887,28160,24800,28155,37645
2020-06-03 09:30:24.160000,28247.58,28165,1949,28170,9897,28160,24800,28155,37708
2020-06-03 09:30:25.050000,28247.58,28170,6897,28175,36897,28160,28042,28155,37708
2020-06-03 09:30:25.870000,28247.58,28165,100,28170,6897,28160,27623,28155,37708
2020-06-03 09:30:26.660000,28247.58,28170,6897,28175,36897,28165,5310,28160,27623
2020-06-03 09:30:27.550000,28247.58,28170,1897,28175,30843,28165,18018,28160,40308
2020-06-03 09:30:28.370000,28247.58,28170,1897,28175,30843,28165,23623,28160,40408
2020-06-03 09:30:29.070000,28247.58,28175,26207,28180,23911,28165,23623,28160,40408
2020-06-03 09:30:29.960000,28232.26,28175,23207,28180,18911,28170,5000,28165,28523
2020-06-03 09:30:30.860000,28232.26,28175,18282,28180,13857,28170,22108,28165,41243
2020-06-03 09:30:31.660000,28232.26,28180,6227,28185,12436,28175,16371,28170,19908
2020-06-03 09:30:32.660000,28232.26,28180,1192,28185,12436,28175,15373,28170,19908
2020-06-03 09:30:33.460000,28232.26,28180,1192,28185,7818,28175,20665,28170,40474
2020-06-03 09:30:34.250000,28232.26,28180,1192,28185,7818,28175,20665,28170,40474
2020-06-03 09:30:35.160000,28232.26,28185,4818,28190,21825,28180,10554,28175,15058
2020-06-03 09:30:35.960000,28232.26,28185,4818,28190,16825,28180,15639,28175,20038
2020-06-03 09:30:36.860000,28232.26,28185,4421,28190,16825,28180,15816,28175,20238
2020-06-03 09:30:37.660000,28232.26,28190,12221,28195,24779,28185,2498,28180,18646
2020-06-03 09:30:38.460000,28232.26,28190,12206,28195,24779,28185,1174,28180,18646
2020-06-03 09:30:39.560000,28232.26,28190,4204,28195,14725,28185,15614,28180,18646
2020-06-03 09:30:40.560000,28245.0,28190,4169,28195,10115,28185,21345,28180,18816
2020-06-03 09:30:41.450000,28245.0,28190,4069,28195,10115,28185,21065,28180,18816
2020-06-03 09:30:42.360000,28245.0,28190,4069,28195,10115,28185,26219,28180,38636
2020-06-03 09:30:43.160000,28245.0,28195,7115,28200,16951,28190,15992,28185,21165
2020-06-03 09:30:44.160000,28245.0,28195,7115,28200,13312,28190,19135,28185,25175
2020-06-03 09:30:44.860000,28245.0,28195,2155,28200,13312,28190,19135,28185,25297
2020-06-03 09:30:45.640000,28245.0,28195,12080,28200,26369,28190,445,28185,45532
2020-06-03 09:30:46.450000,28245.0,28195,7080,28200,21315,28190,10860,28185,40117
2020-06-03 09:30:47.270000,28245.0,28195,7074,28200,16315,28190,15960,28185,45117
2020-06-03 09:30:47.950000,28245.0,28195,2149,28200,16315,28190,15963,28185,45117
2020-06-03 09:30:48.660000,28245.0,28195,2007,28200,16315,28190,15963,28185,45117
2020-06-03 09:30:49.470000,28253.56,28195,1967,28200,16315,28190,15963,28185,45117
2020-06-03 09:30:50.260000,28253.56,28200,9462,28205,12336,28195,13260,28190,18550
2020-06-03 09:30:51.150000,28253.56,28200,9462,28205,12336,28195,13030,28190,18550
2020-06-03 09:30:51.970000,28253.56,28200,4961,28205,12336,28195,20670,28190,18550
2020-06-03 09:30:52.860000,28253.56,28200,4826,28205,12336,28195,21015,28190,38060
2020-06-03 09:30:53.650000,28253.56,28205,12336,28210,23970,28200,3,28195,21015
2020-06-03 09:30:54.360000,28253.56,28200,17,28205,12336,28195,21015,28190,38060
2020-06-03 09:30:55.260000,28253.56,28200,1298,28205,13336,28195,21015,28190,38060
2020-06-03 09:30:56.060000,28253.56,28200,1263,28205,13336,28195,21015,28190,38060
2020-06-03 09:30:56.760000,28253.56,28205,13336,28210,23970,28200,2661,28195,21028
2020-06-03 09:30:57.560000,28253.56,28205,13387,28210,23970,28200,1320,28195,21028
2020-06-03 09:30:58.360000,28253.56,28205,13387,28210,23970,28195,20718,28190,38162
2020-06-03 09:30:59.150000,28253.56,28205,10387,28210,13916,28200,20057,28195,15664
2020-06-03 09:31:00.170000,28266.04,28205,466,28210,13916,28200,22401,28195,20585
2020-06-03 09:31:01.060000,28266.04,28210,1280,28215,12739,28205,19258,28200,19605
2020-06-03 09:31:02.060000,28266.04,28210,1280,28215,12740,28205,19258,28200,39451
2020-06-03 09:31:02.850000,28266.04,28210,1280,28215,12740,28205,19257,28200,39468
2020-06-03 09:31:03.670000,28266.04,28210,1280,28215,13740,28205,17854,28200,39590
2020-06-03 09:31:04.460000,28266.04,28210,1280,28215,13740,28205,17854,28200,39590
2020-06-03 09:31:05.170000,28266.04,28215,13740,28220,23112,28205,17864,28200,39590
2020-06-03 09:31:05.850000,28266.04,28215,13740,28220,23112,28205,17811,28200,39590
2020-06-03 09:31:06.560000,28266.04,28215,10737,28220,13058,28210,20054,28205,38580
2020-06-03 09:31:07.350000,28266.04,28215,11140,28220,23112,28205,40631,28200,19862
2020-06-03 09:31:08.060000,28266.04,28215,8140,28220,13058,28210,20023,28205,35577
2020-06-03 09:31:08.870000,28266.04,28215,207,28220,14058,28210,23022,28205,36077
2020-06-03 09:31:09.570000,28271.27,28220,13128,28225,13462,28215,5000,28210,42672
2020-06-03 09:31:10.460000,28271.27,28215,1298,28220,13128,28210,42675,28205,13825
2020-06-03 09:31:11.370000,28271.27,28215,5822,28220,13128,28210,42642,28205,13825
2020-06-03 09:31:12.260000,28271.27,28215,5,28220,13128,28210,22822,28205,33645
2020-06-03 09:31:13.050000,28271.27,28215,376,28220,13128,28210,22817,28205,33645
2020-06-03 09:31:13.870000,28271.27,28215,375,28220,13228,28210,22517,28205,33645
2020-06-03 09:31:14.660000,28271.27,28215,375,28220,13228,28210,22287,28205,33645
2020-06-03 09:31:15.370000,28271.27,28220,13228,28225,23517,28215,2113,28210,22282
2020-06-03 09:31:16.050000,28271.27,28220,5315,28225,13463,28215,19240,28210,12588
2020-06-03 09:31:16.760000,28271.27,28220,8237,28225,18517,28215,100,28210,27435
2020-06-03 09:31:17.660000,28271.27,28220,9235,28225,18463,28215,19362,28210,7588
2020-06-03 09:31:18.360000,28271.27,28220,16235,28225,23517,28215,650,28210,22435
2020-06-03 09:31:19.160000,28271.27,28220,16235,28225,23517,28215,649,28210,22435
2020-06-03 09:31:19.960000,28275.8,28220,16235,28225,23517,28215,649,28210,22435
2020-06-03 09:31:20.660000,28275.8,28220,16235,28225,23517,28215,674,28210,22435
2020-06-03 09:31:21.460000,28275.8,28220,13235,28225,18463,28215,19331,28210,7588
2020-06-03 09:31:22.360000,28275.8,28220,13235,28225,13463,28215,21606,28210,12438
2020-06-03 09:31:23.250000,28275.8,28220,13233,28225,13465,28215,21606,28210,12438
2020-06-03 09:31:23.960000,28275.8,28220,8207,28225,13465,28215,21606,28210,12438
2020-06-03 09:31:24.750000,28275.8,28220,13207,28225,13465,28215,21606,28210,32258
2020-06-03 09:31:25.460000,28275.8,28220,16238,28225,23519,28215,1338,28210,42105
2020-06-03 09:31:26.250000,28275.8,28220,13211,28225,18529,28215,1108,28210,47105
2020-06-03 09:31:27.070000,28275.8,28220,13363,28225,23549,28215,1103,28210,22285
2020-06-03 09:31:27.750000,28275.8,28220,13362,28225,23549,28215,1112,28210,22285
2020-06-03 09:31:28.560000,28275.8,28220,16364,28225,23549,28215,1112,28210,22285
2020-06-03 09:31:29.160000,28275.8,28220,16363,28225,23549,28215,1112,28210,22285
2020-06-03 09:31:29.860000,28263.86,28220,16373,28225,23549,28215,1112,28210,22285
2020-06-03 09:31:30.560000,28263.86,28220,16322,28225,23549,28215,1412,28210,22285
2020-06-03 09:31:31.270000,28263.86,28220,13322,28225,13495,28215,20172,28210,12438
2020-06-03 09:31:32.160000,28263.86,28220,9300,28225,13495,28215,20182,28210,12438
2020-06-03 09:31:32.950000,28263.86,28220,15258,28225,23549,28215,1420,28210,22285
2020-06-03 09:31:33.950000,28263.86,28220,17259,28225,18549,28215,1420,28210,27285
2020-06-03 09:31:34.860000,28263.86,28220,14259,28225,13497,28215,20182,28210,12438
2020-06-03 09:31:35.660000,28263.86,28220,14325,28225,13492,28215,20182,28210,12438
2020-06-03 09:31:36.360000,28263.86,28220,5325,28225,13492,28215,20182,28210,12438
2020-06-03 09:31:37.060000,28263.86,28220,5327,28225,13492,28215,19900,28210,32258
2020-06-03 09:31:37.860000,28263.86,28220,5327,28225,14492,28215,22900,28210,32258
2020-06-03 09:31:38.660000,28263.86,28220,10327,28225,14492,28215,22900,28210,32258
2020-06-03 09:31:39.560000,28263.86,28220,10227,28225,14492,28215,22930,28210,32258
2020-06-03 09:31:40.260000,28262.97,28220,10103,28225,14492,28215,22930,28210,32258
2020-06-03 09:31:41.060000,28262.97,28220,9839,28225,14492,28215,22930,28210,32268
2020-06-03 09:31:41.860000,28262.97,28220,10015,28225,13492,28215,20480,28210,12448
2020-06-03 09:31:42.650000,28262.97,28220,4696,28225,13492,28215,23465,28210,12478
2020-06-03 09:31:43.360000,28262.97,28220,4696,28225,14492,28215,23465,28210,12478
2020-06-03 09:31:43.970000,28262.97,28225,14492,28230,23976,28220,309,28215,23465
2020-06-03 09:31:44.650000,28262.97,28225,14492,28230,23976,28215,23465,28210,32298
2020-06-03 09:31:45.360000,28262.97,28225,11486,28230,18922,28220,5,28215,28465
2020-06-03 09:31:46.150000,28262.97,28225,11486,28230,13922,28220,19194,28215,16428
2020-06-03 09:31:47.060000,28262.97,28225,1499,28230,13922,28220,18564,28215,36253
2020-06-03 09:31:47.860000,28262.97,28225,1494,28230,14922,28220,18564,28215,36253
2020-06-03 09:31:48.760000,28262.97,28225,5855,28230,14922,28220,17028,28215,36253
2020-06-03 09:31:49.460000,28262.97,28230,14922,28235,22599,28220,16798,28215,36253
2020-06-03 09:31:50.260000,28282.03,28230,14922,28235,22599,28225,2000,28220,19745
2020-06-03 09:31:51.260000,28282.03,28230,14922,28235,22599,28225,1970,28220,19856
2020-06-03 09:31:52.070000,28282.03,28230,14922,28235,22599,28225,1936,28220,19856
2020-06-03 09:31:52.860000,28282.03,28225,5000,28230,14922,28220,19856,28215,36253
2020-06-03 09:31:53.660000,28282.03,28225,110,28230,14922,28220,24858,28215,36253
2020-06-03 09:31:54.360000,28282.03,28230,11922,28235,17599,28225,78,28220,24869
2020-06-03 09:31:55.070000,28282.03,28230,14923,28235,22599,28225,5078,28220,19869
2020-06-03 09:31:55.860000,28282.03,28230,14923,28235,22599,28225,5078,28220,19869
2020-06-03 09:31:56.660000,28282.03,28230,14908,28235,17599,28225,4878,28220,24869
2020-06-03 09:31:57.460000,28282.03,28230,14908,28235,22599,28225,4883,28220,20369
2020-06-03 09:31:58.250000,28282.03,28230,14908,28235,17599,28225,4883,28220,25369
2020-06-03 09:31:58.940000,28282.03,28230,10754,28235,17599,28225,3829,28220,45189
2020-06-03 09:31:59.860000,28278.91,28230,5133,28235,12555,28225,21232,28220,32786
2020-06-03 09:32:00.660000,28278.91,28230,133,28235,12555,28225,21237,28220,32786
2020-06-03 09:32:01.560000,28278.91,28230,11155,28235,18639,28225,6623,28220,45187
2020-06-03 09:32:02.490000,28278.91,28230,11145,28235,23639,28225,6723,28220,20367
2020-06-03 09:32:03.260000,28278.91,28230,11145,28235,17639,28225,6724,28220,25367
2020-06-03 09:32:04.060000,28278.91,28230,11171,28235,22639,28225,6624,28220,20367
2020-06-03 09:32:04.850000,28278.91,28230,11845,28235,17639,28225,6679,28220,25367
2020-06-03 09:32:05.590000,28278.91,28230,8845,28235,17585,28225,24092,28220,27784
2020-06-03 09:32:06.260000,28278.91,28230,11,28235,12585,28225,26721,28220,32784
2020-06-03 09:32:07.060000,28278.91,28230,515,28235,12585,28225,26751,28220,32784
2020-06-03 09:32:07.760000,28278.91,28230,18,28235,13585,28225,26751,28220,32784
2020-06-03 09:32:08.560000,28278.91,28235,13585,28240,25419,28230,82,28225,26697
2020-06-03 09:32:09.350000,28280.5,28235,13585,28240,25419,28230,82,28225,31697
2020-06-03 09:32:10.160000,28280.5,28235,13585,28240,20419,28230,86,28225,36697
2020-06-03 09:32:10.960000,28280.5,28235,10595,28240,15365,28230,16814,28225,26634
2020-06-03 09:32:11.860000,28280.5,28235,10595,28240,20365,28230,16814,28225,21634
2020-06-03 09:32:12.750000,28280.5,28235,5769,28240,15365,28230,16479,28225,26634
2020-06-03 09:32:13.560000,28280.5,28235,140,28240,15365,28230,16669,28225,46454
2020-06-03 09:32:14.250000,28280.5,28235,120,28240,15365,28230,16669,28225,46454
2020-06-03 09:32:14.860000,28280.5,28240,15785,28245,24332,28230,16669,28225,46454
2020-06-03 09:32:15.560000,28280.5,28240,15765,28245,24332,28230,16977,28225,46454
2020-06-03 09:32:16.360000,28280.5,28240,15765,28245,24332,28235,58,28230,16977
2020-06-03 09:32:17.060000,28280.5,28235,199,28240,15765,28230,19977,28225,46454
2020-06-03 09:32:17.860000,28280.5,28235,194,28240,15765,28230,19977,28225,46454
2020-06-03 09:32:18.660000,28280.5,28235,194,28240,15765,28230,19402,28225,46454
2020-06-03 09:32:19.560000,28280.5,28235,194,28240,13183,28230,17913,28225,26634
2020-06-03 09:32:20.360000,28297.98,28240,13183,28245,25332,28230,20913,28225,26634
2020-06-03 09:32:21.160000,28297.98,28235,2,28240,13212,28230,21213,28225,26634
2020-06-03 09:32:21.950000,28297.98,28240,13212,28245,25332,28230,21213,28225,46454
2020-06-03 09:32:22.670000,28297.98,28235,18,28240,13212,28230,21213,28225,46454
2020-06-03 09:32:23.360000,28297.98,28235,300,28240,13212,28230,21259,28225,46454
2020-06-03 09:32:24.160000,28297.98,28240,13212,28245,25332,28235,3470,28230,21259
2020-06-03 09:32:24.860000,28297.98,28240,13212,28245,25332,28235,3468,28230,21259
2020-06-03 09:32:25.650000,28297.98,28240,10053,28245,15278,28235,19885,28230,16295
2020-06-03 09:32:26.450000,28297.98,28240,439,28245,15278,28235,22895,28230,16295
2020-06-03 09:32:27.260000,28297.98,28240,439,28245,15278,28235,23615,28230,16595
2020-06-03 09:32:27.970000,28297.98,28240,470,28245,15278,28235,23615,28230,16595
2020-06-03 09:32:28.760000,28297.98,28240,5970,28245,15278,28235,23635,28230,36415
2020-06-03 09:32:29.420000,28295.28,28240,6511,28245,15278,28235,23635,28230,36415
2020-06-03 09:32:30.060000,28295.28,28240,6411,28245,15278,28235,23615,28230,36415
2020-06-03 09:32:30.760000,28295.28,28240,6411,28245,15278,28235,19000,28230,36415
2020-06-03 09:32:31.560000,28295.28,28240,6406,28245,15278,28235,22915,28230,36415
2020-06-03 09:32:32.150000,28295.28,28240,6906,28245,15278,28235,22815,28230,36415
2020-06-03 09:32:32.860000,28295.28,28240,1906,28245,15278,28235,22782,28230,36415
2020-06-03 09:32:33.460000,28295.28,28240,9934,28245,25732,28235,3464,28230,21659
2020-06-03 09:32:34.260000,28295.28,28240,6909,28245,15678,28235,19787,28230,14256
2020-06-03 09:32:34.960000,28295.28,28240,6909,28245,15678,28235,19807,28230,14253
2020-06-03 09:32:35.680000,28295.28,28240,6909,28245,15678,28235,19577,28230,34073
2020-06-03 09:32:36.350000,28295.28,28240,6930,28245,15678,28235,19588,28230,34073
2020-06-03 09:32:37.960000,28295.28,28240,6830,28245,15678,28235,22588,28230,34073
2020-06-03 09:32:38.670000,28295.28,28240,1730,28245,15678,28235,22598,28230,34073
2020-06-03 09:32:39.350000,28314.15,28245,12678,28250,14236,28240,16745,28235,17775
2020-06-03 09:32:40.060000,28314.15,28245,12678,28250,14236,28240,16921,28235,17775
2020-06-03 09:32:41.170000,28314.15,28245,12329,28250,19237,28240,20952,28235,12775
2020-06-03 09:32:42.060000,28314.15,28245,2349,28250,14237,28240,23957,28235,37595
2020-06-03 09:32:42.960000,28314.15,28245,2349,28250,14237,28240,23957,28235,37695
2020-06-03 09:32:43.760000,28314.15,28245,2344,28250,14237,28240,23957,28235,37700
2020-06-03 09:32:44.660000,28314.15,28245,100,28250,13937,28240,23928,28235,37700
2020-06-03 09:32:45.550000,28314.15,28250,13937,28255,22648,28240,23940,28235,36975
2020-06-03 09:32:46.460000,28314.15,28245,4995,28250,13937,28240,23940,28235,36975
2020-06-03 09:32:47.260000,28314.15,28245,8001,28250,18927,28240,16379,28235,29595
2020-06-03 09:32:48.160000,28314.15,28250,13927,28255,22648,28240,20157,28235,34595
2020-06-03 09:32:48.960000,28314.15,28245,2,28250,13675,28240,22935,28235,34595
2020-06-03 09:32:49.870000,28314.15,28250,13675,28255,22648,28245,3,28240,23044
2020-06-03 09:32:50.760000,28299.14,28250,9675,28255,17594,28245,16424,28240,31450
2020-06-03 09:32:51.660000,28299.14,28250,10175,28255,12606,28245,16424,28240,36467
2020-06-03 09:32:52.470000,28299.14,28250,750,28255,12606,28245,16434,28240,36567
2020-06-03 09:32:53.160000,28299.14,28255,154,28260,12811,28250,19410,28245,35301
2020-06-03 09:32:53.960000,28299.14,28260,12073,28265,22995,28250,20173,28245,35390
2020-06-03 09:32:54.750000,28299.14,28260,12073,28265,22995,28250,20073,28245,35390
2020-06-03 09:32:55.460000,28299.14,28260,12073,28265,22995,28250,20073,28245,35391
2020-06-03 09:32:56.160000,28299.14,28255,4826,28260,12073,28250,20143,28245,35391
2020-06-03 09:32:56.750000,28299.14,28260,5005,28265,17995,28255,18494,28250,35559
2020-06-03 09:32:57.460000,28299.14,28260,11020,28265,22995,28255,2511,28250,40016
2020-06-03 09:32:58.160000,28299.14,28255,7819,28260,18574,28250,21798,28245,26981
2020-06-03 09:32:58.960000,28299.14,28260,13520,28265,22995,28255,100,28250,20256
2020-06-03 09:32:59.660000,28297.79,28265,12941,28270,23040,28260,12500,28255,13141
2020-06-03 09:33:00.460000,28297.79,28265,10941,28270,17986,28260,13766,28255,6915
2020-06-03 09:33:01.360000,28297.79,28270,12327,28275,22953,28260,21108,28255,33962
2020-06-03 09:33:02.250000,28297.79,28265,1621,28270,12332,28260,21208,28255,33962
2020-06-03 09:33:03.060000,28297.79,28270,10332,28275,17899,28265,1226,28260,19982
2020-06-03 09:33:03.960000,28297.79,28270,10332,28275,12899,28265,16226,28260,14982
2020-06-03 09:33:04.860000,28297.79,28270,7809,28275,12899,28265,936,28260,45902
2020-06-03 09:33:05.660000,28297.79,28270,4275,28275,13899,28265,18936,28260,35802
2020-06-03 09:33:06.560000,28297.79,28275,13899,28280,23078,28270,759,28265,18946
2020-06-03 09:33:07.360000,28297.79,28275,5271,28280,13024,28270,15563,28265,35700
2020-06-03 09:33:08.270000,28297.79,28280,10024,28285,12763,28275,17339,28270,12603
2020-06-03 09:33:09.270000,28297.79,28280,391,28285,10763,28275,17349,28270,12145
2020-06-03 09:33:10.170000,28333.63,28280,391,28285,10763,28275,19111,28270,33065
2020-06-03 09:33:10.970000,28333.63,28285,10768,28290,28139,28280,10874,28275,8237
2020-06-03 09:33:11.860000,28333.63,28285,8195,28290,23139,28280,10716,28275,13227
2020-06-03 09:33:12.660000,28333.63,28290,24139,28295,21634,28280,15050,28275,13227
2020-06-03 09:33:13.360000,28333.63,28285,4995,28290,24139,28280,15020,28275,33047
2020-06-03 09:33:14.150000,28333.63,28290,14276,28295,11580,28285,25505,28280,9490
2020-06-03 09:33:15.060000,28333.63,28290,14281,28295,12580,28285,24714,28280,9490
2020-06-03 09:33:15.860000,28333.63,28295,1970,28300,25360,28290,18040,28285,41894
2020-06-03 09:33:16.650000,28333.63,28295,1970,28300,25360,28290,16167,28285,41994
2020-06-03 09:33:17.470000,28333.63,28290,7266,28295,23560,28285,26445,28280,19522
2020-06-03 09:33:18.360000,28333.63,28295,13506,28300,35414,28285,46499,28280,9478
2020-06-03 09:33:19.260000,28333.63,28290,7774,28295,23560,28285,5675,28280,19532
2020-06-03 09:33:20.150000,28337.26,28290,7784,28295,22562,28285,5675,28280,19532
2020-06-03 09:33:21.060000,28337.26,28290,4865,28295,12508,28285,25265,28280,9488
2020-06-03 09:33:21.970000,28337.26,28290,8094,28295,17562,28285,5206,28280,44362
2020-06-03 09:33:22.760000,28337.26,28290,5094,28295,18508,28285,20260,28280,24308
2020-06-03 09:33:23.460000,28337.26,28290,3120,28295,16508,28285,25260,28280,32308
2020-06-03 09:33:24.060000,28337.26,28295,1662,28300,28367,28290,25753,28285,21193
2020-06-03 09:33:24.850000,28337.26,28300,20753,28305,12689,28295,18966,28290,15790
2020-06-03 09:33:25.650000,28337.26,28300,15783,28305,13689,28295,23054,28290,18101
2020-06-03 09:33:26.670000,28337.26,28300,5010,28305,13689,28295,23043,28290,18101
2020-06-03 09:33:27.560000,28337.26,28300,5010,28305,13689,28295,23042,28290,37921
2020-06-03 09:33:28.350000,28337.26,28300,5000,28305,13689,28295,23032,28290,37921
2020-06-03 09:33:29.170000,28344.49,28305,13689,28310,22846,28295,23045,28290,37921
2020-06-03 09:33:30.060000,28344.49,28305,93,28310,12792,28300,22336,28295,32826
2020-06-03 09:33:30.960000,28344.49,28305,12493,28310,22846,28295,42810,28290,18101
2020-06-03 09:33:31.760000,28344.49,28305,93,28310,12792,28300,19356,28295,32826
2020-06-03 09:33:32.560000,28344.49,28310,12792,28315,24815,28305,4,28300,19666
2020-06-03 09:33:33.350000,28344.49,28310,13792,28315,24815,28305,75,28300,19165
2020-06-03 09:33:34.160000,28344.49,28310,13503,28315,19763,28305,20059,28300,27001
2020-06-03 09:33:34.960000,28344.49,28310,8,28315,14763,28305,20049,28300,40203
2020-06-03 09:33:35.960000,28344.49,28310,510,28315,14763,28305,26623,28300,40203
2020-06-03 09:33:36.870000,28344.49,28310,11549,28315,25817,28305,3633,28300,30467
2020-06-03 09:33:37.870000,28344.49,28310,11559,28315,25817,28305,1212,28300,30468
2020-06-03 09:33:38.790000,28344.49,28305,10,28310,11561,28300,27468,28295,35874
2020-06-03 09:33:39.550000,28351.26,28305,13040,28310,21605,28295,34836,28290,17033
2020-06-03 09:33:40.550000,28351.26,28300,43,28305,13710,28295,19999,28290,34823
2020-06-03 09:33:41.460000,28351.26,28300,10943,28305,23766,28295,28,28290,41842
2020-06-03 09:33:42.360000,28351.26,28295,7101,28300,18197,28290,33858,28285,26180
2020-06-03 09:33:43.270000,28351.26,28300,13845,28305,22786,28290,19022,28285,41016
2020-06-03 09:33:44.050000,28351.26,28295,4900,28300,14845,28290,19122,28285,41016
2020-06-03 09:33:44.860000,28351.26,28295,7100,28300,24899,28290,280,28285,51065
2020-06-03 09:33:45.660000,28351.26,28295,7100,28300,19845,28290,19122,28285,16261
2020-06-03 09:33:46.460000,28351.26,28295,7105,28300,23902,28290,380,28285,31245
2020-06-03 09:33:47.250000,28351.26,28295,10312,28300,23902,28285,28258,28280,35126
2020-06-03 09:33:48.070000,28351.26,28295,11312,28300,23928,28285,28258,28280,35126
2020-06-03 09:33:48.860000,28351.26,28295,11258,28300,23929,28285,28258,28280,35126
2020-06-03 09:33:49.660000,28350.02,28295,11259,28300,23929,28285,28363,28280,35126
2020-06-03 09:33:50.460000,28350.02,28290,5000,28295,10584,28285,28363,28280,35126
2020-06-03 09:33:51.250000,28350.02,28290,10294,28295,19744,28285,381,28280,25290
2020-06-03 09:33:52.160000,28350.02,28280,7946,28285,23968,28275,22330,28270,29575
2020-06-03 09:33:53.060000,28350.02,28280,13948,28285,23968,28275,2510,28270,25117
2020-06-03 09:33:53.950000,28350.02,28280,13950,28285,22968,28270,22117,28265,36120
2020-06-03 09:33:54.860000,28350.02,28275,7750,28280,24004,28270,3275,28265,46104
2020-06-03 09:33:55.660000,28350.02,28280,13950,28285,22970,28270,22117,28265,36120
2020-06-03 09:33:56.470000,28350.02,28275,11363,28280,24004,28270,3275,28265,23003
2020-06-03 09:33:57.360000,28350.02,28275,13663,28280,24004,28270,3275,28265,23003
2020-06-03 09:33:58.060000,28350.02,28275,13664,28280,24004,28270,3280,28265,23013
2020-06-03 09:33:58.850000,28350.02,28275,9694,28280,24204,28270,3280,28265,23013
2020-06-03 09:33:59.670000,28314.11,28275,14694,28280,24204,28265,23013,28260,12488
2020-06-03 09:34:00.760000,28314.11,28270,7284,28275,19750,28265,31,28260,27472
2020-06-03 09:34:01.760000,28314.11,28270,9836,28275,18750,28265,131,28260,24485
2020-06-03 09:34:02.560000,28314.11,28270,10832,28275,18750,28265,131,28260,24545
2020-06-03 09:34:03.350000,28314.11,28270,10732,28275,18750,28265,131,28260,24555
2020-06-03 09:34:04.060000,28314.11,28270,10732,28275,18768,28265,131,28260,24555
2020-06-03 09:34:04.760000,28314.11,28265,2808,28270,10732,28260,24555,28255,36116
2020-06-03 09:34:05.460000,28314.11,28265,8171,28270,22786,28260,6571,28255,26290
2020-06-03 09:34:06.160000,28314.11,28265,10981,28270,22786,28260,2730,28255,22981
2020-06-03 09:34:06.850000,28314.11,28265,10961,28270,22786,28260,2730,28255,22981
2020-06-03 09:34:07.550000,28314.11,28265,14961,28270,22786,28260,2730,28255,22981
2020-06-03 09:34:08.350000,28314.11,28265,19961,28270,22786,28255,22981,28250,31258
2020-06-03 09:34:09.070000,28314.11,28265,14962,28270,22786,28260,124,28255,22981
2020-06-03 09:34:09.960000,28297.45,28265,14954,28270,22786,28255,22981,28250,36258
2020-06-03 09:34:10.860000,28297.45,28265,14954,28270,22788,28255,22981,28250,36258
2020-06-03 09:34:11.770000,28297.45,28260,10288,28265,24026,28250,22184,28245,37394
2020-06-03 09:34:12.660000,28297.45,28255,1,28260,10288,28250,22284,28245,37394
2020-06-03 09:34:13.560000,28297.45,28260,14288,28265,24032,28250,22284,28245,37394
2020-06-03 09:34:14.450000,28297.45,28260,13688,28265,24032,28250,22284,28245,37394
2020-06-03 09:34:15.270000,28297.45,28260,18688,28265,24032,28255,1,28250,22284
2020-06-03 09:34:16.060000,28297.45,28260,13690,28265,24032,28250,22003,28245,37924
2020-06-03 09:34:16.860000,28297.45,28260,13690,28265,24032,28250,22003,28245,37924
2020-06-03 09:34:17.660000,28297.45,28260,13708,28265,24014,28250,22003,28245,18104
2020-06-03 09:34:18.470000,28297.45,28255,30,28260,18708,28250,22003,28245,13104
2020-06-03 09:34:19.150000,28297.45,28255,30,28260,18708,28250,22103,28245,13104
2020-06-03 09:34:19.950000,28279.06,28255,2330,28260,17708,28250,22103,28245,32924
2020-06-03 09:34:20.860000,28279.06,28255,30,28260,18708,28250,22143,28245,32924
2020-06-03 09:34:21.650000,28279.06,28255,30,28260,18708,28250,22644,28245,32924
2020-06-03 09:34:22.360000,28279.06,28260,13708,28265,24015,28250,22644,28245,37934
2020-06-03 09:34:23.260000,28279.06,28260,2320,28265,13961,28255,22940,28250,12660
2020-06-03 09:34:24.260000,28279.06,28260,320,28265,13961,28255,23038,28250,12660
2020-06-03 09:34:25.360000,28279.06,28260,7617,28265,20015,28255,3098,28250,27644
2020-06-03 09:34:26.260000,28279.06,28260,862,28265,14961,28255,25236,28250,32480
2020-06-03 09:34:27.150000,28279.06,28260,7514,28265,19961,28255,23088,28250,27781
2020-06-03 09:34:27.960000,28279.06,28260,2900,28265,18961,28255,23080,28250,27791
2020-06-03 09:34:28.760000,28279.06,28260,10359,28265,24015,28255,377,28250,22955
