time,nav,sell1,sell1_cnt,sell2,sell2_cnt,buy1,buy1_cnt,buy2,buy2_cnt
2020-06-08 09:24:26.470000,0.0,29230,2654,29235,11955,29225,15490,29220,14663
2020-06-08 09:24:27.250000,0.0,29230,2653,29235,11955,29225,15490,29220,14663
2020-06-08 09:24:27.840000,0.0,29230,2653,29235,11955,29225,11442,29220,14663
2020-06-08 09:24:28.650000,0.0,29230,12362,29235,30049,29220,14717,29215,15047
2020-06-08 09:24:29.440000,0.0,29230,10362,29235,30049,29225,2,29220,15717
2020-06-08 09:24:30.140000,0.0,29230,1834,29235,11955,29225,9454,29220,15663
2020-06-08 09:24:30.840000,29267.94,29230,1834,29235,11955,29225,9454,29220,15663
2020-06-08 09:24:31.640000,29267.94,29230,1834,29235,11955,29225,9454,29220,15663
2020-06-08 09:24:32.500000,29267.94,29235,9955,29240,29684,29230,99,29225,14434
2020-06-08 09:24:33.820000,29267.94,29235,4955,29240,14630,29230,10151,29225,9383
2020-06-08 09:24:34.120000,29267.94,29235,25,29240,14630,29230,10251,29225,16383
2020-06-08 09:24:34.570000,29267.94,29240,320,29245,16365,29235,9278,29230,15202
2020-06-08 09:24:35.540000,29267.94,29245,1,29250,14438,29240,9395,29235,19042
2020-06-08 09:24:36.650000,29267.94,29255,1,29260,8250,29250,11882,29245,13888
2020-06-08 09:24:37.740000,29267.94,29255,1,29260,10250,29250,7295,29245,13888
2020-06-08 09:24:38.740000,29267.94,29250,2500,29255,9931,29245,13942,29240,14629
2020-06-08 09:24:39.750000,29267.94,29250,10523,29255,30017,29240,14686,29235,14042
2020-06-08 09:24:40.640000,29267.94,29250,1508,29255,14963,29245,9443,29240,14630
2020-06-08 09:24:41.540000,29301.41,29250,1492,29255,11931,29245,9443,29240,14630
2020-06-08 09:24:42.340000,29301.41,29250,1492,29255,11931,29245,9443,29240,14630
2020-06-08 09:24:43.250000,29301.41,29250,11170,29255,30010,29240,12408,29235,15043
2020-06-08 09:24:44.140000,29301.41,29250,11170,29255,30010,29240,12408,29235,15043
2020-06-08 09:24:44.840000,29301.41,29250,11070,29255,30010,29240,10763,29235,15043
2020-06-08 09:24:45.570000,29301.41,29250,11070,29255,30010,29240,10763,29235,14043
2020-06-08 09:24:46.350000,29301.41,29250,14104,29255,30010,29240,10763,29235,14043
2020-06-08 09:24:47.140000,29301.41,29250,11070,29255,30010,29240,10763,29235,15043
2020-06-08 09:24:47.940000,29301.41,29250,11070,29255,30010,29240,10568,29235,15043
2020-06-08 09:24:48.640000,29301.41,29245,9730,29250,24106,29240,4674,29235,15097
2020-06-08 09:24:49.440000,29301.41,29245,11730,29250,29160,29240,4674,29235,15097
2020-06-08 09:24:50.140000,29301.41,29245,11730,29250,29160,29240,4672,29235,15097
2020-06-08 09:24:50.940000,29278.5,29250,14106,29255,30010,29245,200,29240,9676
2020-06-08 09:24:51.840000,29278.5,29250,11070,29255,30010,29245,200,29240,9676
2020-06-08 09:24:52.650000,29278.5,29250,13084,29255,30010,29245,200,29240,9676
2020-06-08 09:24:53.450000,29278.5,29250,10071,29255,30010,29245,200,29240,13690
2020-06-08 09:24:54.240000,29278.5,29250,10071,29255,30010,29245,200,29240,9676
2020-06-08 09:24:55.040000,29278.5,29250,10071,29255,30010,29245,200,29240,12705
2020-06-08 09:24:55.840000,29278.5,29245,11730,29250,28162,29240,4622,29235,14097
2020-06-08 09:24:56.650000,29278.5,29245,11769,29250,28163,29235,9081,29230,16546
2020-06-08 09:24:57.450000,29278.5,29240,1,29245,14799,29235,9082,29230,15012
2020-06-08 09:24:58.240000,29278.5,29240,9698,29245,29840,29235,4023,29230,15068
2020-06-08 09:24:58.950000,29278.5,29240,20,29245,11747,29235,9077,29230,16012
2020-06-08 09:24:59.740000,29278.5,29240,20,29245,11747,29235,9177,29230,16012
2020-06-08 09:25:00.540000,29280.06,29240,7698,29245,29837,29235,4123,29230,16068
2020-06-08 09:25:01.460000,29280.06,29240,9698,29245,29837,29230,10050,29225,17035
2020-06-08 09:25:02.350000,29280.06,29235,9930,29240,27800,29230,4996,29225,17089
2020-06-08 09:25:03.240000,29280.06,29235,9831,29240,27800,29230,4897,29225,16464
2020-06-08 09:25:03.950000,29280.06,29235,400,29240,12746,29230,9951,29225,16411
2020-06-08 09:25:04.740000,29280.06,29245,11813,29250,30759,29235,9079,29230,14932
2020-06-08 09:25:05.550000,29280.06,29245,5030,29250,15705,29240,9395,29235,14059
2020-06-08 09:25:06.240000,29280.06,29245,100,29250,15705,29240,4341,29235,19113
2020-06-08 09:25:07.150000,29280.06,29245,9813,29250,30759,29240,4337,29235,15113
2020-06-08 09:25:08.050000,29280.06,29240,15987,29245,29867,29235,4025,29230,14988
2020-06-08 09:25:08.850000,29280.06,29240,2500,29245,14813,29235,10054,29230,14932
2020-06-08 09:25:09.640000,29280.06,29240,2500,29245,14813,29235,10175,29230,15932
2020-06-08 09:25:10.340000,29280.06,29245,5030,29250,15705,29240,12554,29235,10177
2020-06-08 09:25:11.240000,29295.89,29245,14809,29250,30759,29235,11175,29230,15932
2020-06-08 09:25:12.240000,29295.89,29245,9803,29250,30758,29240,4837,29235,16259
2020-06-08 09:25:13.140000,29295.89,29245,9803,29250,30758,29240,4840,29235,16188
2020-06-08 09:25:13.840000,29295.89,29240,12635,29245,29884,29235,1126,29230,15988
2020-06-08 09:25:14.630000,29295.89,29240,7168,29245,29884,29235,1235,29230,11961
2020-06-08 09:25:15.340000,29295.89,29240,351,29245,14830,29235,11289,29230,14931
2020-06-08 09:25:16.150000,29295.89,29240,2168,29245,29884,29235,6235,29230,15987
2020-06-08 09:25:17.040000,29295.89,29230,5463,29235,28550,29225,5505,29220,12023
2020-06-08 09:25:18.050000,29295.89,29235,13495,29240,27263,29230,3096,29225,10559
2020-06-08 09:25:18.940000,29295.89,29235,8495,29240,27463,29230,7892,29225,15583
2020-06-08 09:25:19.640000,29295.89,29240,9568,29245,29884,29235,897,29230,14946
2020-06-08 09:25:20.350000,29295.89,29240,7566,29245,29884,29235,4913,29230,15096
2020-06-08 09:25:21.140000,29294.45,29240,119,29245,14830,29235,9917,29230,18062
2020-06-08 09:25:21.940000,29294.45,29240,1817,29245,24830,29235,10054,29230,10045
2020-06-08 09:25:22.750000,29294.45,29245,14830,29250,27676,29235,10054,29230,13065
2020-06-08 09:25:23.440000,29294.45,29245,9900,29250,27676,29235,10008,29230,19063
2020-06-08 09:25:24.040000,29294.45,29240,5000,29245,29884,29235,4954,29230,19124
2020-06-08 09:25:24.840000,29294.45,29240,4900,29245,29884,29235,4964,29230,19124
2020-06-08 09:25:25.540000,29294.45,29240,4900,29245,29884,29235,4889,29230,19124
2020-06-08 09:25:26.340000,29294.45,29245,9900,29250,27716,29235,4889,29230,24122
2020-06-08 09:25:27.150000,29294.45,29245,4873,29250,27716,29235,11943,29230,18068
2020-06-08 09:25:27.940000,29294.45,29240,5899,29245,29895,29235,4889,29230,18124
2020-06-08 09:25:28.740000,29294.45,29240,1000,29245,9921,29235,9943,29230,19068
2020-06-08 09:25:29.540000,29294.45,29240,1000,29245,9921,29235,9922,29230,19068
2020-06-08 09:25:30.240000,29297.75,29245,90,29250,7808,29240,10890,29235,14876
2020-06-08 09:25:31.040000,29297.75,29250,10969,29255,31546,29240,3836,29235,19930
2020-06-08 09:25:32.050000,29297.75,29245,4783,29250,27840,29240,3836,29235,15930
2020-06-08 09:25:32.850000,29297.75,29245,38,29250,10969,29240,8890,29235,15876
2020-06-08 09:25:33.750000,29297.75,29250,7917,29255,31546,29240,10892,29235,15876
2020-06-08 09:25:34.460000,29297.75,29250,7480,29255,31546,29240,10892,29235,15876
2020-06-08 09:25:35.240000,29297.75,29250,7480,29255,31546,29240,10625,29235,15876
2020-06-08 09:25:35.940000,29297.75,29245,66,29250,7480,29240,10625,29235,24876
2020-06-08 09:25:36.660000,29297.75,29250,5525,29255,30002,29245,4389,29240,13673
2020-06-08 09:25:37.340000,29297.75,29250,542,29255,10018,29245,7554,29240,13617
2020-06-08 09:25:38.050000,29297.75,29250,5542,29255,24948,29245,2500,29240,14673
2020-06-08 09:25:38.730000,29297.75,29250,5542,29255,30020,29240,14673,29235,24876
2020-06-08 09:25:40.060000,29297.75,29250,578,29255,5002,29245,12054,29240,13617
2020-06-08 09:25:40.340000,29297.75,29255,5002,29260,32761,29245,12044,29240,13617
2020-06-08 09:25:41.150000,29283.18,29260,11272,29265,31412,29250,11840,29245,15559
2020-06-08 09:25:41.830000,29283.18,29260,11272,29265,31412,29250,11840,29245,15559
2020-06-08 09:25:42.740000,29283.18,29255,10,29260,9272,29250,11800,29245,14559
2020-06-08 09:25:43.550000,29283.18,29260,9278,29265,31422,29250,11800,29245,14559
2020-06-08 09:25:44.350000,29283.18,29260,11278,29265,31422,29250,15747,29245,14559
2020-06-08 09:25:45.150000,29283.18,29260,11278,29265,31422,29250,9746,29245,14559
2020-06-08 09:25:45.840000,29283.18,29260,9278,29265,31422,29250,14751,29245,14559
2020-06-08 09:25:46.570000,29283.18,29260,1,29265,4820,29255,14023,29250,14695
2020-06-08 09:25:47.150000,29283.18,29260,6899,29265,29891,29250,7882,29245,14668
2020-06-08 09:25:47.940000,29283.18,29255,170,29260,6899,29250,5382,29245,14668
2020-06-08 09:25:48.740000,29283.18,29255,170,29260,6899,29250,7382,29245,15668
2020-06-08 09:25:49.550000,29283.18,29260,4899,29265,29883,29250,10402,29245,15668
2020-06-08 09:25:50.340000,29283.18,29255,4997,29260,9909,29250,7937,29245,15668
2020-06-08 09:25:51.140000,29299.45,29260,6899,29265,29883,29250,7554,29245,15668
2020-06-08 09:25:51.840000,29299.45,29260,6899,29265,29883,29250,7554,29245,16168
2020-06-08 09:25:52.540000,29299.45,29265,4812,29270,17453,29255,16924,29250,15253
2020-06-08 09:25:53.340000,29299.45,29265,29,29270,5761,29260,9554,29255,14370
2020-06-08 09:25:54.150000,29299.45,29265,29,29270,5761,29260,18601,29255,14370
2020-06-08 09:25:54.940000,29299.45,29270,761,29275,11664,29265,7543,29260,17415
2020-06-08 09:25:55.740000,29299.45,29270,5741,29275,11664,29260,17468,29255,14370
2020-06-08 09:25:56.640000,29299.45,29270,5741,29275,26718,29260,17479,29255,14372
2020-06-08 09:25:57.440000,29299.45,29265,4783,29270,12583,29260,1431,29255,9372
2020-06-08 09:25:58.250000,29299.45,29270,7741,29275,31648,29260,8085,29255,14372
2020-06-08 09:25:59.050000,29299.45,29270,5741,29275,11664,29265,10024,29260,13040
2020-06-08 09:25:59.850000,29299.45,29265,2500,29270,5741,29260,13096,29255,15372
2020-06-08 09:26:00.550000,29308.11,29270,741,29275,7047,29265,7724,29260,13040
2020-06-08 09:26:01.440000,29308.11,29275,5047,29280,11692,29270,7384,29265,12656
2020-06-08 09:26:02.250000,29308.11,29275,5047,29280,11692,29270,7554,29265,23656
2020-06-08 09:26:03.140000,29308.11,29280,5101,29285,31463,29270,12608,29265,23656
2020-06-08 09:26:04.040000,29308.11,29280,7101,29285,31463,29270,9557,29265,23656
2020-06-08 09:26:04.840000,29308.11,29275,4601,29280,7101,29270,7557,29265,22656
2020-06-08 09:26:05.650000,29308.11,29280,5101,29285,11479,29275,2588,29270,15034
2020-06-08 09:26:06.330000,29308.11,29275,2500,29280,7101,29270,6003,29265,22656
2020-06-08 09:26:07.240000,29308.11,29275,1896,29280,7101,29270,11045,29265,22661
2020-06-08 09:26:08.050000,29308.11,29275,6428,29280,27109,29270,3,29265,17661
2020-06-08 09:26:08.940000,29308.11,29275,7728,29280,27515,29265,12677,29260,13052
2020-06-08 09:26:09.840000,29308.11,29270,5374,29275,16181,29265,19290,29260,9054
2020-06-08 09:26:10.640000,29283.31,29270,5414,29275,11251,29265,19290,29260,12052
2020-06-08 09:26:11.450000,29283.31,29270,7414,29275,31251,29265,9236,29260,14108
2020-06-08 09:26:12.250000,29283.31,29265,4655,29270,7414,29260,8097,29255,16165
2020-06-08 09:26:13.130000,29283.31,29265,4551,29270,7408,29260,10066,29255,17165
2020-06-08 09:26:13.950000,29283.31,29270,5508,29275,16197,29265,504,29260,10045
2020-06-08 09:26:14.650000,29283.31,29270,7508,29275,31251,29260,5516,29255,17165
2020-06-08 09:26:15.530000,29283.31,29270,7508,29275,31251,29260,5516,29255,17165
2020-06-08 09:26:16.350000,29283.31,29260,4887,29265,6548,29255,12669,29250,15763
2020-06-08 09:26:17.140000,29283.31,29265,4568,29270,27375,29260,500,29255,12669
2020-06-08 09:26:17.940000,29283.31,29265,4568,29270,27375,29260,500,29255,12669
2020-06-08 09:26:18.940000,29283.31,29260,4387,29265,6567,29255,7506,29250,16263
2020-06-08 09:26:19.730000,29283.31,29260,4387,29265,6567,29255,5516,29250,16263
2020-06-08 09:26:20.430000,29283.31,29260,4387,29265,14522,29255,516,29250,12265
2020-06-08 09:26:21.240000,29314.97,29260,7583,29265,29576,29255,12,29250,12769
2020-06-08 09:26:22.040000,29314.97,29265,20,29270,10804,29260,9433,29255,15035
2020-06-08 09:26:22.850000,29314.97,29265,20,29270,7774,29260,9433,29255,15035
2020-06-08 09:26:23.530000,29314.97,29270,5774,29275,20172,29265,4433,29260,16010
2020-06-08 09:26:24.340000,29314.97,29265,2500,29270,7944,29260,10810,29255,15035
2020-06-08 09:26:25.140000,29314.97,29270,7944,29275,30159,29260,11367,29255,15035
2020-06-08 09:26:25.940000,29314.97,29270,964,29275,7148,29265,5419,29260,16045
2020-06-08 09:26:26.730000,29314.97,29265,2401,29270,7964,29260,8367,29255,15035
2020-06-08 09:26:27.430000,29314.97,29265,2401,29270,11082,29260,5355,29255,15035
2020-06-08 09:26:28.240000,29314.97,29265,8948,29270,27953,29260,5035,29255,11355
2020-06-08 09:26:28.940000,29314.97,29265,8948,29270,27953,29260,5035,29255,11355
2020-06-08 09:26:29.670000,29314.97,29265,2401,29270,11082,29260,10355,29255,16035
2020-06-08 09:26:30.440000,29314.97,29270,6064,29275,30152,29265,5,29260,15390
2020-06-08 09:26:31.240000,29319.81,29270,6064,29275,10168,29265,14246,29260,20068
2020-06-08 09:26:32.040000,29319.81,29270,1055,29275,7148,29265,16665,29260,16068
2020-06-08 09:26:32.840000,29319.81,29270,1055,29275,7148,29265,14119,29260,16068
2020-06-08 09:26:33.540000,29319.81,29270,1055,29275,7148,29265,13819,29260,15068
2020-06-08 09:26:34.280000,29319.81,29270,685,29275,7418,29265,11400,29260,15068
2020-06-08 09:26:34.940000,29319.81,29270,5685,29275,15379,29265,3900,29260,11070
2020-06-08 09:26:35.730000,29319.81,29270,5685,29275,7418,29265,9900,29260,16078
2020-06-08 09:26:36.460000,29319.81,29270,685,29275,7418,29265,9850,29260,16078
2020-06-08 09:26:37.040000,29319.81,29270,685,29275,7568,29265,9850,29260,15080
2020-06-08 09:26:37.750000,29319.81,29265,1500,29270,5685,29260,13932,29255,15037
2020-06-08 09:26:38.540000,29319.81,29265,1500,29270,7455,29260,8897,29255,16037
2020-06-08 09:26:39.330000,29319.81,29275,5798,29280,27613,29265,11364,29260,15065
2020-06-08 09:26:40.140000,29319.81,29275,7798,29280,27613,29265,11364,29260,15469
2020-06-08 09:26:41.050000,29298.57,29265,2752,29270,5000,29260,12366,29255,15037
2020-06-08 09:26:41.840000,29298.57,29270,5000,29275,7797,29265,9205,29260,15469
2020-06-08 09:26:42.740000,29298.57,29275,7754,29280,27593,29265,14236,29260,16469
2020-06-08 09:26:43.640000,29298.57,29275,5755,29280,12539,29270,4202,29265,10034
2020-06-08 09:26:44.340000,29298.57,29275,5755,29280,10722,29270,9257,29265,15036
2020-06-08 09:26:45.240000,29298.57,29275,5855,29280,12539,29270,4655,29265,10036
2020-06-08 09:26:46.050000,29298.57,29275,5455,29280,10722,29270,4655,29265,16036
2020-06-08 09:26:46.850000,29298.57,29275,5455,29280,12539,29270,4689,29265,16036
2020-06-08 09:26:47.550000,29298.57,29275,5455,29280,27591,29270,121,29265,15584
2020-06-08 09:26:48.350000,29298.57,29270,4782,29275,10486,29265,5,29260,20017
2020-06-08 09:26:49.050000,29298.57,29275,5455,29280,10829,29270,4509,29265,15133
2020-06-08 09:26:49.740000,29298.57,29270,2207,29275,7455,29265,10014,29260,15469
2020-06-08 09:26:50.550000,29318.02,29270,4770,29275,7455,29265,10009,29260,15469
2020-06-08 09:26:51.550000,29318.02,29270,4771,29275,30472,29265,5150,29260,15980
2020-06-08 09:26:52.450000,29318.02,29270,6770,29275,30488,29265,5150,29260,9960
2020-06-08 09:26:53.240000,29318.02,29265,4542,29270,26648,29260,451,29255,9523
2020-06-08 09:26:54.040000,29318.02,29265,4542,29270,26648,29255,10523,29250,15849
2020-06-08 09:26:54.940000,29318.02,29270,1,29275,10504,29265,7320,29260,11998
2020-06-08 09:26:55.640000,29318.02,29270,98,29275,5471,29265,11667,29260,15094
2020-06-08 09:26:56.440000,29318.02,29270,150,29275,7316,29265,7293,29260,16094
2020-06-08 09:26:57.240000,29318.02,29270,150,29275,7316,29265,12293,29260,16094
2020-06-08 09:26:57.940000,29318.02,29270,150,29275,7316,29265,12268,29260,16094
2020-06-08 09:26:58.640000,29318.02,29275,7316,29280,27239,29265,12268,29260,16094
2020-06-08 09:26:59.350000,29318.02,29275,7316,29280,27239,29265,12268,29260,15094
2020-06-08 09:26:59.940000,29318.02,29270,171,29275,7316,29265,15269,29260,15094
2020-06-08 09:27:00.750000,29318.16,29275,5316,29280,12285,29270,9146,29265,13760
2020-06-08 09:27:01.580000,29318.16,29280,7453,29285,31680,29270,9146,29265,18760
2020-06-08 09:27:02.540000,29318.16,29280,7453,29285,31680,29270,9146,29265,18760
2020-06-08 09:27:03.340000,29318.16,29275,5892,29280,27384,29265,14929,29260,15114
2020-06-08 09:27:04.150000,29318.16,29275,5892,29280,27384,29265,15942,29260,15114
2020-06-08 09:27:04.940000,29318.16,29275,3892,29280,20513,29270,9146,29265,18796
2020-06-08 09:27:05.740000,29318.16,29275,3892,29280,27384,29265,17942,29260,15114
2020-06-08 09:27:06.640000,29318.16,29275,3892,29280,10513,29270,9146,29265,18796
2020-06-08 09:27:07.340000,29318.16,29275,5592,29280,27384,29265,11905,29260,15134
2020-06-08 09:27:08.140000,29318.16,29275,5392,29280,27384,29265,11905,29260,15134
2020-06-08 09:27:08.940000,29318.16,29270,4769,29275,23450,29265,5020,29260,20280
2020-06-08 09:27:09.730000,29318.16,29270,4769,29275,13326,29265,7740,29260,11136
2020-06-08 09:27:10.430000,29318.16,29270,4769,29275,28380,29265,3594,29260,15282
2020-06-08 09:27:11.240000,29319.71,29270,4769,29275,23450,29260,19198,29255,25123
2020-06-08 09:27:12.040000,29319.71,29270,4769,29275,28380,29260,15200,29255,25223
2020-06-08 09:27:13.450000,29319.71,29270,4769,29275,13326,29265,9146,29260,11054
2020-06-08 09:27:14.130000,29319.71,29270,4769,29275,28380,29265,5000,29260,15221
2020-06-08 09:27:14.840000,29319.71,29270,4769,29275,28380,29265,5000,29260,15221
2020-06-08 09:27:15.540000,29319.71,29270,4769,29275,13326,29265,14146,29260,11075
2020-06-08 09:27:16.140000,29319.71,29270,9764,29275,28380,29265,5000,29260,9207
2020-06-08 09:27:16.820000,29319.71,29270,6764,29275,28380,29265,5000,29260,11207
2020-06-08 09:27:17.440000,29319.71,29270,6764,29275,28380,29265,5000,29260,11207
2020-06-08 09:27:18.140000,29319.71,29275,3392,29280,10863,29270,10076,29265,19216
2020-06-08 09:27:18.930000,29319.71,29275,3382,29280,27734,29265,18362,29260,16335
2020-06-08 09:27:19.750000,29319.71,29270,100,29275,5382,29265,14148,29260,16337
2020-06-08 09:27:20.540000,29320.44,29270,4759,29275,5970,29265,14148,29260,15337
2020-06-08 09:27:21.240000,29320.44,29275,5970,29280,27734,29265,16148,29260,15837
2020-06-08 09:27:22.040000,29320.44,29275,5970,29280,27734,29265,16148,29260,16837
2020-06-08 09:27:22.740000,29320.44,29275,5970,29280,27734,29265,16139,29260,16837
2020-06-08 09:27:23.440000,29320.44,29275,3970,29280,27734,29270,150,29265,16139
2020-06-08 09:27:24.140000,29320.44,29275,3970,29280,12680,29270,9296,29265,15062
2020-06-08 09:27:24.840000,29320.44,29275,3970,29280,12680,29270,9196,29265,15064
2020-06-08 09:27:25.440000,29320.44,29275,588,29280,10873,29270,9196,29265,21064
2020-06-08 09:27:26.180000,29320.44,29275,5388,29280,10873,29270,9196,29265,21064
2020-06-08 09:27:26.930000,29320.44,29275,5388,29280,10873,29270,9196,29265,21137
2020-06-08 09:27:27.640000,29320.44,29275,5388,29280,10873,29270,9197,29265,21137
2020-06-08 09:27:28.330000,29320.44,29275,5388,29280,27744,29270,51,29265,20283
2020-06-08 09:27:29.030000,29320.44,29275,5388,29280,12690,29270,9146,29265,16137
2020-06-08 09:27:29.730000,29320.44,29275,5488,29280,12690,29270,9059,29265,16137
2020-06-08 09:27:30.440000,29320.44,29270,10891,29275,30560,29260,11825,29255,25235
2020-06-08 09:27:31.140000,29308.15,29270,8413,29275,30551,29260,11825,29255,25235
2020-06-08 09:27:31.940000,29308.15,29270,8413,29275,10567,29265,5000,29260,20846
2020-06-08 09:27:32.750000,29308.15,29270,8413,29275,15497,29265,9059,29260,11789
2020-06-08 09:27:33.540000,29308.15,29270,7303,29275,10667,29260,20846,29255,25235
2020-06-08 09:27:34.250000,29308.15,29270,7603,29275,10667,29260,20845,29255,25235
2020-06-08 09:27:35.040000,29308.15,29270,7603,29275,30651,29260,15847,29255,25235
2020-06-08 09:27:35.740000,29308.15,29270,7603,29275,30651,29260,15847,29255,25235
2020-06-08 09:27:36.540000,29308.15,29265,170,29270,7603,29260,15847,29255,25235
2020-06-08 09:27:37.190000,29308.15,29265,5220,29270,16566,29255,24257,29250,16570
2020-06-08 09:27:37.940000,29308.15,29265,120,29270,9695,29260,9340,29255,25198
2020-06-08 09:27:38.530000,29308.15,29265,21,29270,9695,29260,9374,29255,25198
2020-06-08 09:27:39.240000,29308.15,29265,5021,29270,29608,29260,315,29255,25257
2020-06-08 09:27:39.890000,29308.15,29260,3926,29265,7021,29255,10170,29250,20629
2020-06-08 09:27:40.640000,29323.84,29260,3926,29265,32507,29255,7365,29250,14949
2020-06-08 09:27:41.450000,29323.84,29260,5926,29265,32507,29255,12365,29250,9879
2020-06-08 09:27:42.140000,29323.84,29260,5926,29265,32507,29250,9879,29245,16735
2020-06-08 09:27:42.840000,29323.84,29260,5926,29265,32507,29250,9207,29245,17735
2020-06-08 09:27:43.480000,29323.84,29260,18965,29265,32507,29250,9207,29245,17735
2020-06-08 09:27:44.250000,29323.84,29255,175,29260,5926,29250,9207,29245,17735
2020-06-08 09:27:44.950000,29323.84,29255,345,29260,5926,29250,9207,29245,17735
2020-06-08 09:27:45.740000,29323.84,29255,345,29260,8978,29250,9307,29245,17735
2020-06-08 09:27:46.440000,29323.84,29255,345,29260,8978,29250,9307,29245,17735
2020-06-08 09:27:47.140000,29323.84,29260,5926,29265,32486,29250,9341,29245,17735
2020-06-08 09:27:47.850000,29323.84,29255,1,29260,5926,29250,11341,29245,17735
2020-06-08 09:27:48.440000,29323.84,29260,5926,29265,32486,29255,4999,29250,11341
2020-06-08 09:27:49.160000,29323.84,29260,5926,29265,32486,29255,4999,29250,11341
2020-06-08 09:27:50.550000,29323.32,29260,5923,29265,32486,29255,4999,29250,11354
2020-06-08 09:27:51.230000,29323.32,29260,3923,29265,32486,29255,4999,29250,11541
2020-06-08 09:27:51.840000,29323.32,29260,3923,29265,32486,29255,4999,29250,14541
2020-06-08 09:27:52.630000,29323.32,29260,5923,29265,32486,29255,5043,29250,11541
2020-06-08 09:27:53.340000,29323.32,29255,3143,29260,25844,29250,674,29245,15794
2020-06-08 09:27:54.070000,29323.32,29255,2862,29260,25844,29250,674,29245,15796
2020-06-08 09:27:54.630000,29323.32,29255,4662,29260,25844,29250,674,29245,11174
2020-06-08 09:27:55.240000,29323.32,29255,4562,29260,25844,29250,674,29245,11174
2020-06-08 09:27:55.850000,29323.32,29255,4552,29260,25844,29250,674,29245,11174
2020-06-08 09:27:56.440000,29323.32,29255,4552,29260,25844,29250,676,29245,11174
2020-06-08 09:27:57.180000,29323.32,29255,2549,29260,25844,29250,676,29245,11174
2020-06-08 09:27:57.840000,29323.32,29260,5923,29265,32486,29250,11543,29245,25116
2020-06-08 09:27:58.430000,29323.32,29260,5923,29265,32486,29250,11543,29245,25116
2020-06-08 09:27:59.130000,29323.32,29260,5923,29265,32486,29250,11543,29245,25116
2020-06-08 09:27:59.830000,29323.32,29260,5923,29265,32986,29250,9543,29245,26116
2020-06-08 09:28:00.540000,29316.34,29265,10000,29270,27268,29260,2572,29255,11059
2020-06-08 09:28:01.350000,29316.34,29265,8000,29270,27268,29260,1736,29255,14105
2020-06-08 09:28:02.050000,29316.34,29265,8000,29270,27268,29260,1736,29255,15105
2020-06-08 09:28:02.840000,29316.34,29265,3000,29270,12214,29260,10795,29255,21046
2020-06-08 09:28:03.550000,29316.34,29270,596,29275,17100,29265,19512,29260,11238
2020-06-08 09:28:04.240000,29316.34,29270,5355,29275,32154,29265,453,29260,25297
2020-06-08 09:28:04.940000,29316.34,29270,5355,29275,32154,29265,448,29260,25297
2020-06-08 09:28:05.640000,29316.34,29270,5355,29275,32154,29265,448,29260,26297
2020-06-08 09:28:06.340000,29316.34,29270,7355,29275,32154,29260,22795,29255,15046
2020-06-08 09:28:07.050000,29316.34,29265,5342,29270,27277,29260,6736,29255,24105
2020-06-08 09:28:07.840000,29316.34,29265,5206,29270,27277,29260,6736,29255,25105
2020-06-08 09:28:08.680000,29316.34,29265,5206,29270,27277,29255,21059,29250,15446
2020-06-08 09:28:09.330000,29316.34,29265,351,29270,10406,29260,19059,29255,15058
2020-06-08 09:28:10.150000,29318.43,29265,5206,29270,27277,29255,25117,29250,15446
2020-06-08 09:28:10.880000,29318.43,29265,3839,29270,27277,29255,21059,29250,15446
2020-06-08 09:28:11.550000,29318.43,29260,3923,29265,8857,29255,5000,29250,29505
2020-06-08 09:28:12.340000,29318.43,29265,8920,29270,27277,29255,18801,29250,16446
2020-06-08 09:28:13.140000,29318.43,29265,3902,29270,27277,29260,5000,29255,20801
2020-06-08 09:28:13.840000,29318.43,29265,3902,29270,27277,29260,5000,29255,23848
2020-06-08 09:28:14.540000,29318.43,29265,3902,29270,27277,29260,5000,29255,20835
2020-06-08 09:28:15.240000,29318.43,29265,3902,29270,27277,29260,5000,29255,24875
2020-06-08 09:28:15.940000,29318.43,29265,5902,29270,27277,29255,18835,29250,15546
2020-06-08 09:28:16.590000,29318.43,29265,5902,29270,27277,29255,18835,29250,15546
2020-06-08 09:28:17.240000,29318.43,29265,3902,29270,27277,29260,5000,29255,20835
2020-06-08 09:28:17.740000,29318.43,29265,5902,29270,27277,29255,20835,29250,16546
2020-06-08 09:28:18.440000,29318.43,29265,3902,29270,27277,29260,4990,29255,20835
2020-06-08 09:28:19.140000,29318.43,29265,31,29270,12223,29260,19049,29255,9868
2020-06-08 09:28:19.850000,29318.43,29265,3870,29270,27277,29260,4990,29255,20835
2020-06-08 09:28:20.550000,29298.89,29270,5355,29275,32184,29265,8155,29260,21049
2020-06-08 09:28:21.340000,29298.89,29270,5355,29275,32184,29260,21049,29255,15878
2020-06-08 09:28:22.140000,29298.89,29270,596,29275,12200,29265,19009,29260,15040
2020-06-08 09:28:23.040000,29298.89,29275,12200,29280,29289,29265,19009,29260,15040
2020-06-08 09:28:23.740000,29298.89,29275,5718,29280,29289,29265,21009,29260,15040
2020-06-08 09:28:24.450000,29298.89,29270,1000,29275,5718,29265,20964,29260,16132
2020-06-08 09:28:25.150000,29298.89,29275,5718,29280,14235,29270,18867,29265,9429
2020-06-08 09:28:25.850000,29298.89,29275,5718,29280,27472,29270,4798,29265,28488
2020-06-08 09:28:26.640000,29298.89,29275,5718,29280,29289,29265,23488,29260,15132
2020-06-08 09:28:27.240000,29298.89,29275,5718,29280,29289,29265,24000,29260,15167
2020-06-08 09:28:27.940000,29298.89,29275,5718,29280,29289,29265,25000,29260,15167
2020-06-08 09:28:28.670000,29298.89,29275,5718,29280,29289,29270,10,29265,25000
2020-06-08 09:28:29.250000,29298.89,29275,5718,29280,29289,29270,10,29265,25000
2020-06-08 09:28:29.940000,29298.89,29275,5718,29280,27472,29270,10,29265,30000
2020-06-08 09:28:30.690000,29319.15,29275,5719,29280,22418,29270,10,29265,30000
2020-06-08 09:28:31.240000,29319.15,29275,4282,29280,27472,29270,4808,29265,30000
2020-06-08 09:28:31.910000,29319.15,29275,6482,29280,29289,29265,20964,29260,15167
2020-06-08 09:28:32.540000,29319.15,29275,6482,29280,29289,29265,18964,29260,15167
2020-06-08 09:28:33.240000,29319.15,29275,6482,29280,29289,29265,20964,29260,15167
2020-06-08 09:28:33.850000,29319.15,29275,4482,29280,29289,29265,20964,29260,15167
2020-06-08 09:28:34.470000,29319.15,29275,4482,29280,31126,29270,4308,29265,24016
2020-06-08 09:28:35.050000,29319.15,29275,4482,29280,31126,29270,68,29265,20964
2020-06-08 09:28:35.640000,29319.15,29275,6480,29280,31226,29270,68,29265,20964
2020-06-08 09:28:36.250000,29319.15,29275,6480,29280,31226,29270,68,29265,20964
2020-06-08 09:28:36.630000,29319.15,29275,6480,29280,31226,29270,4367,29265,20964
2020-06-08 09:28:37.140000,29319.15,29275,4480,29280,31226,29270,4367,29265,20964
2020-06-08 09:28:37.740000,29319.15,29275,200,29280,16172,29270,18262,29265,9921
2020-06-08 09:28:38.240000,29319.15,29275,200,29280,19409,29270,4203,29265,28980
2020-06-08 09:28:39.040000,29319.15,29275,4380,29280,31226,29270,4203,29265,23980
2020-06-08 09:28:39.730000,29319.15,29270,16,29275,4480,29265,24980,29260,15267
2020-06-08 09:28:40.340000,29319.15,29275,4480,29280,31226,29270,6,29265,24980
2020-06-08 09:28:41.040000,29328.12,29275,4480,29280,31226,29270,4209,29265,24980
2020-06-08 09:28:41.640000,29328.12,29275,4462,29280,31226,29270,156,29265,24980
2020-06-08 09:28:42.270000,29328.12,29275,4462,29280,31226,29270,4359,29265,24980
2020-06-08 09:28:42.840000,29328.12,29275,4496,29280,31226,29270,156,29265,20979
2020-06-08 09:28:43.430000,29328.12,29275,4496,29280,31226,29270,206,29265,20979
2020-06-08 09:28:44.040000,29328.12,29275,9528,29280,31226,29265,18979,29260,15467
2020-06-08 09:28:44.650000,29328.12,29275,4496,29280,31226,29270,4203,29265,25490
2020-06-08 09:28:45.240000,29328.12,29275,316,29280,31226,29270,4203,29265,25490
2020-06-08 09:28:45.830000,29328.12,29275,4496,29280,31226,29270,4203,29265,25490
2020-06-08 09:28:46.550000,29328.12,29275,4506,29280,31226,29270,4203,29265,24560
2020-06-08 09:28:47.050000,29328.12,29275,4506,29280,31226,29265,29560,29260,15467
2020-06-08 09:28:47.630000,29328.12,29275,4506,29280,31326,29270,15,29265,30545
2020-06-08 09:28:48.240000,29328.12,29275,226,29280,16272,29270,18107,29265,16486
2020-06-08 09:28:48.830000,29328.12,29275,226,29280,16272,29270,18107,29265,16486
2020-06-08 09:28:49.570000,29328.12,29275,3216,29280,31326,29270,4140,29265,30545
2020-06-08 09:28:50.240000,29328.12,29275,3116,29280,31326,29270,4140,29265,30545
2020-06-08 09:28:50.950000,29321.53,29280,31326,29285,35945,29270,4140,29265,30545
2020-06-08 09:28:51.680000,29321.53,29280,9847,29285,30999,29270,20199,29265,21486
2020-06-08 09:28:52.340000,29321.53,29280,9847,29285,30999,29270,20199,29265,20585
2020-06-08 09:28:53.240000,29321.53,29280,7847,29285,30999,29275,5,29270,23723
2020-06-08 09:28:54.040000,29321.53,29275,5030,29280,29725,29270,4140,29265,30144
2020-06-08 09:28:54.740000,29321.53,29280,12854,29285,30999,29270,18198,29265,21085
2020-06-08 09:28:55.540000,29321.53,29280,12854,29285,30999,29270,18111,29265,22085
2020-06-08 09:28:56.940000,29321.53,29280,7847,29285,30999,29270,20111,29265,22085
2020-06-08 09:28:57.850000,29321.53,29280,7847,29285,30999,29275,4742,29270,20111
2020-06-08 09:28:58.550000,29321.53,29280,7847,29285,30999,29275,4742,29270,20111
2020-06-08 09:28:59.150000,29321.53,29280,7847,29285,30999,29275,4742,29270,24196
2020-06-08 09:29:00.340000,29321.53,29280,3925,29285,30999,29275,4742,29270,24170
2020-06-08 09:29:01.040000,29324.74,29280,3925,29285,30999,29275,4742,29270,24370
2020-06-08 09:29:01.690000,29324.74,29280,3925,29285,30999,29275,4742,29270,24370
2020-06-08 09:29:02.340000,29324.74,29280,3925,29285,11015,29275,19801,29270,15309
2020-06-08 09:29:03.040000,29324.74,29285,4375,29290,28484,29280,4989,29275,20801
2020-06-08 09:29:03.830000,29324.74,29290,4982,29295,31766,29285,8732,29280,25054
2020-06-08 09:29:04.650000,29324.74,29290,4982,29295,31766,29285,4903,29280,26054
2020-06-08 09:29:05.350000,29324.74,29295,5146,29300,29515,29290,3737,29285,22062
2020-06-08 09:29:06.230000,29324.74,29295,25203,29300,34461,29285,4903,29280,31052
2020-06-08 09:29:06.940000,29324.74,29290,4759,29295,30113,29280,26054,29275,14757
2020-06-08 09:29:07.640000,29324.74,29290,4759,29295,30113,29285,4903,29280,26054
2020-06-08 09:29:08.240000,29324.74,29290,4322,29295,25183,29285,4903,29280,31052
2020-06-08 09:29:08.950000,29324.74,29290,4322,29295,30113,29285,4992,29280,26054
2020-06-08 09:29:09.600000,29324.74,29295,25183,29300,34461,29285,4992,29280,31053
2020-06-08 09:29:10.240000,29324.74,29295,25183,29300,34461,29285,5002,29280,31053
2020-06-08 09:29:11.610000,29327.04,29290,100,29295,10129,29285,20161,29280,16994
2020-06-08 09:29:12.340000,29327.04,29290,138,29295,10129,29285,19059,29280,16994
2020-06-08 09:29:12.940000,29327.04,29295,10129,29300,29515,29290,62,29285,19059
2020-06-08 09:29:13.630000,29327.04,29295,11229,29300,29515,29285,19059,29280,16995
2020-06-08 09:29:14.350000,29327.04,29295,10129,29300,29515,29285,19159,29280,16995
2020-06-08 09:29:14.940000,29327.04,29290,50,29295,10129,29285,19159,29280,16995
2020-06-08 09:29:15.640000,29327.04,29290,50,29295,10129,29285,19159,29280,16995
2020-06-08 09:29:16.400000,29327.04,29290,752,29295,7126,29285,21159,29280,16995
2020-06-08 09:29:17.040000,29327.04,29290,5572,29295,30228,29285,199,29280,22050
2020-06-08 09:29:17.840000,29327.04,29290,7566,29295,30228,29280,21050,29275,14757
2020-06-08 09:29:18.540000,29327.04,29290,7566,29295,30228,29285,200,29280,14991
2020-06-08 09:29:19.340000,29327.04,29285,12329,29290,27491,29280,1000,29275,18801
2020-06-08 09:29:20.140000,29327.04,29285,17259,29290,27491,29275,19301,29270,10351
2020-06-08 09:29:21.050000,29326.93,29285,32313,29290,32437,29275,5242,29270,24410
2020-06-08 09:29:21.740000,29326.93,29285,32313,29290,32437,29275,5243,29270,24411
2020-06-08 09:29:22.540000,29326.93,29285,32313,29290,32537,29275,5243,29270,24411
2020-06-08 09:29:23.340000,29326.93,29275,7103,29280,27002,29270,5303,29265,24843
2020-06-08 09:29:24.140000,29326.93,29275,1003,29280,27002,29270,5083,29265,24843
2020-06-08 09:29:24.890000,29326.93,29275,7103,29280,27002,29270,4983,29265,24843
2020-06-08 09:29:25.640000,29326.93,29275,5148,29280,27002,29270,5177,29265,21747
2020-06-08 09:29:26.340000,29326.93,29280,27002,29285,37259,29270,5177,29265,21747
2020-06-08 09:29:27.050000,29326.93,29285,32313,29290,32537,29275,5742,29270,22363
2020-06-08 09:29:27.730000,29326.93,29280,25837,29285,37259,29270,6277,29265,24816
2020-06-08 09:29:28.640000,29326.93,29275,7000,29280,25838,29270,5177,29265,21747
2020-06-08 09:29:29.340000,29326.93,29280,25838,29285,37259,29270,5177,29265,21747
2020-06-08 09:29:30.030000,29326.93,29280,25838,29285,37259,29270,5177,29265,24797
2020-06-08 09:29:30.640000,29327.62,29275,5000,29280,25838,29270,5177,29265,21747
2020-06-08 09:29:31.340000,29327.62,29270,5424,29275,13254,29265,9747,29260,26747
2020-06-08 09:29:32.250000,29327.62,29275,9932,29280,25838,29270,5260,29265,20847
2020-06-08 09:29:33.040000,29327.62,29275,9932,29280,25838,29270,5650,29265,20847
2020-06-08 09:29:33.670000,29327.62,29270,4220,29275,31116,29265,5688,29260,21224
2020-06-08 09:29:34.700000,29327.62,29260,1200,29265,30397,29255,4738,29250,27229
2020-06-08 09:29:35.530000,29327.62,29260,5072,29265,30397,29255,4738,29250,22599
2020-06-08 09:29:36.440000,29327.62,29265,10413,29270,26494,29255,21972,29250,16575
2020-06-08 09:29:37.240000,29327.62,29265,7412,29270,26494,29255,21472,29250,16575
2020-06-08 09:29:38.750000,29327.62,29265,4212,29270,26494,29260,6202,29255,24525
2020-06-08 09:29:39.440000,29327.62,29265,4162,29270,26494,29260,6202,29255,24525
2020-06-08 09:29:40.840000,29316.0,29270,26494,29275,34862,29260,5402,29255,24525
2020-06-08 09:29:41.540000,29316.0,29265,4162,29270,26494,29260,5402,29255,21773
2020-06-08 09:29:42.240000,29316.0,29260,5222,29265,29250,29255,5314,29250,22409
2020-06-08 09:29:42.950000,29316.0,29260,7207,29265,29250,29255,5314,29250,22409
2020-06-08 09:29:43.690000,29316.0,29260,4706,29265,29250,29255,5314,29250,22439
2020-06-08 09:29:44.240000,29316.0,29260,5206,29265,29250,29255,772,29250,22439
2020-06-08 09:29:44.730000,29316.0,29260,10207,29265,29250,29255,772,29250,22439
2020-06-08 09:29:45.340000,29316.0,29260,9707,29265,29250,29255,5316,29250,22439
2020-06-08 09:29:45.940000,29316.0,29260,7650,29265,29250,29255,427,29250,22589
2020-06-08 09:29:46.530000,29316.0,29265,4052,29270,26494,29255,22328,29250,16556
2020-06-08 09:29:47.140000,29316.0,29265,38,29270,9623,29260,20210,29255,16343
2020-06-08 09:29:47.940000,29316.0,29265,4390,29270,26494,29260,6151,29255,25402
2020-06-08 09:29:48.540000,29316.0,29265,38,29270,9623,29260,20210,29255,16343
2020-06-08 09:29:49.230000,29316.0,29270,4572,29275,29926,29265,4901,29260,22210
2020-06-08 09:29:49.940000,29306.66,29270,352,29275,24996,29265,4901,29260,30262
2020-06-08 09:29:50.640000,29306.66,29270,352,29275,9942,29265,20260,29260,16203
2020-06-08 09:29:51.340000,29306.66,29270,352,29275,29926,29265,4901,29260,25264
2020-06-08 09:29:52.040000,29306.66,29270,5872,29275,29926,29260,25264,29255,16343
2020-06-08 09:29:52.740000,29306.66,29270,352,29275,29926,29265,4901,29260,25264
2020-06-08 09:29:53.340000,29306.66,29270,5872,29275,29926,29265,4901,29260,25264
2020-06-08 09:29:53.940000,29306.66,29275,4933,29280,27378,29270,394,29265,22260
2020-06-08 09:29:54.540000,29306.66,29275,10,29280,10507,29270,22725,29265,16245
2020-06-08 09:29:55.340000,29306.66,29285,13182,29290,29737,29275,20601,29270,16665
2020-06-08 09:29:56.040000,29306.66,29275,11549,29280,25823,29270,1300,29265,25304
2020-06-08 09:29:56.850000,29306.66,29270,5520,29275,34191,29265,1300,29260,25264
2020-06-08 09:29:57.540000,29306.66,29270,6786,29275,34191,29260,22210,29255,16801
2020-06-08 09:29:58.240000,29306.66,29275,9193,29280,25823,29265,20960,29260,16184
2020-06-08 09:29:59.040000,29306.66,29275,8023,29280,25823,29265,20960,29260,16184
2020-06-08 09:29:59.740000,29306.66,29270,24262,29275,38792,29260,6651,29255,30860
2020-06-08 09:30:00.540000,29323.09,29265,8727,29270,26079,29255,5428,29250,32477
2020-06-08 09:30:01.450000,29323.09,29265,3722,29270,26079,29255,23087,29250,18418
2020-06-08 09:30:02.240000,29323.09,29265,10136,29270,26079,29255,19687,29250,16896
2020-06-08 09:30:03.030000,29323.09,29265,5089,29270,26079,29255,21687,29250,16896
2020-06-08 09:30:03.750000,29323.09,29265,5089,29270,26079,29255,21687,29250,16896
2020-06-08 09:30:04.440000,29323.09,29265,10167,29270,26079,29255,19687,29250,16896
2020-06-08 09:30:05.140000,29323.09,29265,3689,29270,26079,29260,4849,29255,21687
2020-06-08 09:30:05.840000,29323.09,29265,7089,29270,26079,29255,21687,29250,16896
2020-06-08 09:30:07.240000,29323.09,29260,3823,29265,30132,29255,628,29250,22929
2020-06-08 09:30:07.940000,29323.09,29260,5223,29265,30132,29255,536,29250,22929
2020-06-08 09:30:08.540000,29323.09,29260,4123,29265,30332,29255,536,29250,22929
2020-06-08 09:30:09.130000,29323.09,29265,30332,29270,31025,29255,6936,29250,26457
2020-06-08 09:30:09.740000,29323.09,29260,3823,29265,30332,29255,5536,29250,26457
2020-06-08 09:30:10.440000,29323.09,29260,3823,29265,30332,29255,5536,29250,23429
2020-06-08 09:30:11.130000,29322.69,29260,5059,29265,30332,29250,19204,29245,16540
2020-06-08 09:30:11.830000,29322.69,29260,5059,29265,30332,29250,19204,29245,16540
2020-06-08 09:30:12.540000,29322.69,29260,4959,29265,30332,29250,19204,29245,16540
2020-06-08 09:30:13.140000,29322.69,29260,3659,29265,30332,29255,5000,29250,19204
2020-06-08 09:30:13.910000,29322.69,29260,5059,29265,30332,29250,19204,29245,16540
2020-06-08 09:30:14.540000,29322.69,29255,4923,29260,26934,29250,5500,29245,25599
2020-06-08 09:30:15.240000,29322.69,29255,4923,29260,26934,29250,4906,29245,25599
2020-06-08 09:30:15.830000,29322.69,29255,4923,29260,26934,29250,4906,29245,25599
2020-06-08 09:30:16.740000,29322.69,29245,8902,29250,27307,29240,384,29235,29529
2020-06-08 09:30:17.730000,29322.69,29245,11133,29250,27307,29235,29529,29230,19428
2020-06-08 09:30:18.750000,29322.69,29240,5000,29245,31097,29235,15470,29230,23893
2020-06-08 09:30:19.640000,29322.69,29245,8103,29250,27307,29240,1,29235,31529
2020-06-08 09:30:20.540000,29297.21,29240,87,29245,11112,29235,31529,29230,17878
2020-06-08 09:30:21.430000,29297.21,29240,5087,29245,31096,29235,10470,29230,23893
2020-06-08 09:30:22.430000,29297.21,29240,5087,29245,31096,29235,15470,29230,23893
2020-06-08 09:30:23.340000,29297.21,29240,5087,29245,31096,29235,8638,29230,26921
2020-06-08 09:30:24.130000,29297.21,29240,5087,29245,31096,29235,8638,29230,26921
2020-06-08 09:30:24.940000,29297.21,29240,87,29245,9112,29235,24697,29230,17860
2020-06-08 09:30:25.740000,29297.21,29240,26962,29245,36063,29235,790,29230,7834
2020-06-08 09:30:26.440000,29297.21,29235,4133,29240,27004,29230,2928,29225,22138
2020-06-08 09:30:27.240000,29297.21,29230,4999,29235,29206,29225,1178,29220,21402
2020-06-08 09:30:28.030000,29297.21,29230,5042,29235,29198,29225,1178,29220,21402
2020-06-08 09:30:28.840000,29297.21,29230,5011,29235,29198,29225,1178,29220,21402
2020-06-08 09:30:29.540000,29297.21,29230,5010,29235,29198,29225,1178,29220,21402
2020-06-08 09:30:30.250000,29297.21,29225,3822,29230,26882,29220,5343,29215,21174
2020-06-08 09:30:31.040000,29294.71,29225,6890,29230,26874,29220,324,29215,21174
2020-06-08 09:30:31.830000,29294.71,29225,3848,29230,26874,29220,324,29215,21174
2020-06-08 09:30:32.650000,29294.71,29225,3848,29230,26874,29220,324,29215,21174
2020-06-08 09:30:33.330000,29294.71,29220,9676,29225,28839,29215,5115,29210,26741
2020-06-08 09:30:34.140000,29294.71,29225,3821,29230,26839,29220,3538,29215,21174
2020-06-08 09:30:34.940000,29294.71,29230,4967,29235,29164,29225,235,29220,19597
2020-06-08 09:30:35.640000,29294.71,29230,4967,29235,29164,29225,4790,29220,19597
2020-06-08 09:30:36.450000,29294.71,29225,3880,29230,26866,29220,3538,29215,24218
2020-06-08 09:30:37.140000,29294.71,29225,26,29230,26866,29220,3643,29215,24218
2020-06-08 09:30:37.750000,29294.71,29225,25,29230,26866,29220,3843,29215,24218
2020-06-08 09:30:38.340000,29294.71,29225,2517,29230,9995,29220,17840,29215,15159
2020-06-08 09:30:39.040000,29294.71,29225,2517,29230,9995,29220,17840,29215,15159
2020-06-08 09:30:39.790000,29294.71,29225,6270,29230,26866,29220,904,29215,24218
2020-06-08 09:30:40.340000,29294.71,29225,6270,29230,26866,29220,904,29215,21185
2020-06-08 09:30:41.040000,29272.1,29225,6238,29230,26874,29220,904,29215,21185
2020-06-08 09:30:41.700000,29272.1,29225,6238,29230,26874,29220,5904,29215,24217
2020-06-08 09:30:42.340000,29272.1,29225,6236,29230,26874,29220,912,29215,21185
2020-06-08 09:30:42.940000,29272.1,29225,6236,29230,26874,29220,922,29215,21185
2020-06-08 09:30:43.640000,29272.1,29220,352,29225,6241,29215,24215,29210,17688
2020-06-08 09:30:44.440000,29272.1,29225,3842,29230,26874,29220,5000,29215,21185
2020-06-08 09:30:45.140000,29272.1,29225,2468,29230,26874,29215,21185,29210,17130
2020-06-08 09:30:45.750000,29272.1,29225,2468,29230,26874,29215,21185,29210,17130
2020-06-08 09:30:46.430000,29272.1,29225,1100,29230,26874,29215,21185,29210,17130
2020-06-08 09:30:47.030000,29272.1,29225,1200,29230,26874,29215,21185,29210,17130
2020-06-08 09:30:47.640000,29272.1,29225,9008,29230,26874,29215,17126,29210,21189
2020-06-08 09:30:48.440000,29272.1,29225,1531,29230,26874,29220,5000,29215,24222
2020-06-08 09:30:49.140000,29272.1,29225,930,29230,9981,29220,19059,29215,15163
2020-06-08 09:30:49.930000,29272.1,29230,4975,29235,29164,29225,4379,29220,21059
2020-06-08 09:30:50.640000,29286.6,29230,4975,29235,29164,29225,4379,29220,21059
2020-06-08 09:30:51.340000,29286.6,29230,4967,29235,26172,29225,4379,29220,21059
2020-06-08 09:30:52.040000,29286.6,29230,4966,29235,26172,29225,4379,29220,21059
2020-06-08 09:30:52.730000,29286.6,29235,26172,29240,31908,29225,4379,29220,21059
2020-06-08 09:30:54.130000,29286.6,29235,26022,29240,31908,29225,4379,29220,21069
2020-06-08 09:30:55.050000,29286.6,29230,4764,29235,26022,29225,4413,29220,21411
2020-06-08 09:30:55.640000,29286.6,29235,26122,29240,31908,29225,4413,29220,21411
2020-06-08 09:30:56.440000,29286.6,29235,1091,29240,26962,29225,20472,29220,15438
2020-06-08 09:30:56.940000,29286.6,29235,1091,29240,26962,29225,20472,29220,15438
2020-06-08 09:30:57.550000,29286.6,29235,1091,29240,26962,29225,20472,29220,15438
2020-06-08 09:30:58.050000,29286.6,29235,1091,29240,26962,29225,20477,29220,15458
2020-06-08 09:30:58.730000,29286.6,29235,100,29240,25145,29230,4906,29225,28495
2020-06-08 09:30:59.340000,29286.6,29235,183,29240,26962,29230,4896,29225,23495
2020-06-08 09:31:00.040000,29286.6,29230,2301,29235,7183,29225,20511,29220,15458
2020-06-08 09:31:00.830000,29270.11,29225,2100,29230,12014,29220,19431,29215,10163
2020-06-08 09:31:01.740000,29270.11,29230,10197,29235,30221,29225,5000,29220,21431
2020-06-08 09:31:02.630000,29270.11,29235,5183,29240,26962,29230,10109,29225,24174
2020-06-08 09:31:03.540000,29270.11,29235,5183,29240,26962,29230,14531,29225,21159
2020-06-08 09:31:04.350000,29270.11,29235,5183,29240,26962,29230,9685,29225,17100
2020-06-08 09:31:05.030000,29270.11,29230,7997,29235,30182,29225,5100,29220,25813
2020-06-08 09:31:05.740000,29270.11,29230,10131,29235,30182,29225,5100,29220,25813
2020-06-08 09:31:06.440000,29270.11,29230,15188,29235,30182,29220,22741,29215,15163
2020-06-08 09:31:07.040000,29270.11,29230,10171,29235,30182,29225,5072,29220,25785
2020-06-08 09:31:07.730000,29270.11,29230,10171,29235,30182,29225,5072,29220,22741
2020-06-08 09:31:08.340000,29270.11,29225,1030,29230,32082,29220,6682,29215,24222
2020-06-08 09:31:09.040000,29270.11,29225,1027,29230,32082,29220,6672,29215,24242
2020-06-08 09:31:09.740000,29270.11,29225,6008,29230,32082,29220,6672,29215,24242
2020-06-08 09:31:10.430000,29270.11,29225,1008,29230,32183,29220,6672,29215,24242
2020-06-08 09:31:11.040000,29269.64,29225,6008,29230,32183,29220,6672,29215,21205
2020-06-08 09:31:11.740000,29269.64,29225,5973,29230,32183,29220,6672,29215,21205
2020-06-08 09:31:12.330000,29269.64,29225,30981,29230,37129,29220,97,29215,5146
2020-06-08 09:31:13.040000,29269.64,29225,10514,29230,32183,29220,97,29215,19205
2020-06-08 09:31:13.830000,29269.64,29225,10513,29230,32183,29220,97,29215,19305
2020-06-08 09:31:14.350000,29269.64,29225,10414,29230,32183,29220,97,29215,21355
2020-06-08 09:31:14.840000,29269.64,29225,388,29230,32183,29220,4927,29215,21356
2020-06-08 09:31:15.440000,29269.64,29225,5002,29230,32153,29220,77,29215,21356
2020-06-08 09:31:16.140000,29269.64,29220,4001,29225,29987,29215,297,29210,23417
2020-06-08 09:31:16.930000,29269.64,29225,29987,29230,37099,29215,5297,29210,25869
2020-06-08 09:31:17.440000,29269.64,29220,3861,29225,29987,29215,297,29210,23417
2020-06-08 09:31:18.140000,29269.64,29220,3861,29225,29987,29215,1397,29210,23417
2020-06-08 09:31:19.040000,29269.64,29215,29460,29220,30680,29210,2512,29205,8808
2020-06-08 09:31:19.840000,29269.64,29215,9442,29220,25734,29210,2511,29205,24867
2020-06-08 09:31:20.740000,29277.72,29215,29426,29220,30680,29210,2511,29205,8808
2020-06-08 09:31:21.630000,29277.72,29215,29424,29220,30680,29210,2505,29205,8808
2020-06-08 09:31:22.540000,29277.72,29210,24093,29215,34370,29205,3808,29200,7612
2020-06-08 09:31:23.530000,29277.72,29205,30486,29210,28539,29200,782,29195,8424
2020-06-08 09:31:24.640000,29277.72,29205,8009,29210,23593,29200,5610,29195,24483
2020-06-08 09:31:25.640000,29277.72,29205,25077,29210,28539,29200,780,29195,10421
2020-06-08 09:31:26.640000,29277.72,29200,4531,29205,30007,29195,8421,29190,21078
2020-06-08 09:31:27.540000,29277.72,29200,9532,29205,30007,29190,21078,29185,15255
2020-06-08 09:31:28.430000,29277.72,29195,4440,29200,26171,29190,5019,29185,21278
2020-06-08 09:31:29.340000,29277.72,29200,500,29205,24953,29195,5000,29190,20328
2020-06-08 09:31:30.040000,29277.72,29205,4993,29210,23593,29200,165,29195,21059
2020-06-08 09:31:30.730000,29251.33,29205,4993,29210,23593,29200,4830,29195,21059
2020-06-08 09:31:31.540000,29251.33,29200,3796,29205,29880,29195,5000,29190,23396
2020-06-08 09:31:32.260000,29251.33,29200,3796,29205,29880,29195,5000,29190,20328
2020-06-08 09:31:33.110000,29251.33,29200,3752,29205,29880,29195,5000,29190,20329
2020-06-08 09:31:33.830000,29251.33,29205,29880,29210,28539,29195,5000,29190,20329
2020-06-08 09:31:34.640000,29251.33,29205,4893,29210,23593,29200,3999,29195,22059
2020-06-08 09:31:35.640000,29251.33,29205,4893,29210,23593,29200,3999,29195,22060
2020-06-08 09:31:36.540000,29251.33,29210,23593,29215,35930,29200,3999,29195,25065
2020-06-08 09:31:37.240000,29251.33,29210,23593,29215,35930,29200,3958,29195,25130
2020-06-08 09:31:37.940000,29251.33,29210,23593,29215,35930,29200,3458,29195,25129
2020-06-08 09:31:38.530000,29251.33,29205,4891,29210,23593,29200,8000,29195,22060
2020-06-08 09:31:39.240000,29251.33,29210,23593,29215,35930,29200,8034,29195,25094
2020-06-08 09:31:39.840000,29251.33,29205,4890,29210,23631,29200,3034,29195,22160
2020-06-08 09:31:40.480000,29251.33,29205,4925,29210,23627,29200,8034,29195,22160
2020-06-08 09:31:41.140000,29245.65,29205,4925,29210,23627,29195,22160,29190,14298
2020-06-08 09:31:41.840000,29245.65,29205,4925,29210,23627,29200,4500,29195,22160
2020-06-08 09:31:42.540000,29245.65,29205,4925,29210,23627,29200,4500,29195,22228
2020-06-08 09:31:43.240000,29245.65,29205,4925,29210,23627,29200,5500,29195,22228
2020-06-08 09:31:44.040000,29245.65,29200,4000,29205,30023,29195,6169,29190,20329
2020-06-08 09:31:44.640000,29245.65,29200,47,29205,24964,29195,10228,29190,19280
2020-06-08 09:31:45.350000,29245.65,29205,30018,29210,28540,29195,6169,29190,23339
2020-06-08 09:31:45.830000,29245.65,29195,13271,29200,25677,29190,4270,29185,24291
2020-06-08 09:31:46.640000,29245.65,29195,10000,29200,25677,29190,4183,29185,24291
2020-06-08 09:31:47.340000,29245.65,29200,6806,29205,29984,29195,5000,29190,20242
2020-06-08 09:31:48.040000,29245.65,29200,3669,29205,29984,29195,4829,29190,20242
2020-06-08 09:31:48.740000,29245.65,29195,3025,29200,4669,29190,20242,29185,15232
2020-06-08 09:31:49.330000,29245.65,29195,8012,29200,26580,29190,1,29185,21280
2020-06-08 09:31:50.070000,29260.47,29195,29996,29200,31526,29185,5221,29180,21007
2020-06-08 09:31:50.850000,29260.47,29195,29996,29200,31526,29185,5221,29180,21007
2020-06-08 09:31:51.550000,29260.47,29195,29996,29200,31526,29185,5221,29180,21007
2020-06-08 09:31:52.240000,29260.47,29195,29996,29200,31526,29185,5221,29180,21007
2020-06-08 09:31:52.840000,29260.47,29190,26941,29195,34942,29180,4958,29175,20481
2020-06-08 09:31:53.540000,29260.47,29190,8070,29195,29996,29185,5000,29180,21017
2020-06-08 09:31:54.200000,29260.47,29185,15977,29190,26930,29180,4958,29175,23385
2020-06-08 09:31:54.940000,29260.47,29185,8866,29190,26930,29180,4958,29175,23385
2020-06-08 09:31:55.740000,29260.47,29185,18800,29190,26930,29175,18481,29170,10894
2020-06-08 09:31:56.740000,29260.47,29180,5000,29185,33666,29175,93,29170,20364
2020-06-08 09:31:57.630000,29260.47,29180,4795,29185,33666,29175,4422,29170,20364
2020-06-08 09:31:58.640000,29260.47,29180,16678,29185,38612,29170,4305,29165,25791
2020-06-08 09:31:59.530000,29260.47,29180,26578,29185,38612,29170,4305,29165,25791
2020-06-08 09:32:00.430000,29238.52,29185,13676,29190,26930,29180,4500,29175,20388
2020-06-08 09:32:01.340000,29238.52,29180,32933,29185,38596,29175,23,29170,4305
2020-06-08 09:32:02.340000,29238.52,29180,11184,29185,33650,29175,4328,29170,20364
2020-06-08 09:32:03.130000,29238.52,29180,11147,29185,33650,29175,4328,29170,18364
2020-06-08 09:32:03.940000,29238.52,29180,11110,29185,33650,29175,5000,29170,18364
2020-06-08 09:32:04.740000,29238.52,29180,1388,29185,33650,29175,5000,29170,20364
2020-06-08 09:32:05.530000,29238.52,29185,3780,29190,26930,29180,6591,29175,21059
2020-06-08 09:32:06.350000,29238.52,29180,3436,29185,16142,29175,17059,29170,9408
2020-06-08 09:32:07.230000,29238.52,29185,6165,29190,26930,29175,19059,29170,14406
2020-06-08 09:32:08.030000,29238.52,29185,31185,29190,31876,29175,3011,29170,23467
2020-06-08 09:32:09.740000,29238.52,29180,4695,29185,31185,29170,20674,29165,15273
2020-06-08 09:32:10.530000,29211.82,29180,7682,29185,31185,29170,20674,29165,15273
2020-06-08 09:32:11.240000,29211.82,29180,4674,29185,31185,29175,5000,29170,20674
2020-06-08 09:32:12.140000,29211.82,29185,11178,29190,26930,29180,20,29175,19116
2020-06-08 09:32:13.030000,29211.82,29185,8165,29190,26930,29175,20938,29170,14631
2020-06-08 09:32:13.730000,29211.82,29180,4674,29185,31207,29175,4879,29170,20664
2020-06-08 09:32:14.430000,29211.82,29185,11223,29190,26931,29175,20938,29170,14611
2020-06-08 09:32:15.140000,29211.82,29185,1286,29190,26931,29180,5000,29175,23976
2020-06-08 09:32:15.840000,29211.82,29190,25082,29195,34943,29180,5000,29175,28976
2020-06-08 09:32:16.640000,29211.82,29190,26899,29195,34943,29180,5000,29175,23976
2020-06-08 09:32:17.440000,29211.82,29185,4885,29190,26899,29180,5000,29175,23976
2020-06-08 09:32:18.240000,29211.82,29185,5350,29190,26899,29180,2,29175,21188
2020-06-08 09:32:19.130000,29211.82,29185,4754,29190,26899,29180,2,29175,21188
2020-06-08 09:32:19.870000,29211.82,29185,465,29190,10028,29180,19061,29175,15185
2020-06-08 09:32:20.530000,29204.3,29185,4720,29190,26899,29180,10002,29175,24244
2020-06-08 09:32:21.240000,29204.3,29185,4720,29190,26899,29180,9974,29175,24244
2020-06-08 09:32:22.040000,29204.3,29185,4720,29190,26899,29180,5000,29175,24244
2020-06-08 09:32:22.640000,29204.3,29185,4718,29190,26899,29180,9964,29175,24244
2020-06-08 09:32:23.240000,29204.3,29185,4293,29190,26899,29180,4599,29175,21208
2020-06-08 09:32:23.840000,29204.3,29185,4293,29190,26899,29180,4624,29175,21208
2020-06-08 09:32:24.600000,29204.3,29185,38,29190,26899,29180,9428,29175,24249
2020-06-08 09:32:25.230000,29204.3,29190,10083,29195,29997,29180,23488,29175,15192
2020-06-08 09:32:26.050000,29204.3,29185,4156,29190,25137,29180,9430,29175,29251
2020-06-08 09:32:26.780000,29204.3,29185,4156,29190,26954,29180,4461,29175,24251
2020-06-08 09:32:27.440000,29204.3,29185,4508,29190,26954,29180,4461,29175,24251
2020-06-08 09:32:28.330000,29204.3,29185,4508,29190,26954,29180,4461,29175,24251
2020-06-08 09:32:29.030000,29204.3,29185,4508,29190,26954,29180,9435,29175,24251
2020-06-08 09:32:29.740000,29204.3,29185,4474,29190,26954,29180,9348,29175,24251
2020-06-08 09:32:30.530000,29233.3,29185,4451,29190,26954,29180,5025,29175,24001
2020-06-08 09:32:31.230000,29233.3,29185,4451,29190,26954,29180,5025,29175,24001
2020-06-08 09:32:32.140000,29233.3,29180,2517,29185,9478,29175,4901,29170,28430
2020-06-08 09:32:32.940000,29233.3,29185,9478,29190,26954,29175,18960,29170,14371
2020-06-08 09:32:33.730000,29233.3,29185,9478,29190,26954,29180,16,29175,20960
2020-06-08 09:32:34.430000,29233.3,29185,9478,29190,26954,29180,667,29175,20960
2020-06-08 09:32:35.190000,29233.3,29185,4451,29190,26954,29180,5641,29175,20961
2020-06-08 09:32:35.950000,29233.3,29185,295,29190,10083,29180,21701,29175,14937
2020-06-08 09:32:36.740000,29233.3,29190,5019,29195,29997,29185,4683,29180,21701
2020-06-08 09:32:37.640000,29233.3,29190,51,29195,29997,29185,4719,29180,24678
2020-06-08 09:32:38.340000,29233.3,29190,4819,29195,29997,29185,4720,29180,24678
2020-06-08 09:32:38.940000,29233.3,29190,4819,29195,29997,29185,37,29180,21701
2020-06-08 09:32:39.530000,29233.3,29195,9913,29200,29471,29185,21179,29180,15680
2020-06-08 09:32:40.340000,29233.3,29195,9913,29200,29471,29185,20833,29180,15690
2020-06-08 09:32:41.040000,29211.46,29195,9913,29200,29471,29190,4182,29185,20833
2020-06-08 09:32:41.840000,29211.46,29200,29471,29205,35725,29190,4182,29185,23772
2020-06-08 09:32:42.630000,29211.46,29200,12600,29205,30779,29195,5,29190,18241
2020-06-08 09:32:43.330000,29211.46,29200,12163,29205,30779,29195,5,29190,18241
2020-06-08 09:32:44.130000,29211.46,29200,565,29205,30779,29195,4827,29190,23270
2020-06-08 09:32:44.940000,29211.46,29200,5565,29205,30779,29195,5,29190,20241
2020-06-08 09:32:45.640000,29211.46,29200,565,29205,15725,29195,18842,29190,9248
2020-06-08 09:32:46.330000,29211.46,29205,4159,29210,30267,29200,4409,29195,23660
2020-06-08 09:32:46.940000,29211.46,29200,2500,29205,9195,29195,18842,29190,14247
2020-06-08 09:32:47.640000,29211.46,29200,2500,29205,4159,29195,20842,29190,14247
2020-06-08 09:32:48.930000,29211.46,29200,2500,29205,4159,29195,20842,29190,14247
2020-06-08 09:32:49.730000,29211.46,29200,7500,29205,29148,29195,6,29190,20242
2020-06-08 09:32:50.630000,29226.24,29200,2480,29205,9164,29195,18844,29190,14194
2020-06-08 09:32:51.640000,29226.24,29200,2471,29205,9164,29195,18844,29190,14194
2020-06-08 09:32:52.540000,29226.24,29200,2471,29205,9164,29195,18844,29190,14194
2020-06-08 09:32:53.430000,29226.24,29200,2461,29205,9164,29195,18844,29190,14194
2020-06-08 09:32:54.250000,29226.24,29200,2451,29205,4159,29195,24600,29190,14194
2020-06-08 09:32:54.930000,29226.24,29200,2451,29205,6159,29195,21854,29190,14194
2020-06-08 09:32:56.240000,29226.24,29205,4159,29210,30267,29195,24875,29190,14194
2020-06-08 09:32:56.840000,29226.24,29205,4200,29210,30267,29195,24875,29190,14194
2020-06-08 09:32:58.140000,29226.24,29205,4200,29210,30267,29200,646,29195,24875
2020-06-08 09:32:58.730000,29226.24,29205,4200,29210,30267,29200,646,29195,24870
2020-06-08 09:32:59.340000,29226.24,29205,4200,29210,30267,29200,681,29195,24870
2020-06-08 09:32:59.940000,29226.24,29205,4200,29210,30267,29195,24870,29190,14195
2020-06-08 09:33:00.640000,29221.22,29200,7171,29205,29207,29195,1013,29190,20243
2020-06-08 09:33:01.340000,29221.22,29200,7216,29205,29201,29190,20243,29185,14825
2020-06-08 09:33:02.140000,29221.22,29200,7216,29205,29201,29195,4799,29190,20243
2020-06-08 09:33:02.930000,29221.22,29200,7180,29205,29201,29195,4889,29190,20243
2020-06-08 09:33:03.630000,29221.22,29195,9100,29200,27058,29190,2,29185,23884
2020-06-08 09:33:04.430000,29221.22,29195,47,29200,10178,29190,18243,29185,14825
2020-06-08 09:33:05.240000,29221.22,29200,7118,29205,29166,29190,20243,29185,14825
2020-06-08 09:33:05.940000,29221.22,29200,5118,29205,29166,29195,4134,29190,23293
2020-06-08 09:33:06.600000,29221.22,29200,5118,29205,29166,29195,4234,29190,23793
2020-06-08 09:33:07.130000,29221.22,29200,7118,29205,29166,29195,105,29190,20743
2020-06-08 09:33:07.740000,29221.22,29200,6685,29205,29166,29195,105,29190,20743
2020-06-08 09:33:09.140000,29221.22,29200,4705,29205,29166,29195,4239,29190,20743
2020-06-08 09:33:09.840000,29221.22,29200,4671,29205,29166,29195,4289,29190,20743
2020-06-08 09:33:10.540000,29229.02,29200,4671,29205,29166,29195,4290,29190,20743
2020-06-08 09:33:11.040000,29229.02,29200,4671,29205,29166,29195,157,29190,20743
2020-06-08 09:33:11.640000,29229.02,29200,6520,29205,29166,29195,157,29190,20743
2020-06-08 09:33:12.230000,29229.02,29200,6520,29205,29166,29195,70,29190,18743
2020-06-08 09:33:13.430000,29229.02,29195,2430,29200,7730,29190,18843,29185,14875
2020-06-08 09:33:14.130000,29229.02,29200,27985,29205,34112,29190,4784,29185,23934
2020-06-08 09:33:14.830000,29229.02,29195,4966,29200,27985,29190,4784,29185,23934
2020-06-08 09:33:15.630000,29229.02,29195,4966,29200,27985,29190,602,29185,23934
2020-06-08 09:33:16.530000,29229.02,29195,4966,29200,27985,29190,4784,29185,23934
2020-06-08 09:33:17.240000,29229.02,29190,9593,29195,30010,29185,803,29180,20608
2020-06-08 09:33:17.940000,29229.02,29190,9555,29195,30010,29185,4976,29180,20608
2020-06-08 09:33:18.530000,29229.02,29190,9455,29195,30010,29185,4976,29180,23648
2020-06-08 09:33:19.240000,29229.02,29190,4636,29195,30010,29185,4976,29180,23648
2020-06-08 09:33:19.850000,29229.02,29190,2500,29195,30010,29185,4976,29180,23648
2020-06-08 09:33:20.530000,29230.4,29190,2500,29195,30010,29185,4976,29180,23648
2020-06-08 09:33:21.230000,29230.4,29190,7319,29195,30010,29185,4936,29180,20608
2020-06-08 09:33:22.030000,29230.4,29190,7285,29195,30010,29185,4836,29180,20708
2020-06-08 09:33:22.840000,29230.4,29190,1951,29195,30012,29185,4835,29180,20708
2020-06-08 09:33:23.640000,29230.4,29190,2421,29195,30012,29185,6135,29180,23710
2020-06-08 09:33:24.830000,29230.4,29190,7240,29195,30012,29185,6145,29180,23710
2020-06-08 09:33:25.530000,29230.4,29190,7240,29195,30012,29185,6145,29180,23710
2020-06-08 09:33:26.340000,29230.4,29185,4811,29190,29139,29180,4649,29175,25745
2020-06-08 09:33:27.040000,29230.4,29190,12273,29195,30012,29180,18708,29175,16686
2020-06-08 09:33:27.730000,29230.4,29190,27327,29195,34958,29180,4649,29175,30745
2020-06-08 09:33:28.930000,29230.4,29185,5004,29190,29144,29180,150,29175,25845
2020-06-08 09:33:29.670000,29230.4,29180,2500,29185,10010,29175,19263,29170,15824
2020-06-08 09:33:30.240000,29230.4,29180,2500,29185,10017,29175,19263,29170,15824
2020-06-08 09:33:30.840000,29213.85,29180,1,29185,20060,29175,9263,29170,25824
2020-06-08 09:33:31.650000,29213.85,29185,10060,29190,29146,29175,19263,29170,15824
2020-06-08 09:33:32.340000,29213.85,29180,4464,29185,30044,29175,5204,29170,20401
2020-06-08 09:33:33.040000,29213.85,29180,4464,29185,30048,29175,5104,29170,20501
2020-06-08 09:33:33.740000,29213.85,29175,7466,29180,26379,29170,260,29165,20647
2020-06-08 09:33:34.630000,29213.85,29170,4719,29175,32450,29165,4583,29160,21244
2020-06-08 09:33:35.430000,29213.85,29175,32372,29180,31325,29165,4581,29160,24266
2020-06-08 09:33:36.240000,29213.85,29170,4889,29175,32372,29165,408,29160,21244
2020-06-08 09:33:37.040000,29213.85,29170,4927,29175,32372,29165,4173,29160,21244
2020-06-08 09:33:37.740000,29213.85,29165,1866,29170,25040,29160,5185,29155,30678
2020-06-08 09:33:38.640000,29213.85,29165,6016,29170,26853,29160,5135,29155,25678
2020-06-08 09:33:39.540000,29213.85,29170,9982,29175,32572,29165,4961,29160,21193
2020-06-08 09:33:40.340000,29213.85,29165,7559,29170,26830,29160,234,29155,21117
2020-06-08 09:33:41.140000,29221.19,29165,7559,29170,26814,29160,234,29155,21117
2020-06-08 09:33:41.940000,29221.19,29165,7539,29170,26814,29160,234,29155,21117
2020-06-08 09:33:42.640000,29221.19,29165,7539,29170,26814,29160,234,29155,21117
2020-06-08 09:33:43.280000,29221.19,29165,7529,29170,26814,29160,244,29155,21117
2020-06-08 09:33:43.940000,29221.19,29160,3720,29165,32666,29155,58,29150,20632
2020-06-08 09:33:44.740000,29221.19,29160,3720,29165,32666,29155,58,29150,20632
2020-06-08 09:33:45.530000,29221.19,29160,3686,29165,32666,29155,5058,29150,20632
2020-06-08 09:33:46.230000,29221.19,29155,4965,29160,25580,29150,391,29145,26204
2020-06-08 09:33:46.940000,29221.19,29155,4813,29160,25580,29145,21020,29140,16316
2020-06-08 09:33:47.730000,29221.19,29155,6813,29160,25580,29150,4182,29145,21020
2020-06-08 09:33:48.540000,29221.19,29150,7209,29155,29815,29145,4961,29140,21137
2020-06-08 09:33:49.340000,29221.19,29150,7855,29155,29815,29145,4956,29140,21139
2020-06-08 09:33:50.140000,29205.28,29150,6055,29155,9831,29145,21015,29140,15105
2020-06-08 09:33:50.840000,29205.28,29150,10733,29155,29815,29140,21149,29135,16597
2020-06-08 09:33:51.540000,29205.28,29150,6024,29155,9831,29145,20848,29140,15130
2020-06-08 09:33:52.240000,29205.28,29150,1,29155,14885,29145,14791,29140,19189
2020-06-08 09:33:52.940000,29205.28,29155,9831,29160,25582,29145,18850,29140,15130
2020-06-08 09:33:53.840000,29205.28,29155,29860,29160,30528,29145,5010,29140,24362
2020-06-08 09:33:54.740000,29205.28,29155,29860,29160,30528,29150,34,29145,4659
2020-06-08 09:33:55.540000,29205.28,29150,86,29155,14807,29145,18918,29140,10303
2020-06-08 09:33:56.350000,29205.28,29150,86,29155,9877,29145,18918,29140,15301
2020-06-08 09:33:57.030000,29205.28,29150,86,29155,9877,29145,18918,29140,15301
2020-06-08 09:33:57.830000,29205.28,29150,86,29155,7843,29145,20918,29140,15303
2020-06-08 09:33:58.530000,29205.28,29150,84,29155,9843,29145,18918,29140,15290
2020-06-08 09:33:59.230000,29205.28,29150,84,29155,9843,29145,20918,29140,15290
2020-06-08 09:34:00.040000,29205.28,29155,1,29160,3687,29150,20191,29145,14902
2020-06-08 09:34:00.840000,29202.78,29155,1,29160,8715,29150,21014,29145,15889
2020-06-08 09:34:01.740000,29202.78,29155,4814,29160,25586,29150,134,29145,22068
2020-06-08 09:34:02.540000,29202.78,29155,1,29160,8715,29150,19142,29145,16024
2020-06-08 09:34:03.330000,29202.78,29160,3,29165,12674,29155,21059,29150,15099
2020-06-08 09:34:04.030000,29202.78,29165,12674,29170,28357,29160,592,29155,19061
2020-06-08 09:34:04.830000,29202.78,29165,12674,29170,28357,29160,592,29155,21061
2020-06-08 09:34:05.530000,29202.78,29165,7672,29170,28357,29160,5937,29155,21061
2020-06-08 09:34:06.230000,29202.78,29165,143,29170,4713,29160,21826,29155,15028
2020-06-08 09:34:07.040000,29202.78,29170,4713,29175,31603,29160,24828,29155,15028
2020-06-08 09:34:07.840000,29202.78,29170,4713,29175,31603,29160,24838,29155,15028
2020-06-08 09:34:08.530000,29202.78,29170,4713,29175,31603,29160,21821,29155,15028
2020-06-08 09:34:09.140000,29202.78,29170,4713,29175,31603,29160,21821,29155,15028
2020-06-08 09:34:09.740000,29202.78,29170,4713,29175,31603,29165,2,29160,21821
2020-06-08 09:34:10.540000,29201.81,29165,102,29170,19714,29160,9821,29155,20028
2020-06-08 09:34:11.240000,29201.81,29165,102,29170,9714,29160,19821,29155,15025
2020-06-08 09:34:11.930000,29201.81,29165,3243,29170,24768,29160,5591,29155,26061
2020-06-08 09:34:12.740000,29201.81,29170,9713,29175,31603,29160,19655,29155,12002
2020-06-08 09:34:13.440000,29201.81,29170,11269,29175,31603,29160,19655,29155,7002
2020-06-08 09:34:14.240000,29201.81,29170,11269,29175,31603,29160,19655,29155,7002
2020-06-08 09:34:14.860000,29201.81,29170,9452,29175,31603,29160,19655,29155,15007
2020-06-08 09:34:15.440000,29201.81,29165,30105,29170,31269,29155,2,29150,21145
2020-06-08 09:34:16.230000,29201.81,29165,10162,29170,27618,29155,21061,29150,15093
2020-06-08 09:34:16.940000,29201.81,29160,2,29165,25136,29155,9061,29150,20095
2020-06-08 09:34:17.740000,29201.81,29160,42,29165,10199,29155,22061,29150,15093
2020-06-08 09:34:18.540000,29201.81,29160,5077,29165,30183,29155,6002,29150,21145
2020-06-08 09:34:19.330000,29201.81,29160,5077,29165,30183,29155,1002,29150,21145
2020-06-08 09:34:20.640000,29182.01,29160,8117,29165,30183,29155,1002,29150,21145
2020-06-08 09:34:21.330000,29182.01,29160,4876,29165,30183,29155,1002,29150,21145
2020-06-08 09:34:21.940000,29182.01,29160,4876,29165,30083,29155,902,29150,21145
2020-06-08 09:34:22.640000,29182.01,29160,4876,29165,30083,29155,899,29150,21145
2020-06-08 09:34:23.240000,29182.01,29160,7944,29165,30083,29155,899,29150,21145
2020-06-08 09:34:23.940000,29182.01,29160,9944,29165,30070,29155,899,29150,21145
2020-06-08 09:34:24.630000,29182.01,29160,4776,29165,30070,29155,900,29150,21145
2020-06-08 09:34:25.270000,29182.01,29165,10086,29170,26584,29155,21959,29150,15093
2020-06-08 09:34:25.830000,29182.01,29165,8077,29170,26584,29155,21948,29150,15093
2020-06-08 09:34:26.440000,29182.01,29170,9713,29175,31603,29160,19059,29155,15903
2020-06-08 09:34:27.130000,29182.01,29170,9713,29175,31603,29160,21059,29155,15903
2020-06-08 09:34:27.900000,29182.01,29170,4706,29175,31603,29160,21059,29155,15903
2020-06-08 09:34:28.530000,29182.01,29170,4703,29175,31603,29160,21059,29155,16003
2020-06-08 09:34:29.230000,29182.01,29175,11619,29180,28359,29165,20680,29160,15075
2020-06-08 09:34:29.980000,29182.01,29175,204,29180,11488,29170,20766,29165,12634
2020-06-08 09:34:30.730000,29187.31,29175,204,29180,11488,29170,18668,29165,12634
2020-06-08 09:34:31.540000,29187.31,29175,204,29180,11488,29170,20668,29165,12634
2020-06-08 09:34:32.440000,29187.31,29180,41,29185,9983,29175,21236,29170,14615
2020-06-08 09:34:33.440000,29187.31,29180,40,29185,9983,29175,21059,29170,14615
2020-06-08 09:34:34.330000,29187.31,29180,40,29185,9983,29175,21057,29170,14615
2020-06-08 09:34:35.140000,29187.31,29180,4816,29185,29967,29170,23676,29165,12634
2020-06-08 09:34:36.030000,29187.31,29180,4816,29185,29967,29170,23676,29165,12634
2020-06-08 09:34:36.830000,29187.31,29180,4816,29185,29967,29170,23676,29165,12634
2020-06-08 09:34:37.450000,29187.31,29180,4816,29185,29967,29170,20668,29165,12634
2020-06-08 09:34:38.060000,29187.31,29180,4783,29185,29967,29170,20668,29165,12634
2020-06-08 09:34:38.790000,29187.31,29180,4783,29185,29967,29170,20581,29165,12634
2020-06-08 09:34:39.350000,29187.31,29180,11679,29185,29967,29170,18582,29165,7640
2020-06-08 09:34:40.040000,29208.77,29180,11679,29185,29967,29170,18582,29165,4621
2020-06-08 09:34:40.840000,29208.77,29175,4813,29180,26733,29170,4523,29165,21686
2020-06-08 09:34:41.450000,29208.77,29175,4813,29180,11072,29170,4557,29165,23680
2020-06-08 09:34:42.140000,29208.77,29180,11072,29185,29967,29175,69,29170,18636
2020-06-08 09:34:42.840000,29208.77,29180,11072,29185,29967,29175,362,29170,18636
2020-06-08 09:34:43.540000,29208.77,29180,11072,29185,29967,29175,362,29170,18636
2020-06-08 09:34:44.140000,29208.77,29175,7313,29180,27943,29170,4583,29165,21687
2020-06-08 09:34:44.840000,29208.77,29175,2499,29180,11072,29170,18642,29165,12628
2020-06-08 09:34:45.540000,29208.77,29175,5343,29180,27943,29170,111,29165,18680
2020-06-08 09:34:46.330000,29208.77,29170,2500,29175,7343,29165,16680,29160,10080
2020-06-08 09:34:47.130000,29208.77,29170,6903,29175,27327,29160,21059,29155,16002
2020-06-08 09:34:47.940000,29208.77,29165,170,29170,11973,29160,19059,29155,16002
2020-06-08 09:34:48.740000,29208.77,29165,5026,29170,28844,29160,3,29155,22049
2020-06-08 09:34:49.530000,29208.77,29165,5026,29170,28844,29160,4,29155,22049
2020-06-08 09:34:50.230000,29208.77,29165,5026,29170,28844,29160,103,29155,22049
2020-06-08 09:34:50.940000,29223.89,29165,8047,29170,28844,29160,603,29155,22049
2020-06-08 09:34:51.640000,29223.89,29165,5026,29170,28844,29160,603,29155,22049
2020-06-08 09:34:52.340000,29223.89,29165,4992,29170,28844,29160,603,29155,22049
2020-06-08 09:34:53.090000,29223.89,29160,4397,29165,30034,29155,1012,29150,20763
2020-06-08 09:34:54.040000,29223.89,29160,4397,29165,30034,29150,20763,29145,17993
2020-06-08 09:34:54.930000,29223.89,29160,4397,29165,30034,29155,4998,29150,20763
2020-06-08 09:34:55.740000,29223.89,29160,6352,29165,20034,29155,4998,29150,20763
2020-06-08 09:34:56.430000,29223.89,29160,6352,29165,30034,29155,4998,29150,20763
2020-06-08 09:34:57.130000,29223.89,29170,6903,29175,29003,29165,4625,29160,26059
2020-06-08 09:34:57.830000,29223.89,29165,3266,29170,27001,29160,10007,29155,29083
2020-06-08 09:34:58.640000,29223.89,29165,4856,29170,27001,29160,10007,29155,29083
2020-06-08 09:34:59.440000,29223.89,29165,4856,29170,27001,29160,10007,29155,29083
2020-06-08 09:35:00.240000,29223.89,29165,4856,29170,28818,29160,5007,29155,21057
2020-06-08 09:35:00.940000,29206.05,29165,4856,29170,28818,29160,5007,29155,21057
2020-06-08 09:35:01.740000,29206.05,29160,2656,29165,29872,29150,20663,29145,17893
2020-06-08 09:35:02.440000,29206.05,29165,24942,29170,33764,29155,4998,29150,25661
2020-06-08 09:35:03.230000,29206.05,29165,5000,29170,28818,29155,21057,29150,14638
2020-06-08 09:35:03.940000,29206.05,29165,5000,29170,28818,29160,5050,29155,21057
2020-06-08 09:35:04.730000,29206.05,29165,8018,29170,28818,29160,50,29155,21057
2020-06-08 09:35:05.440000,29206.05,29160,4950,29165,29858,29155,4998,29150,23719
2020-06-08 09:35:06.140000,29206.05,29155,3988,29160,26823,29150,4624,29145,26952
2020-06-08 09:35:06.940000,29206.05,29155,3685,29160,26823,29150,102,29145,22352
2020-06-08 09:35:07.770000,29206.05,29155,3685,29160,26823,29150,4624,29145,22352
2020-06-08 09:35:08.440000,29206.05,29155,3685,29160,26823,29150,706,29145,22352
2020-06-08 09:35:09.130000,29206.05,29150,3697,29155,28734,29145,6293,29140,24766
2020-06-08 09:35:09.940000,29206.05,29150,3697,29155,28734,29145,6292,29140,21362
2020-06-08 09:35:11.440000,29198.36,29155,8741,29160,26823,29145,6292,29140,29401
2020-06-08 09:35:12.330000,29198.36,29150,10,29155,3722,29145,22351,29140,15342
2020-06-08 09:35:13.140000,29198.36,29150,26923,29155,33684,29145,1292,29140,5303
2020-06-08 09:35:13.940000,29198.36,29150,26923,29155,33684,29140,5303,29135,21194
2020-06-08 09:35:14.680000,29198.36,29145,8043,29150,26923,29140,283,29135,21194
2020-06-08 09:35:15.340000,29198.36,29145,7943,29150,26923,29140,283,29135,21194
2020-06-08 09:35:15.930000,29198.36,29150,26923,29155,33651,29140,5283,29135,21194
2020-06-08 09:35:16.670000,29198.36,29145,4900,29150,26923,29140,5283,29135,21194
2020-06-08 09:35:17.340000,29198.36,29150,10052,29155,28705,29140,19342,29135,15137
2020-06-08 09:35:18.040000,29198.36,29150,30,29155,28705,29145,5000,29140,21341
2020-06-08 09:35:18.740000,29198.36,29150,30,29155,28705,29145,5002,29140,21341
2020-06-08 09:35:19.420000,29198.36,29155,8721,29160,26823,29145,21061,29140,15288
2020-06-08 09:35:19.940000,29198.36,29155,28705,29160,31769,29145,3792,29140,24351
2020-06-08 09:35:20.640000,29198.03,29150,5000,29155,28705,29145,3792,29140,24355
2020-06-08 09:35:21.350000,29198.03,29160,27323,29165,36429,29150,5578,29145,19500
2020-06-08 09:35:22.030000,29198.03,29155,5000,29160,27323,29150,5578,29145,19500
2020-06-08 09:35:22.840000,29198.03,29160,20452,29165,31483,29155,452,29150,19637
2020-06-08 09:35:23.740000,29198.03,29155,50,29160,8452,29150,21637,29145,13486
2020-06-08 09:35:24.440000,29198.03,29160,10452,29165,31483,29155,4998,29150,21466
2020-06-08 09:35:25.240000,29198.03,29155,4657,29160,27399,29150,885,29145,19550
2020-06-08 09:35:26.040000,29198.03,29155,4657,29160,27399,29150,885,29145,19550
2020-06-08 09:35:26.780000,29198.03,29155,4657,29160,27899,29150,885,29145,19550
2020-06-08 09:35:27.440000,29198.03,29160,12845,29165,31484,29150,19466,29145,5491
2020-06-08 09:35:28.140000,29198.03,29155,4657,29160,27899,29150,885,29145,19560
2020-06-08 09:35:28.740000,29198.03,29155,4657,29160,27899,29150,5407,29145,19560
2020-06-08 09:35:29.450000,29198.03,29155,24741,29160,32845,29145,3501,29140,29363
2020-06-08 09:35:30.330000,29198.03,29150,4998,29155,29671,29145,5062,29140,21353
2020-06-08 09:35:31.070000,29185.12,29150,6096,29155,29671,29145,5062,29140,21353
2020-06-08 09:35:31.840000,29185.12,29150,1547,29155,29671,29145,5062,29140,21453
2020-06-08 09:35:32.530000,29185.12,29150,375,29155,29671,29145,5062,29140,24453
2020-06-08 09:35:33.240000,29185.12,29155,4663,29160,27899,29150,4522,29145,21121
2020-06-08 09:35:33.840000,29185.12,29155,7723,29160,27910,29145,21121,29140,15393
2020-06-08 09:35:34.430000,29185.12,29155,7723,29160,27910,29145,20773,29140,15393
2020-06-08 09:35:35.040000,29185.12,29155,4663,29160,27910,29150,4522,29145,20773
2020-06-08 09:35:35.660000,29185.12,29155,6,29160,11039,29150,8579,29145,16714
2020-06-08 09:35:36.330000,29185.12,29155,6,29160,11039,29150,18579,29145,11714
2020-06-08 09:35:36.940000,29185.12,29160,11039,29165,31484,29150,18179,29145,14728
2020-06-08 09:35:37.630000,29185.12,29160,11039,29165,31484,29155,10,29150,20179
2020-06-08 09:35:38.260000,29185.12,29160,11039,29165,31484,29150,4011,29145,28787
2020-06-08 09:35:38.940000,29185.12,29160,26093,29165,36430,29150,4011,29145,28787
2020-06-08 09:35:39.640000,29185.12,29160,27910,29165,36430,29150,3623,29145,23787
2020-06-08 09:35:40.350000,29185.12,29155,4657,29160,27910,29150,3623,29145,20773
2020-06-08 09:35:40.940000,29193.1,29160,12856,29165,31484,29150,17339,29145,6714
2020-06-08 09:35:41.740000,29193.1,29155,4506,29160,27910,29150,5000,29145,20801
2020-06-08 09:35:42.430000,29193.1,29155,4589,29160,27910,29150,5000,29145,20801
2020-06-08 09:35:43.130000,29193.1,29155,83,29160,11039,29150,19059,29145,14770
2020-06-08 09:35:43.740000,29193.1,29155,83,29160,26093,29150,5001,29145,28829
2020-06-08 09:35:44.440000,29193.1,29155,4589,29160,27910,29150,1,29145,20802
2020-06-08 09:35:45.120000,29193.1,29155,7614,29160,27910,29145,20767,29140,15560
2020-06-08 09:35:45.730000,29193.1,29155,9614,29160,27910,29150,98,29145,20767
2020-06-08 09:35:46.340000,29193.1,29155,9614,29160,27910,29150,98,29145,20767
2020-06-08 09:35:46.940000,29193.1,29155,9614,29160,27910,29150,99,29145,20767
2020-06-08 09:35:47.530000,29193.1,29155,9595,29160,27910,29150,99,29145,20767
2020-06-08 09:35:48.230000,29193.1,29155,9636,29160,27910,29150,103,29145,20767
2020-06-08 09:35:48.850000,29193.1,29155,10036,29160,27910,29150,103,29145,20767
2020-06-08 09:35:49.430000,29193.1,29155,10036,29160,27910,29150,103,29145,20767
2020-06-08 09:35:49.930000,29194.98,29155,9440,29160,27910,29150,103,29145,20767
2020-06-08 09:35:51.040000,29194.98,29155,9481,29160,27910,29150,103,29145,20767
2020-06-08 09:35:51.630000,29194.98,29160,9039,29165,31484,29155,156,29150,21162
2020-06-08 09:35:52.430000,29194.98,29155,4130,29160,27910,29150,3,29145,20768
2020-06-08 09:35:53.240000,29194.98,29155,4130,29160,27910,29150,3,29145,20769
2020-06-08 09:35:53.840000,29194.98,29155,29228,29160,32856,29145,4710,29140,24636
2020-06-08 09:35:54.640000,29194.98,29155,29228,29160,32856,29145,4710,29140,21636
2020-06-08 09:35:55.240000,29194.98,29155,29228,29160,32856,29150,100,29145,4710
2020-06-08 09:35:55.830000,29194.98,29150,5006,29155,29228,29145,4710,29140,21636
2020-06-08 09:35:56.530000,29194.98,29155,156,29160,27910,29150,5587,29145,20769
2020-06-08 09:35:57.250000,29194.98,29160,26093,29165,36430,29150,5587,29145,28794
2020-06-08 09:35:57.940000,29194.98,29155,3974,29160,27910,29150,587,29145,20769
2020-06-08 09:35:58.640000,29194.98,29155,5974,29160,27910,29150,1,29145,20769
2020-06-08 09:35:59.340000,29194.98,29155,29058,29160,32856,29145,4710,29140,24635
2020-06-08 09:36:00.130000,29194.98,29150,5166,29155,29058,29145,4720,29140,21635
2020-06-08 09:36:00.740000,29178.64,29150,161,29155,9074,29145,20779,29140,15574
2020-06-08 09:36:01.460000,29178.64,29155,9074,29160,27910,29145,18781,29140,15574
2020-06-08 09:36:02.240000,29178.64,29155,29058,29160,32856,29150,1971,29145,4722
2020-06-08 09:36:02.930000,29178.64,29155,29058,29160,32856,29150,99,29145,4742
2020-06-08 09:36:03.630000,29178.64,29160,27910,29165,36430,29150,5099,29145,20801
2020-06-08 09:36:04.340000,29178.64,29160,27910,29165,36430,29155,113,29150,5099
2020-06-08 09:36:05.120000,29178.64,29155,23958,29160,32856,29150,99,29145,4802
2020-06-08 09:36:05.840000,29178.64,29155,26981,29160,32856,29145,4802,29140,21636
2020-06-08 09:36:06.640000,29178.64,29155,26981,29160,32856,29145,4802,29140,21636
2020-06-08 09:36:07.340000,29178.64,29155,3974,29160,27910,29150,500,29145,18861
2020-06-08 09:36:08.140000,29178.64,29155,3974,29160,27910,29150,550,29145,4802
2020-06-08 09:36:08.760000,29178.64,29155,3974,29160,27960,29150,485,29145,4802
2020-06-08 09:36:09.440000,29178.64,29155,3974,29160,27960,29150,5485,29145,20861
2020-06-08 09:36:10.030000,29178.64,29155,8904,29160,27960,29150,5485,29145,20861
2020-06-08 09:36:10.640000,29177.12,29155,3974,29160,27960,29150,485,29145,18861
2020-06-08 09:36:11.350000,29177.12,29155,3974,29160,27960,29150,5485,29145,18861
2020-06-08 09:36:11.940000,29177.12,29155,3974,29160,27960,29150,5485,29145,18871
2020-06-08 09:36:12.730000,29177.12,29155,27016,29160,32906,29150,485,29145,4812
2020-06-08 09:36:13.450000,29177.12,29155,28984,29160,32906,29150,485,29145,4812
2020-06-08 09:36:14.940000,29177.12,29150,21805,29155,33930,29145,133,29140,5577
2020-06-08 09:36:15.730000,29177.12,29145,16900,29150,36649,29140,577,29135,11214
2020-06-08 09:36:16.530000,29177.12,29150,26649,29155,33930,29140,5527,29135,21214
2020-06-08 09:36:17.230000,29177.12,29150,26647,29155,33930,29140,5527,29135,21214
2020-06-08 09:36:17.840000,29177.12,29150,26210,29155,33930,29140,5527,29135,21214
2020-06-08 09:36:18.430000,29177.12,29150,26210,29155,33930,29140,5527,29135,21224
2020-06-08 09:36:19.140000,29177.12,29150,3516,29155,28984,29145,4679,29140,21586
2020-06-08 09:36:19.830000,29177.12,29150,3456,29155,28984,29145,4679,29140,21586
2020-06-08 09:36:20.340000,29177.12,29155,28984,29160,32906,29145,4679,29140,21636
2020-06-08 09:36:21.040000,29198.52,29150,5000,29155,28984,29145,4679,29140,21636
2020-06-08 09:36:21.840000,29198.52,29150,5000,29155,29054,29145,4679,29140,21636
2020-06-08 09:36:22.630000,29198.52,29150,26884,29155,34000,29140,5577,29135,24291
2020-06-08 09:36:23.450000,29198.52,29145,29930,29150,31829,29140,577,29135,5165
2020-06-08 09:36:24.040000,29198.52,29145,29930,29150,31829,29140,577,29135,5165
2020-06-08 09:36:24.740000,29198.52,29140,4909,29145,29930,29135,5165,29130,25461
2020-06-08 09:36:25.330000,29198.52,29140,4947,29145,29930,29135,5165,29130,25461
2020-06-08 09:36:26.030000,29198.52,29145,21954,29150,31829,29140,50,29135,5165
2020-06-08 09:36:26.830000,29198.52,29145,29884,29150,31829,29140,50,29135,5165
2020-06-08 09:36:29.240000,29198.52,29140,7,29145,29884,29135,5165,29130,25461
2020-06-08 09:36:29.940000,29198.52,29140,4909,29145,29591,29135,167,29130,22173
2020-06-08 09:36:30.740000,29173.81,29140,96,29145,29591,29135,5165,29130,22173
2020-06-08 09:36:31.740000,29173.81,29140,8058,29145,29591,29135,5165,29130,22173
2020-06-08 09:36:32.530000,29173.81,29140,12009,29145,29591,29135,167,29130,22173
2020-06-08 09:36:33.340000,29173.81,29140,10009,29145,29591,29135,5165,29130,22173
2020-06-08 09:36:34.140000,29173.81,29140,28880,29145,34537,29135,168,29130,6114
2020-06-08 09:36:35.040000,29173.81,29140,9828,29145,29591,29135,5166,29130,22173
2020-06-08 09:36:35.840000,29173.81,29140,4808,29145,29591,29135,5166,29130,22173
2020-06-08 09:36:36.430000,29173.81,29140,24865,29145,34537,29130,8114,29125,31012
2020-06-08 09:36:37.140000,29173.81,29135,3942,29140,26682,29130,1114,29125,21284
2020-06-08 09:36:37.730000,29173.81,29140,26682,29145,34537,29130,6114,29125,21284
2020-06-08 09:36:39.140000,29173.81,29135,3941,29140,26682,29130,6114,29125,21284
2020-06-08 09:36:39.740000,29173.81,29135,28934,29140,31628,29130,1114,29125,5235
2020-06-08 09:36:40.540000,29166.93,29135,6947,29140,26682,29130,6114,29125,21294
2020-06-08 09:36:41.340000,29166.93,29135,13877,29140,26682,29130,1114,29125,21294
2020-06-08 09:36:42.130000,29166.93,29135,3888,29140,26682,29130,6114,29125,21294
2020-06-08 09:36:42.860000,29166.93,29140,26682,29145,34537,29130,6114,29125,21294
2020-06-08 09:36:43.430000,29166.93,29140,26682,29145,34562,29130,6114,29125,21294
2020-06-08 09:36:44.740000,29166.93,29135,7029,29140,26732,29130,6039,29125,21294
2020-06-08 09:36:45.380000,29166.93,29135,4027,29140,26732,29130,6039,29125,21294
2020-06-08 09:36:45.940000,29166.93,29135,7074,29140,26732,29130,6039,29125,21294
2020-06-08 09:36:47.140000,29166.93,29135,7074,29140,26732,29130,687,29125,21294
2020-06-08 09:36:47.730000,29166.93,29135,6993,29140,26732,29130,600,29125,21294
2020-06-08 09:36:48.340000,29166.93,29135,48,29140,26732,29130,5580,29125,21314
2020-06-08 09:36:49.130000,29166.93,29145,9632,29150,26883,29140,1006,29135,21006
2020-06-08 09:36:49.840000,29166.93,29145,7638,29150,26883,29135,21006,29130,15718
2020-06-08 09:36:50.440000,29184.42,29145,4632,29150,26883,29140,5000,29135,21006
2020-06-08 09:36:51.240000,29184.42,29145,25,29150,26883,29140,5000,29135,21006
2020-06-08 09:36:51.940000,29184.42,29150,11829,29155,30535,29140,21058,29135,9950
2020-06-08 09:36:52.630000,29184.42,29150,8012,29155,30535,29145,4679,29140,21058
2020-06-08 09:36:53.350000,29184.42,29150,8012,29155,30535,29145,5555,29140,21058
2020-06-08 09:36:54.140000,29184.42,29150,11829,29155,30535,29145,1000,29140,21058
2020-06-08 09:36:54.840000,29184.42,29150,9829,29155,30535,29145,1000,29140,21058
2020-06-08 09:36:55.640000,29184.42,29150,27483,29155,35481,29145,1000,29140,4999
2020-06-08 09:36:56.230000,29184.42,29150,27410,29155,35482,29145,206,29140,4999
2020-06-08 09:36:56.930000,29184.42,29150,8539,29155,30536,29145,4419,29140,21058
2020-06-08 09:36:57.730000,29184.42,29150,9039,29155,30536,29145,4121,29140,21058
2020-06-08 09:36:58.430000,29184.42,29150,1101,29155,30536,29145,4121,29140,21058
2020-06-08 09:36:59.240000,29184.42,29155,71,29160,24242,29150,11032,29145,19144
2020-06-08 09:36:59.940000,29184.42,29160,12394,29165,31262,29150,21032,29145,14155
2020-06-08 09:37:00.840000,29165.98,29160,12432,29165,31262,29150,21034,29145,14155
2020-06-08 09:37:01.540000,29165.98,29160,10432,29165,31262,29150,21034,29145,14155
2020-06-08 09:37:02.340000,29165.98,29155,3888,29160,29303,29150,4955,29145,23214
2020-06-08 09:37:03.130000,29165.98,29160,10478,29165,31262,29155,1137,29150,21014
2020-06-08 09:37:03.830000,29165.98,29155,1982,29160,5875,29150,21013,29145,14155
2020-06-08 09:37:04.640000,29165.98,29160,5858,29165,31263,29150,21013,29145,14155
2020-06-08 09:37:05.240000,29165.98,29160,5858,29165,31264,29155,4947,29150,21013
2020-06-08 09:37:05.830000,29165.98,29160,5858,29165,31264,29155,4947,29150,21013
2020-06-08 09:37:06.440000,29165.98,29160,1051,29165,21280,29155,22411,29150,14958
2020-06-08 09:37:07.040000,29165.98,29165,9280,29170,30953,29160,17,29155,21011
2020-06-08 09:37:07.630000,29165.98,29165,4642,29170,30953,29160,4999,29155,20913
2020-06-08 09:37:08.240000,29165.98,29165,35,29170,30953,29160,6999,29155,23939
2020-06-08 09:37:09.040000,29165.98,29170,2130,29175,3892,29165,21543,29160,16451
2020-06-08 09:37:09.940000,29165.98,29175,8915,29180,28322,29170,1,29165,21513
2020-06-08 09:37:10.840000,29185.51,29175,8915,29180,28322,29170,5020,29165,21513
2020-06-08 09:37:11.740000,29185.51,29175,4,29180,13268,29170,19079,29165,10477
2020-06-08 09:37:12.540000,29185.51,29170,2500,29175,8912,29165,19513,29160,16461
2020-06-08 09:37:13.230000,29185.51,29175,4,29180,28322,29170,7350,29165,24547
2020-06-08 09:37:14.040000,29185.51,29175,3892,29180,28322,29170,2500,29165,21513
2020-06-08 09:37:14.860000,29185.51,29170,2500,29175,13834,29165,19513,29160,11463
2020-06-08 09:37:15.440000,29185.51,29170,2500,29175,8904,29165,19493,29160,16461
2020-06-08 09:37:16.140000,29185.51,29170,2351,29175,13834,29165,18093,29160,11434
2020-06-08 09:37:16.930000,29185.51,29175,8961,29180,28322,29170,5,29165,18093
2020-06-08 09:37:17.550000,29185.51,29175,8961,29180,28322,29170,5,29165,20093
2020-06-08 09:37:18.130000,29185.51,29170,2500,29175,23891,29165,8093,29160,21434
2020-06-08 09:37:18.830000,29185.51,29175,8961,29180,28322,29170,7515,29165,20494
2020-06-08 09:37:19.560000,29185.51,29175,18945,29180,33268,29170,2015,29165,4436
2020-06-08 09:37:20.030000,29185.51,29170,485,29175,28945,29165,4936,29160,25493
2020-06-08 09:37:20.720000,29204.77,29170,485,29175,28945,29165,4436,29160,25493
2020-06-08 09:37:21.240000,29204.77,29170,485,29175,28945,29165,4436,29160,25493
2020-06-08 09:37:21.830000,29204.77,29170,485,29175,28945,29165,4436,29160,25493
2020-06-08 09:37:22.630000,29204.77,29170,5410,29175,28945,29165,4437,29160,22468
2020-06-08 09:37:23.530000,29204.77,29170,10454,29175,28945,29165,363,29160,20468
2020-06-08 09:37:24.340000,29204.77,29170,10454,29175,28945,29165,4397,29160,22468
2020-06-08 09:37:25.040000,29204.77,29170,10454,29175,28945,29165,4447,29160,22468
2020-06-08 09:37:25.730000,29204.77,29170,10552,29175,28945,29165,4447,29160,22568
2020-06-08 09:37:27.040000,29204.77,29170,603,29175,28945,29165,4417,29160,22569
2020-06-08 09:37:27.540000,29204.77,29170,5528,29175,28945,29165,4076,29160,22569
2020-06-08 09:37:28.040000,29204.77,29170,5528,29175,28945,29165,4076,29160,22569
2020-06-08 09:37:28.630000,29204.77,29165,12468,29170,27402,29160,5110,29155,20908
2020-06-08 09:37:29.340000,29204.77,29165,32152,29170,32348,29155,4849,29150,24360
2020-06-08 09:37:30.140000,29193.21,29165,32152,29170,32348,29155,4849,29150,24360
2020-06-08 09:37:30.930000,29193.21,29165,31512,29170,32348,29160,50,29155,4762
2020-06-08 09:37:31.630000,29193.21,29160,26678,29165,26458,29155,2,29150,5276
2020-06-08 09:37:32.540000,29193.21,29155,28872,29160,31624,29150,276,29145,4028
2020-06-08 09:37:33.330000,29193.21,29145,117,29150,26696,29140,4999,29135,20821
2020-06-08 09:37:34.130000,29193.21,29150,26587,29155,33818,29140,4999,29135,20821
2020-06-08 09:37:34.810000,29193.21,29150,26579,29155,33818,29140,4999,29135,20821
2020-06-08 09:37:35.530000,29193.21,29150,25983,29155,33818,29140,4999,29135,20821
2020-06-08 09:37:36.140000,29193.21,29150,25983,29155,33818,29140,4999,29135,20821
2020-06-08 09:37:36.800000,29193.21,29150,25980,29155,33818,29145,1,29140,5001
2020-06-08 09:37:37.330000,29193.21,29150,25980,29155,33818,29140,5001,29135,20823
2020-06-08 09:37:37.910000,29193.21,29150,25480,29155,33818,29140,3524,29135,20823
2020-06-08 09:37:38.330000,29193.21,29145,3036,29150,25480,29140,3524,29135,20823
2020-06-08 09:37:38.980000,29193.21,29150,7925,29155,28872,29145,2067,29140,20983
2020-06-08 09:37:39.540000,29193.21,29155,8888,29160,26678,29150,1596,29145,40695
2020-06-08 09:37:40.230000,29193.21,29155,28872,29160,31624,29150,1,29145,24636
2020-06-08 09:37:40.930000,29192.22,29160,7807,29165,31097,29155,1093,29150,21059
2020-06-08 09:37:41.840000,29192.22,29160,7807,29165,31097,29155,4760,29150,21059
2020-06-08 09:37:42.640000,29192.22,29160,4807,29165,31097,29155,4760,29150,21059
2020-06-08 09:37:43.340000,29192.22,29165,4506,29170,29529,29160,5977,29155,22319
2020-06-08 09:37:44.040000,29192.22,29165,14572,29170,29529,29155,20319,29150,10024
2020-06-08 09:37:44.640000,29192.22,29165,14572,29170,29529,29160,343,29155,20319
2020-06-08 09:37:45.380000,29192.22,29170,29529,29175,35461,29160,6823,29155,25328
2020-06-08 09:37:45.630000,29192.22,29170,29529,29175,35461,29160,5313,29155,25328
2020-06-08 09:37:46.340000,29192.22,29165,4387,29170,29529,29160,5313,29155,25328
2020-06-08 09:37:46.740000,29192.22,29165,29375,29170,34475,29160,313,29155,6260
2020-06-08 09:37:47.340000,29192.22,29160,4807,29165,29344,29155,4760,29150,21059
2020-06-08 09:37:47.990000,29192.22,29165,29344,29170,34475,29155,4589,29150,24079
2020-06-08 09:37:48.640000,29192.22,29165,29349,29170,34475,29155,4589,29150,24079
2020-06-08 09:37:49.040000,29192.22,29165,29349,29170,34475,29155,4589,29150,24079
2020-06-08 09:37:49.640000,29192.22,29165,29349,29170,34476,29155,4589,29150,24079
2020-06-08 09:37:50.230000,29192.22,29165,29349,29170,34476,29155,4589,29150,24079
2020-06-08 09:37:50.840000,29196.93,29165,29349,29170,34476,29155,4589,29150,24079
2020-06-08 09:37:51.540000,29196.93,29160,4807,29165,29349,29155,4594,29150,24079
2020-06-08 09:37:52.230000,29196.93,29155,4381,29160,26686,29150,5000,29145,23407
2020-06-08 09:37:53.040000,29196.93,29155,8866,29160,26686,29145,23407,29140,17610
2020-06-08 09:37:53.740000,29196.93,29155,28750,29160,31632,29145,5948,29140,26671
2020-06-08 09:37:54.540000,29196.93,29155,8766,29160,26686,29145,22012,29140,17610
2020-06-08 09:37:55.340000,29196.93,29150,4425,29155,28750,29145,5953,29140,23633
2020-06-08 09:37:56.030000,29196.93,29150,40,29155,28746,29145,5953,29140,23633
2020-06-08 09:37:56.730000,29196.93,29150,9498,29155,28746,29145,4025,29140,22233
2020-06-08 09:37:57.540000,29196.93,29150,3072,29155,28746,29145,4026,29140,22233
2020-06-08 09:37:58.230000,29196.93,29155,6762,29160,26686,29150,17067,29145,21585
2020-06-08 09:37:59.040000,29196.93,29155,34,29160,26686,29150,22077,29145,21585
2020-06-08 09:37:59.730000,29196.93,29160,9815,29165,29349,29155,4589,29150,38136
2020-06-08 09:38:00.430000,29204.95,29160,26686,29165,34295,29150,22077,29145,24603
2020-06-08 09:38:01.130000,29204.95,29155,5000,29160,26686,29150,17077,29145,21585
2020-06-08 09:38:01.940000,29204.95,29155,30019,29160,31632,29150,17027,29145,5536
2020-06-08 09:38:02.830000,29204.95,29155,10035,29160,26686,29150,17027,29145,21595
2020-06-08 09:38:03.640000,29204.95,29160,26686,29165,34295,29150,22027,29145,21595
2020-06-08 09:38:04.430000,29204.95,29155,10008,29160,26686,29150,17032,29145,7536
2020-06-08 09:38:05.130000,29204.95,29155,30092,29160,31632,29150,17381,29145,5536
2020-06-08 09:38:05.830000,29204.95,29150,26499,29155,35038,29145,11,29140,6284
2020-06-08 09:38:06.440000,29204.95,29150,26495,29155,35038,29145,10011,29140,6284
2020-06-08 09:38:07.130000,29204.95,29150,26495,29155,35038,29145,9998,29140,6284
2020-06-08 09:38:07.830000,29204.95,29150,24495,29155,35038,29145,9998,29140,6284
2020-06-08 09:38:08.440000,29204.95,29150,24495,29155,35038,29145,10000,29140,6284
2020-06-08 09:38:09.140000,29204.95,29140,3817,29145,29366,29135,4622,29130,22202
2020-06-08 09:38:09.840000,29204.95,29145,29356,29150,29441,29140,934,29135,6522
2020-06-08 09:38:10.540000,29205.44,29150,24526,29155,35038,29140,6900,29135,22581
2020-06-08 09:38:11.130000,29205.44,29150,24526,29155,35038,29145,4025,29140,6900
2020-06-08 09:38:11.840000,29205.44,29145,29581,29150,29472,29140,1900,29135,6522
2020-06-08 09:38:12.630000,29205.44,29145,29581,29150,29472,29140,95,29135,6522
2020-06-08 09:38:13.330000,29205.44,29145,29581,29150,29472,29140,5008,29135,6522
2020-06-08 09:38:14.070000,29205.44,29145,29581,29150,29472,29140,4904,29135,6522
2020-06-08 09:38:14.630000,29205.44,29145,29581,29150,29472,29140,4904,29135,6522
2020-06-08 09:38:15.240000,29205.44,29145,3034,29150,24526,29140,4943,29135,22581
2020-06-08 09:38:15.940000,29205.44,29140,1817,29145,29323,29135,4621,29130,8041
2020-06-08 09:38:16.740000,29205.44,29140,26449,29145,34617,29135,32,29130,6041
2020-06-08 09:38:17.540000,29205.44,29135,14,29140,26439,29130,6041,29125,20514
2020-06-08 09:38:18.440000,29205.44,29135,29657,29140,31744,29130,6042,29125,6455
2020-06-08 09:38:19.330000,29205.44,29140,27680,29145,34617,29135,35,29130,6042
2020-06-08 09:38:20.340000,29205.44,29130,20331,29135,34933,29125,430,29120,7228
2020-06-08 09:38:21.440000,29186.89,29130,24995,29135,34933,29120,5124,29115,24167
2020-06-08 09:38:22.440000,29186.89,29130,24988,29135,34933,29125,340,29120,6924
2020-06-08 09:38:23.230000,29186.89,29125,28582,29130,30758,29120,528,29115,8108
2020-06-08 09:38:24.230000,29186.89,29120,170,29125,28582,29115,8108,29110,22381
2020-06-08 09:38:25.230000,29186.89,29130,24460,29135,34933,29120,6022,29115,25867
2020-06-08 09:38:26.040000,29186.89,29125,26524,29130,30230,29115,7050,29110,24149
2020-06-08 09:38:26.830000,29186.89,29125,28524,29130,30235,29115,5050,29110,21110
2020-06-08 09:38:27.630000,29186.89,29125,28524,29130,30235,29115,5100,29110,21110
2020-06-08 09:38:28.330000,29186.89,29125,28524,29130,30235,29115,5100,29110,21110
2020-06-08 09:38:29.030000,29186.89,29125,28524,29130,30235,29115,6696,29110,24111
2020-06-08 09:38:29.740000,29186.89,29125,28524,29130,30235,29115,4897,29110,21110
2020-06-08 09:38:30.440000,29186.89,29125,26537,29130,30235,29115,6897,29110,24131
2020-06-08 09:38:31.140000,29186.93,29125,28537,29130,30235,29115,6898,29110,24131
2020-06-08 09:38:32.390000,29186.93,29130,24465,29135,34933,29120,5000,29115,21142
2020-06-08 09:38:33.040000,29186.93,29130,24465,29135,34933,29120,5000,29115,22488
2020-06-08 09:38:33.740000,29186.93,29130,3099,29135,29163,29125,4025,29120,21588
2020-06-08 09:38:34.240000,29186.93,29130,3099,29135,29163,29125,4025,29120,21588
2020-06-08 09:38:34.880000,29186.93,29130,4993,29135,29132,29120,8800,29115,31532
2020-06-08 09:38:35.540000,29186.93,29130,24230,29135,34902,29120,7000,29115,31532
2020-06-08 09:38:36.230000,29186.93,29130,8000,29135,29132,29125,3993,29120,19788
2020-06-08 09:38:36.830000,29186.93,29125,3400,29130,24230,29120,7000,29115,31532
2020-06-08 09:38:37.440000,29186.93,29130,24373,29135,34902,29120,7000,29115,26532
2020-06-08 09:38:37.940000,29186.93,29130,24373,29135,34903,29120,5001,29115,26543
2020-06-08 09:38:38.630000,29186.93,29125,28545,29130,30143,29115,7711,29110,24246
2020-06-08 09:38:39.230000,29186.93,29125,28545,29130,30143,29115,5911,29110,24246
2020-06-08 09:38:39.930000,29166.19,29125,12315,29130,24373,29120,5002,29115,20699
2020-06-08 09:38:40.630000,29166.19,29125,3029,29130,24373,29120,5002,29115,20699
2020-06-08 09:38:41.300000,29166.19,29125,3029,29130,24373,29120,5002,29115,20709
2020-06-08 09:38:41.930000,29166.19,29135,29133,29140,31721,29125,3029,29120,19790
2020-06-08 09:38:42.730000,29166.19,29130,21366,29135,34903,29120,7002,29115,23805
2020-06-08 09:38:43.540000,29166.19,29130,24405,29135,34903,29120,5012,29115,21709
2020-06-08 09:38:44.130000,29166.19,29130,24405,29135,34903,29120,5056,29115,20665
2020-06-08 09:38:44.730000,29166.19,29125,28522,29130,30175,29120,54,29115,5907
2020-06-08 09:38:45.530000,29166.19,29125,9362,29130,24405,29120,5055,29115,20695
2020-06-08 09:38:46.240000,29166.19,29125,28550,29130,30175,29120,55,29115,5907
2020-06-08 09:38:46.940000,29166.19,29115,24520,29120,30278,29110,1472,29105,6968
2020-06-08 09:38:47.730000,29166.19,29115,8001,29120,24507,29110,6472,29105,19756
2020-06-08 09:38:48.440000,29166.19,29120,134,29125,28554,29115,4788,29110,31261
2020-06-08 09:38:49.230000,29166.19,29120,500,29125,28328,29115,6161,29110,34311
2020-06-08 09:38:49.840000,29166.19,29120,500,29125,28328,29115,6161,29110,31261
2020-06-08 09:38:50.540000,29176.63,29120,24819,29125,34098,29110,16473,29105,19652
2020-06-08 09:38:51.240000,29176.63,29120,24814,29125,34098,29110,16473,29105,22676
2020-06-08 09:38:51.930000,29176.63,29120,24814,29125,34098,29110,16473,29105,23676
2020-06-08 09:38:52.730000,29176.63,29115,4995,29120,24814,29110,16473,29105,19654
2020-06-08 09:38:53.440000,29176.63,29120,24814,29125,34098,29115,2,29110,16473
2020-06-08 09:38:54.130000,29176.63,29120,24814,29125,34098,29110,16473,29105,19654
2020-06-08 09:38:54.840000,29176.63,29115,29157,29120,30584,29110,11132,29105,4866
2020-06-08 09:38:55.480000,29176.63,29115,29157,29120,30584,29110,10943,29105,4866
2020-06-08 09:38:56.130000,29176.63,29115,28927,29120,30584,29110,10941,29105,4866
2020-06-08 09:38:56.840000,29176.63,29115,28927,29120,30584,29105,4866,29100,23354
2020-06-08 09:38:57.430000,29176.63,29115,27927,29120,30584,29110,50,29105,4866
2020-06-08 09:38:58.090000,29176.63,29115,27927,29120,30584,29110,50,29105,4523
2020-06-08 09:38:58.630000,29176.63,29110,500,29115,27927,29105,4523,29100,23355
2020-06-08 09:38:59.330000,29176.63,29110,497,29115,27927,29105,4523,29100,23355
2020-06-08 09:38:59.940000,29176.63,29115,27927,29120,30534,29110,4503,29105,4523
2020-06-08 09:39:00.540000,29176.37,29115,27927,29120,30534,29105,4523,29100,23355
2020-06-08 09:39:01.220000,29176.37,29115,27927,29120,30534,29105,4524,29100,23355
2020-06-08 09:39:01.730000,29176.37,29115,4980,29120,24764,29110,4332,29105,19310
2020-06-08 09:39:02.440000,29176.37,29115,49,29120,24764,29110,3832,29105,19310
2020-06-08 09:39:03.230000,29176.37,29115,27928,29120,30534,29105,4522,29100,26570
2020-06-08 09:39:03.930000,29176.37,29115,27928,29120,30534,29105,4522,29100,27570
2020-06-08 09:39:04.730000,29176.37,29110,24348,29115,33698,29105,529,29100,10667
2020-06-08 09:39:05.540000,29176.37,29110,24897,29115,33698,29105,529,29100,10667
2020-06-08 09:39:06.430000,29176.37,29105,17930,29110,34890,29100,8666,29095,10290
2020-06-08 09:39:07.240000,29176.37,29110,3666,29115,29158,29105,410,29100,22810
2020-06-08 09:39:08.130000,29176.37,29110,26118,29115,34928,29100,10023,29095,24351
2020-06-08 09:39:08.830000,29176.37,29110,1865,29115,29158,29105,5000,29100,22811
2020-06-08 09:39:09.640000,29176.37,29110,1865,29115,29158,29105,5000,29100,22811
2020-06-08 09:39:10.330000,29176.37,29115,3066,29120,24764,29110,3948,29105,19788
2020-06-08 09:39:11.150000,29151.64,29115,48,29120,24764,29110,3882,29105,22833
2020-06-08 09:39:11.940000,29151.64,29120,21742,29125,37502,29110,5877,29105,23833
2020-06-08 09:39:12.730000,29151.64,29120,419,29125,31732,29115,3917,29110,21694
2020-06-08 09:39:13.430000,29151.64,29120,420,29125,31735,29115,3916,29110,21747
2020-06-08 09:39:14.140000,29151.64,29120,420,29125,31735,29115,3916,29110,21747
2020-06-08 09:39:14.930000,29151.64,29125,1006,29130,25817,29120,4580,29115,21745
2020-06-08 09:39:15.630000,29151.64,29130,25812,29135,36502,29120,4580,29115,18703
2020-06-08 09:39:16.340000,29151.64,29130,25812,29135,36502,29120,4576,29115,18703
2020-06-08 09:39:17.140000,29151.64,29130,19582,29135,30732,29125,4771,29120,17364
2020-06-08 09:39:17.940000,29151.64,29130,2,29135,30732,29125,4771,29120,19364
2020-06-08 09:39:19.340000,29151.64,29130,2,29135,30732,29125,4766,29120,19364
2020-06-08 09:39:20.040000,29151.64,29130,23634,29135,36502,29120,6574,29115,22730
2020-06-08 09:39:20.630000,29164.85,29130,23634,29135,36502,29125,4766,29120,6574
2020-06-08 09:39:21.330000,29164.85,29130,3009,29135,30732,29125,4766,29120,19362
2020-06-08 09:39:22.040000,29164.85,29135,30732,29140,31687,29125,4766,29120,19362
2020-06-08 09:39:22.640000,29164.85,29135,30732,29140,31687,29125,4766,29120,19362
2020-06-08 09:39:23.230000,29164.85,29135,30732,29140,31687,29125,4767,29120,22373
2020-06-08 09:39:23.840000,29164.85,29135,30732,29140,31687,29125,4767,29120,23373
2020-06-08 09:39:24.440000,29164.85,29135,30732,29140,31687,29125,4767,29120,22382
2020-06-08 09:39:25.130000,29164.85,29130,9307,29135,30732,29125,4767,29120,4574
2020-06-08 09:39:25.840000,29164.85,29130,23630,29135,36502,29125,1,29120,4774
2020-06-08 09:39:26.540000,29164.85,29125,29503,29130,29400,29120,4774,29115,3935
2020-06-08 09:39:27.330000,29164.85,29125,10273,29130,23630,29120,4774,29115,18723
2020-06-08 09:39:28.140000,29164.85,29125,29493,29130,29400,29120,200,29115,3935
2020-06-08 09:39:28.830000,29164.85,29125,29493,29130,29400,29120,200,29115,3935
2020-06-08 09:39:29.640000,29164.85,29125,29293,29130,29400,29120,4774,29115,3935
2020-06-08 09:39:30.330000,29164.85,29120,114,29125,29287,29115,3935,29110,18683
2020-06-08 09:39:31.140000,29159.87,29120,200,29125,29287,29115,3935,29110,18683
2020-06-08 09:39:31.840000,29159.87,29120,3301,29125,29287,29115,3935,29110,18683
2020-06-08 09:39:32.630000,29159.87,29120,24531,29125,35057,29115,20,29110,3895
2020-06-08 09:39:33.340000,29159.87,29115,29435,29120,30472,29110,68,29105,4816
2020-06-08 09:39:34.130000,29159.87,29115,29433,29120,30472,29110,68,29105,4816
2020-06-08 09:39:34.730000,29159.87,29115,29433,29120,30472,29110,68,29105,4816
2020-06-08 09:39:35.440000,29159.87,29110,23556,29115,35202,29105,350,29100,9649
2020-06-08 09:39:36.240000,29159.87,29110,23433,29115,35202,29105,350,29100,9649
2020-06-08 09:39:37.030000,29159.87,29110,23526,29115,35202,29105,350,29100,7649
2020-06-08 09:39:38.440000,29159.87,29110,23526,29115,35202,29105,350,29100,7649
2020-06-08 09:39:39.140000,29159.87,29110,23496,29115,35202,29105,350,29100,7650
