time,nav,sell1,sell1_cnt,sell2,sell2_cnt,buy1,buy1_cnt,buy2,buy2_cnt
2020-06-12 09:46:49.56,0.0,27835,2496,27840,32749,27830,6051,27825,18816
2020-06-12 09:46:50.47,0.0,27845,44754,27850,20658,27835,7919,27830,16051
2020-06-12 09:46:51.37,27872.75,27845,33252,27850,20658,27835,7909,27830,19065
2020-06-12 09:46:52.26,27872.75,27845,33252,27850,20658,27835,7909,27830,20265
2020-06-12 09:46:53.37,27872.75,27845,30220,27850,20658,27835,7884,27830,20265
2020-06-12 09:46:54.43,27872.75,27845,30220,27850,20658,27835,7884,27830,20265
2020-06-12 09:46:55.17,27872.75,27845,2,27850,35045,27840,6100,27835,20905
2020-06-12 09:46:56.06,27872.75,27845,30220,27850,20658,27840,1200,27835,7884
2020-06-12 09:46:57.13,27872.75,27840,32268,27845,18884,27835,2465,27830,6051
2020-06-12 09:46:58.73,27872.75,27840,34528,27845,18884,27835,262,27830,6051
2020-06-12 09:46:59.16,27872.75,27840,34528,27845,18884,27830,6051,27825,16011
2020-06-12 09:47:00.16,27896.21,27835,5268,27840,34528,27830,6524,27825,16011
2020-06-12 09:47:01.06,27896.21,27835,29654,27840,20141,27830,473,27825,6011
2020-06-12 09:47:01.97,27896.21,27830,217,27835,32678,27825,6011,27820,20942
2020-06-12 09:47:02.86,27896.21,27830,217,27835,32678,27825,6012,27820,20942
2020-06-12 09:47:03.76,27896.21,27830,30552,27835,18291,27825,51,27820,7674
2020-06-12 09:47:04.76,27896.21,27830,20553,27835,18291,27825,51,27820,7674
2020-06-12 09:47:05.67,27896.21,27825,5832,27830,30551,27820,7674,27815,20732
2020-06-12 09:47:06.56,27896.21,27830,33448,27835,18295,27820,7819,27815,19124
2020-06-12 09:47:07.56,27896.21,27830,6050,27835,32682,27825,5961,27820,7819
2020-06-12 09:47:08.47,27896.21,27830,30436,27835,18295,27820,7724,27815,19124
2020-06-12 09:47:09.47,27896.21,27830,33423,27835,18295,27820,7894,27815,19124
2020-06-12 09:47:10.47,27896.21,27825,5832,27830,33483,27820,7894,27815,16111
2020-06-12 09:47:11.36,27888.73,27830,6091,27835,32682,27825,9742,27820,17894
2020-06-12 09:47:12.47,27888.73,27830,161,27835,32682,27825,5761,27820,17894
2020-06-12 09:47:13.46,27888.73,27830,4,27835,32678,27825,5766,27820,20935
2020-06-12 09:47:14.35,27888.73,27835,32678,27840,20141,27825,5766,27820,20942
2020-06-12 09:47:15.37,27888.73,27830,2,27835,32683,27825,5766,27820,20942
2020-06-12 09:47:16.17,27888.73,27835,5,27840,34535,27830,6058,27825,15776
2020-06-12 09:47:17.17,27888.73,27835,32703,27840,20148,27830,23,27825,5776
2020-06-12 09:47:18.17,27888.73,27835,32703,27840,20148,27830,73,27825,5776
2020-06-12 09:47:18.96,27888.73,27830,20301,27835,18316,27825,5776,27820,7899
2020-06-12 09:47:19.87,27888.73,27830,20301,27835,18316,27825,5776,27820,7899
2020-06-12 09:47:20.56,27869.14,27830,5914,27835,32703,27825,5776,27820,17899
2020-06-12 09:47:21.37,27869.14,27830,20301,27835,18316,27825,5776,27820,7899
2020-06-12 09:47:22.26,27869.14,27835,5272,27840,44535,27830,3504,27825,15776
2020-06-12 09:47:23.26,27869.14,27835,29663,27840,30148,27830,100,27825,6775
2020-06-12 09:47:24.26,27869.14,27840,34162,27845,18994,27830,5661,27825,19670
2020-06-12 09:47:25.05,27869.14,27840,34162,27845,18994,27830,5564,27825,19770
2020-06-12 09:47:25.96,27869.14,27840,34181,27845,18994,27830,5614,27825,19773
2020-06-12 09:47:26.87,27869.14,27840,34181,27845,18994,27835,3200,27830,6814
2020-06-12 09:47:27.66,27869.14,27835,27231,27840,19794,27830,1264,27825,6878
2020-06-12 09:47:28.66,27869.14,27835,5268,27840,30919,27830,6815,27825,16878
2020-06-12 09:47:29.66,27869.14,27840,30919,27845,18994,27835,1287,27830,5615
2020-06-12 09:47:30.66,27888.72,27840,30919,27845,18994,27830,5585,27825,16878
2020-06-12 09:47:31.57,27888.72,27840,30929,27845,18994,27830,5580,27825,17878
2020-06-12 09:47:32.57,27888.72,27840,30929,27845,18994,27830,5640,27825,20914
2020-06-12 09:47:33.57,27888.72,27835,26392,27840,21540,27830,60,27825,7249
2020-06-12 09:47:34.57,27888.72,27835,100,27840,32665,27830,5617,27825,20323
2020-06-12 09:47:35.46,27888.72,27835,100,27840,32665,27830,5717,27825,17249
2020-06-12 09:47:36.46,27888.72,27840,32665,27845,18994,27830,6787,27825,20297
2020-06-12 09:47:37.36,27888.72,27840,32665,27845,18994,27830,6787,27825,21297
2020-06-12 09:47:38.16,27888.72,27840,32665,27845,18994,27830,6837,27825,20297
2020-06-12 09:47:39.07,27888.72,27840,1753,27845,30119,27835,6100,27830,19870
2020-06-12 09:47:40.07,27888.72,27845,2083,27850,35690,27840,6427,27835,16100
2020-06-12 09:47:41.07,27881.88,27850,35690,27855,29884,27840,6417,27835,20337
2020-06-12 09:47:41.96,27881.88,27855,34938,27860,30785,27850,4932,27845,5761
2020-06-12 09:47:43.06,27881.88,27850,30219,27855,19884,27840,6467,27835,20337
2020-06-12 09:47:44.06,27881.88,27850,30219,27855,19884,27845,5760,27840,6687
2020-06-12 09:47:45.06,27881.88,27855,34004,27860,20785,27845,5760,27840,19705
2020-06-12 09:47:45.97,27881.88,27850,10,27855,34004,27845,5407,27840,16587
2020-06-12 09:47:46.78,27881.88,27850,10,27855,34004,27845,4946,27840,16587
2020-06-12 09:47:47.66,27881.88,27850,9,27855,34004,27845,4946,27840,19647
2020-06-12 09:47:48.47,27881.88,27850,9,27855,34004,27845,4946,27840,20647
2020-06-12 09:47:49.27,27881.88,27855,34004,27860,20785,27845,4946,27840,20647
2020-06-12 09:47:50.06,27885.3,27850,100,27855,34004,27845,9946,27840,20647
2020-06-12 09:47:50.97,27885.3,27855,10020,27860,34905,27850,5530,27845,20441
2020-06-12 09:47:51.97,27885.3,27855,29408,27860,20785,27850,123,27845,10441
2020-06-12 09:47:53.06,27885.3,27855,21,27860,34905,27850,5553,27845,20541
2020-06-12 09:47:54.17,27885.3,27855,29407,27860,20785,27850,5553,27845,10541
2020-06-12 09:47:55.17,27885.3,27860,6205,27865,44919,27855,871,27850,12603
2020-06-12 09:47:56.17,27885.3,27860,30324,27865,20799,27850,2604,27845,23545
2020-06-12 09:47:57.17,27885.3,27860,30305,27865,20799,27850,2604,27845,24546
2020-06-12 09:47:58.06,27885.3,27860,30305,27865,20799,27850,2604,27845,24546
2020-06-12 09:47:58.97,27885.3,27860,33397,27865,20799,27850,6151,27845,20542
2020-06-12 09:47:59.76,27885.3,27860,33380,27865,20799,27850,6152,27845,23690
2020-06-12 09:48:00.67,27887.53,27855,19389,27860,19262,27850,6152,27845,5542
2020-06-12 09:48:01.67,27887.53,27855,29370,27860,19262,27850,52,27845,5542
2020-06-12 09:48:02.56,27887.53,27855,5251,27860,33382,27850,6152,27845,15542
2020-06-12 09:48:03.46,27887.53,27860,68,27865,34919,27855,5102,27850,16152
2020-06-12 09:48:04.56,27887.53,27860,68,27865,34919,27855,5102,27850,16152
2020-06-12 09:48:05.46,27887.53,27860,34,27865,34919,27855,5102,27850,17152
2020-06-12 09:48:06.46,27887.53,27860,6134,27865,34919,27855,5102,27850,16152
2020-06-12 09:48:07.46,27887.53,27860,33,27865,34919,27855,5152,27850,19110
2020-06-12 09:48:08.36,27887.53,27860,33,27865,34919,27855,5152,27850,20111
2020-06-12 09:48:09.36,27887.53,27860,33266,27865,20799,27855,52,27850,6103
2020-06-12 09:48:10.27,27887.53,27860,33266,27865,20799,27855,52,27850,6123
2020-06-12 09:48:11.16,27887.73,27860,33267,27865,20799,27855,52,27850,6123
2020-06-12 09:48:11.96,27887.73,27860,33567,27865,20799,27855,52,27850,6123
2020-06-12 09:48:12.86,27887.73,27860,33561,27865,20799,27855,82,27850,6123
2020-06-12 09:48:13.66,27887.73,27865,34919,27870,20917,27860,1026,27855,5202
2020-06-12 09:48:14.77,27887.73,27860,32174,27865,18359,27855,102,27850,6128
2020-06-12 09:48:16.06,27887.73,27860,7100,27865,33413,27855,5202,27850,6133
2020-06-12 09:48:17.16,27887.73,27860,990,27865,33413,27855,5202,27850,16138
2020-06-12 09:48:18.17,27887.73,27860,990,27865,33413,27855,4955,27850,16138
2020-06-12 09:48:19.26,27887.73,27865,33413,27870,20917,27860,57,27855,4955
2020-06-12 09:48:20.26,27895.29,27870,35971,27875,29942,27860,3669,27855,18964
2020-06-12 09:48:21.36,27895.29,27870,35971,27875,19942,27860,3669,27855,18965
2020-06-12 09:48:22.47,27895.29,27865,30394,27870,20917,27860,50,27855,4947
2020-06-12 09:48:23.47,27895.29,27865,30394,27870,20917,27860,49,27855,4947
2020-06-12 09:48:24.36,27895.29,27865,20395,27870,20917,27860,150,27855,4947
2020-06-12 09:48:25.17,27895.29,27870,35971,27875,29942,27860,5720,27855,14947
2020-06-12 09:48:25.98,27895.29,27865,30394,27870,20917,27855,4947,27850,20139
2020-06-12 09:48:26.86,27895.29,27865,30394,27870,20917,27855,4997,27850,20139
2020-06-12 09:48:27.76,27895.29,27860,300,27865,30394,27855,4993,27850,20139
2020-06-12 09:48:28.57,27895.29,27870,35971,27875,29942,27860,5708,27855,14993
2020-06-12 09:48:29.37,27895.29,27870,35971,27875,29942,27860,5708,27855,14998
2020-06-12 09:48:30.26,27895.29,27865,5341,27870,35971,27860,6707,27855,4998
2020-06-12 09:48:31.16,27898.5,27870,35971,27875,19942,27860,6488,27855,14998
2020-06-12 09:48:32.07,27898.5,27870,35971,27875,19942,27860,6488,27855,18063
2020-06-12 09:48:32.96,27898.5,27870,35971,27875,19942,27860,3488,27855,18063
2020-06-12 09:48:33.75,27898.5,27870,35971,27875,19942,27860,3488,27855,19063
2020-06-12 09:48:34.66,27898.5,27870,215,27875,34996,27865,4724,27860,13489
2020-06-12 09:48:35.66,27898.5,27875,25340,27880,20946,27865,4724,27860,16502
2020-06-12 09:48:36.66,27898.5,27875,25340,27880,20946,27870,5385,27865,4724
2020-06-12 09:48:37.66,27898.5,27870,35872,27875,13304,27860,3536,27855,18242
2020-06-12 09:48:38.77,27898.5,27870,35628,27875,13304,27860,3730,27855,15182
2020-06-12 09:48:39.77,27898.5,27875,28358,27880,30946,27865,4724,27860,16755
2020-06-12 09:48:40.66,27914.98,27880,46000,27885,20018,27870,5385,27865,17748
2020-06-12 09:48:41.56,27914.98,27880,36000,27885,20018,27870,6920,27865,19948
2020-06-12 09:48:42.36,27914.98,27880,36000,27885,20018,27870,6920,27865,16944
2020-06-12 09:48:43.36,27914.98,27880,36000,27885,20018,27870,6920,27865,15944
2020-06-12 09:48:44.16,27914.98,27875,58,27880,36000,27870,6410,27865,19949
2020-06-12 09:48:46.06,27914.98,27875,58,27880,36000,27870,6514,27865,15944
2020-06-12 09:48:46.97,27914.98,27880,231,27885,35072,27875,4967,27870,19558
2020-06-12 09:48:47.87,27914.98,27880,31364,27885,20018,27875,25,27870,6556
2020-06-12 09:48:48.67,27914.98,27880,34413,27885,20018,27875,8,27870,6258
2020-06-12 09:48:49.56,27914.98,27875,6100,27880,34407,27870,6263,27865,5944
2020-06-12 09:48:50.47,27897.17,27880,34407,27885,20018,27870,6263,27865,15944
2020-06-12 09:48:51.36,27897.17,27880,204,27885,35072,27875,4942,27870,19268
2020-06-12 09:48:52.26,27897.17,27880,31357,27885,20018,27870,6263,27865,17793
2020-06-12 09:48:53.15,27897.17,27880,31357,27885,20018,27870,6263,27865,17793
2020-06-12 09:48:53.86,27897.17,27880,31357,27885,20020,27875,4516,27870,6264
2020-06-12 09:48:54.67,27897.17,27880,190,27885,30586,27875,4516,27870,19298
2020-06-12 09:48:55.56,27897.17,27880,190,27885,33589,27875,4516,27870,19298
2020-06-12 09:48:56.36,27897.17,27880,31442,27885,18574,27870,6264,27865,17793
2020-06-12 09:48:57.26,27897.17,27875,31151,27880,19392,27870,1393,27865,4755
2020-06-12 09:48:58.26,27897.17,27875,34151,27880,19492,27870,150,27865,4755
2020-06-12 09:48:59.17,27897.17,27870,1037,27875,34151,27865,4755,27860,17628
2020-06-12 09:48:59.96,27897.17,27875,6098,27880,34546,27870,4987,27865,14805
2020-06-12 09:49:00.87,27920.05,27875,31153,27880,19492,27870,112,27865,4805
2020-06-12 09:49:01.87,27920.05,27875,31291,27880,19492,27870,110,27865,4805
2020-06-12 09:49:02.76,27920.05,27875,34332,27880,19492,27865,4805,27860,17628
2020-06-12 09:49:03.67,27920.05,27870,5794,27875,34332,27865,81,27860,3603
2020-06-12 09:49:04.46,27920.05,27875,34332,27880,19492,27865,4905,27860,3603
2020-06-12 09:49:05.36,27920.05,27875,34332,27880,29492,27865,4905,27860,13603
2020-06-12 09:49:06.26,27920.05,27870,21014,27875,19278,27865,4905,27860,3603
2020-06-12 09:49:07.16,27920.05,27870,31013,27875,19276,27865,179,27860,3603
2020-06-12 09:49:08.07,27920.05,27865,5520,27870,33999,27860,1118,27855,6197
2020-06-12 09:49:08.96,27920.05,27870,33499,27875,19276,27860,7218,27855,16197
2020-06-12 09:49:09.86,27920.05,27865,30252,27870,18444,27860,20,27855,6197
2020-06-12 09:49:10.75,27903.01,27865,33300,27870,18444,27855,6197,27850,20431
2020-06-12 09:49:11.57,27903.01,27865,20,27870,33498,27860,5218,27855,16197
2020-06-12 09:49:12.66,27903.01,27865,19,27870,33498,27860,5228,27855,16197
2020-06-12 09:49:13.57,27903.01,27865,19,27870,33498,27860,5228,27855,16197
2020-06-12 09:49:14.46,27903.01,27865,39,27870,33498,27860,5217,27855,16197
2020-06-12 09:49:15.36,27903.01,27865,28,27870,33528,27860,5268,27855,16147
2020-06-12 09:49:16.27,27903.01,27865,30280,27870,18479,27860,61,27855,6147
2020-06-12 09:49:17.27,27903.01,27865,29922,27870,18479,27855,6147,27850,20431
2020-06-12 09:49:18.16,27903.01,27865,29922,27870,18479,27855,6570,27850,20456
2020-06-12 09:49:19.06,27903.01,27865,29928,27870,18479,27855,6570,27850,20456
2020-06-12 09:49:19.88,27924.05,27865,29928,27870,18479,27855,6570,27850,20456
2020-06-12 09:49:20.66,27924.05,27865,153,27870,33533,27860,5207,27855,16570
2020-06-12 09:49:21.56,27924.05,27865,153,27870,33533,27860,5207,27855,16560
2020-06-12 09:49:22.47,27924.05,27865,153,27870,33533,27860,5358,27855,17162
2020-06-12 09:49:23.27,27924.05,27865,590,27870,33533,27860,5358,27855,20216
2020-06-12 09:49:24.16,27924.05,27870,35,27875,34202,27865,4134,27860,15408
2020-06-12 09:49:24.97,27924.05,27875,34198,27880,19594,27865,4453,27860,15059
2020-06-12 09:49:25.86,27924.05,27875,34198,27880,19570,27865,3493,27860,18128
2020-06-12 09:49:26.65,27924.05,27875,10,27880,34620,27870,4875,27865,13493
2020-06-12 09:49:27.56,27924.05,27870,40,27875,34225,27865,3493,27860,19138
2020-06-12 09:49:28.56,27924.05,27875,34225,27880,19570,27865,3493,27860,19138
2020-06-12 09:49:29.47,27924.05,27875,6107,27880,34620,27870,4875,27865,13503
2020-06-12 09:49:30.36,27924.05,27875,31156,27880,19570,27865,3513,27860,19138
2020-06-12 09:49:31.26,27913.0,27870,29294,27875,19130,27865,41,27860,5069
2020-06-12 09:49:32.26,27913.0,27875,16,27880,34620,27870,27570,27865,19059
2020-06-12 09:49:33.17,27913.0,27880,34620,27885,29636,27875,2480,27870,25317
2020-06-12 09:49:33.97,27913.0,27880,34620,27885,19636,27875,2480,27870,25317
2020-06-12 09:49:34.67,27913.0,27880,34600,27885,19636,27875,2530,27870,25317
2020-06-12 09:49:35.36,27913.0,27875,31137,27880,19550,27870,19400,27865,6171
2020-06-12 09:49:36.26,27913.0,27875,29184,27880,19550,27870,19400,27865,6171
2020-06-12 09:49:37.06,27913.0,27870,39826,27875,16988,27865,71,27860,5069
2020-06-12 09:49:37.96,27913.0,27870,6469,27875,32038,27865,6102,27860,15045
2020-06-12 09:49:38.87,27913.0,27870,700,27875,32038,27865,6098,27860,19093
2020-06-12 09:49:39.76,27913.0,27875,13982,27880,34600,27870,4875,27865,16098
2020-06-12 09:49:40.56,27908.32,27875,29032,27880,19550,27865,6098,27860,18048
2020-06-12 09:49:41.56,27908.32,27880,34600,27885,19586,27870,4883,27865,15365
2020-06-12 09:49:42.56,27908.32,27880,34600,27885,19586,27870,4883,27865,18415
2020-06-12 09:49:43.46,27908.32,27880,34599,27885,19586,27870,4933,27865,15375
2020-06-12 09:49:44.37,27908.32,27875,11150,27880,29549,27870,4933,27865,5375
2020-06-12 09:49:45.16,27908.32,27875,34186,27880,19549,27870,108,27865,5475
2020-06-12 09:49:46.05,27908.32,27875,34209,27880,19549,27865,5476,27860,19049
2020-06-12 09:49:46.87,27908.32,27870,31099,27875,19159,27865,127,27860,5048
2020-06-12 09:49:47.76,27908.32,27875,34209,27880,29549,27865,5486,27860,18058
2020-06-12 09:49:48.57,27908.32,27875,34209,27880,29549,27865,5486,27860,15048
2020-06-12 09:49:49.37,27908.32,27875,31147,27880,19549,27865,5486,27860,18069
2020-06-12 09:49:50.16,27908.32,27875,31147,27880,19549,27865,5486,27860,18069
2020-06-12 09:49:51.66,27930.08,27875,31137,27880,19549,27865,5486,27860,19069
2020-06-12 09:49:52.46,27930.08,27875,34186,27880,19549,27865,5486,27860,19069
2020-06-12 09:49:53.26,27930.08,27875,31124,27880,19577,27870,4875,27865,5486
2020-06-12 09:49:54.07,27930.08,27875,21198,27880,19577,27870,4875,27865,5666
2020-06-12 09:49:54.86,27930.08,27875,71,27880,34627,27870,4882,27865,15677
2020-06-12 09:49:55.66,27930.08,27875,31193,27880,19577,27870,57,27865,5677
2020-06-12 09:49:56.46,27930.08,27870,760,27875,31193,27865,5677,27860,19074
2020-06-12 09:49:57.36,27930.08,27875,31192,27880,19577,27865,5677,27860,19074
2020-06-12 09:49:58.16,27930.08,27875,33781,27880,19577,27865,5677,27860,19074
2020-06-12 09:49:59.07,27930.08,27875,36785,27880,19577,27865,5542,27860,15053
2020-06-12 09:50:00.07,27930.08,27870,34125,27875,21735,27860,5053,27855,20215
2020-06-12 09:50:01.07,27905.59,27875,34305,27880,19577,27865,2554,27860,18146
2020-06-12 09:50:02.07,27905.59,27870,31181,27875,19255,27860,5057,27855,20215
2020-06-12 09:50:02.86,27905.59,27870,34225,27875,19255,27860,5057,27855,20215
2020-06-12 09:50:03.77,27905.59,27865,29858,27870,19175,27860,78,27855,6167
2020-06-12 09:50:04.66,27905.59,27870,34225,27875,19255,27860,5057,27855,16167
2020-06-12 09:50:05.56,27905.59,27865,29860,27870,19175,27860,5057,27855,6167
2020-06-12 09:50:06.45,27905.59,27865,4811,27870,34225,27860,5058,27855,16167
2020-06-12 09:50:07.36,27905.59,27865,29840,27870,19175,27860,179,27855,6168
2020-06-12 09:50:08.06,27905.59,27870,34225,27875,19255,27860,5158,27855,19201
2020-06-12 09:50:08.97,27905.59,27870,34225,27875,19255,27865,180,27860,5158
2020-06-12 09:50:09.86,27905.59,27865,33000,27870,19175,27860,179,27855,6168
2020-06-12 09:50:10.66,27909.28,27865,32900,27870,19175,27855,6168,27850,19692
2020-06-12 09:50:11.47,27909.28,27865,29900,27870,19175,27855,6168,27850,19692
2020-06-12 09:50:12.37,27909.28,27865,32948,27870,19175,27855,6168,27850,19692
2020-06-12 09:50:13.17,27909.28,27855,917,27860,31149,27850,5176,27845,20827
2020-06-12 09:50:13.97,27909.28,27855,917,27860,34181,27850,5176,27845,20827
2020-06-12 09:50:14.86,27909.28,27855,2,27860,31149,27850,5176,27845,21827
2020-06-12 09:50:15.97,27909.28,27865,29900,27870,29175,27855,5118,27850,18217
2020-06-12 09:50:17.06,27909.28,27865,4851,27870,44227,27860,9668,27855,15118
2020-06-12 09:50:18.06,27909.28,27870,34227,27875,19255,27860,9718,27855,19153
2020-06-12 09:50:18.76,27909.28,27870,34208,27875,19255,27860,9718,27855,19153
2020-06-12 09:50:19.56,27909.28,27870,34208,27875,19255,27860,9718,27855,19153
2020-06-12 09:50:20.26,27909.28,27870,34208,27875,19255,27860,9720,27855,19153
2020-06-12 09:50:21.17,27911.23,27870,31373,27875,19255,27860,9720,27855,19153
2020-06-12 09:50:22.06,27911.23,27870,292,27875,34305,27865,6100,27860,22671
2020-06-12 09:50:22.97,27911.23,27875,159,27880,36131,27870,4769,27865,19130
2020-06-12 09:50:23.87,27911.23,27875,149,27880,31625,27870,4769,27865,20130
2020-06-12 09:50:24.86,27911.23,27875,2,27880,34662,27870,4769,27865,20130
2020-06-12 09:50:25.85,27911.23,27875,31123,27880,19612,27870,4769,27865,6097
2020-06-12 09:50:26.67,27911.23,27875,31123,27880,19612,27865,6101,27860,23672
2020-06-12 09:50:28.26,27911.23,27875,6074,27880,34662,27870,4769,27865,6101
2020-06-12 09:50:29.06,27911.23,27875,6074,27880,34662,27870,4769,27865,16101
2020-06-12 09:50:29.96,27911.23,27875,9,27880,34664,27870,4769,27865,16101
2020-06-12 09:50:30.76,27911.15,27875,9,27880,34664,27870,4769,27865,16101
2020-06-12 09:50:31.67,27911.15,27875,31131,27880,19614,27870,15,27865,6101
2020-06-12 09:50:32.56,27911.15,27875,6,27880,34664,27870,4784,27865,16101
2020-06-12 09:50:33.57,27911.15,27875,6079,27880,34664,27870,4784,27865,6101
2020-06-12 09:50:34.46,27911.15,27875,31120,27880,19614,27865,5964,27860,23672
2020-06-12 09:50:35.36,27911.15,27880,34664,27885,19494,27870,4969,27865,15964
2020-06-12 09:50:36.27,27911.15,27880,6578,27885,34544,27875,4868,27870,3769
2020-06-12 09:50:37.16,27911.15,27885,29935,27890,30734,27880,4502,27875,4868
2020-06-12 09:50:38.36,27911.15,27885,215,27890,35784,27880,5251,27875,15868
2020-06-12 09:50:39.47,27911.15,27890,35784,27895,20920,27885,709,27880,5251
2020-06-12 09:50:40.47,27920.63,27885,4671,27890,34538,27880,6100,27875,14868
2020-06-12 09:50:41.37,27920.63,27890,34538,27895,20920,27880,6100,27875,17908
2020-06-12 09:50:42.26,27920.63,27890,7,27895,35970,27885,9160,27880,16150
2020-06-12 09:50:43.46,27920.63,27890,6025,27895,35970,27885,9160,27880,6150
2020-06-12 09:50:44.57,27920.63,27895,35970,27900,21094,27885,9160,27880,19230
2020-06-12 09:50:45.57,27920.63,27895,226,27900,36144,27890,6100,27885,19160
2020-06-12 09:50:46.46,27920.63,27900,36144,27905,19405,27890,6100,27885,22178
2020-06-12 09:50:47.36,27920.63,27900,378,27905,34455,27895,4867,27890,19121
2020-06-12 09:50:48.26,27920.63,27905,24781,27910,35261,27895,4917,27890,19121
2020-06-12 09:50:49.16,27920.63,27905,4722,27910,33642,27900,6100,27895,15917
2020-06-12 09:50:50.07,27920.63,27905,100,27910,30641,27900,6096,27895,19036
2020-06-12 09:50:50.86,27942.34,27905,93,27910,33663,27900,6096,27895,19036
2020-06-12 09:50:51.66,27942.34,27910,272,27915,35931,27905,5867,27900,19151
2020-06-12 09:50:52.66,27942.34,27910,272,27915,35931,27905,5867,27900,19151
2020-06-12 09:50:53.57,27942.34,27910,272,27915,35931,27905,5867,27900,20151
2020-06-12 09:50:54.36,27942.34,27915,186,27920,31725,27910,5828,27905,18947
2020-06-12 09:50:55.36,27942.34,27915,31206,27920,19679,27910,120,27905,5989
2020-06-12 09:50:56.36,27942.34,27905,2059,27910,33368,27900,6096,27895,18036
2020-06-12 09:50:57.36,27942.34,27905,34790,27910,18318,27895,4917,27890,18703
2020-06-12 09:50:58.36,27942.34,27900,31149,27905,19740,27895,50,27890,5682
2020-06-12 09:50:59.36,27942.34,27900,34150,27905,19740,27890,5682,27885,24609
2020-06-12 09:51:00.17,27956.36,27900,34150,27905,19740,27890,5682,27885,24609
2020-06-12 09:51:00.97,27956.36,27900,34150,27905,19740,27890,5732,27885,19067
2020-06-12 09:51:01.86,27956.36,27895,31120,27900,19100,27890,54,27885,9067
2020-06-12 09:51:02.76,27956.36,27890,5319,27895,34168,27885,9067,27880,16146
2020-06-12 09:51:03.67,27956.36,27890,30841,27895,19118,27885,3403,27880,6146
2020-06-12 09:51:04.67,27956.36,27890,30680,27895,19118,27885,3403,27880,6146
2020-06-12 09:51:05.46,27956.36,27890,30678,27895,19118,27885,3254,27880,6207
2020-06-12 09:51:06.35,27956.36,27890,33683,27895,19118,27880,6207,27875,14936
2020-06-12 09:51:07.26,27956.36,27885,31148,27890,18633,27880,271,27875,5015
2020-06-12 09:51:08.06,27956.36,27885,34281,27890,18633,27880,271,27875,5015
2020-06-12 09:51:08.76,27956.36,27890,33264,27895,19118,27880,5788,27875,14936
2020-06-12 09:51:09.67,27956.36,27885,5988,27890,33254,27880,5960,27875,14936
2020-06-12 09:51:10.46,27956.36,27885,31037,27890,18204,27880,222,27875,4936
2020-06-12 09:51:11.37,27941.97,27880,31089,27885,18983,27875,69,27870,5766
2020-06-12 09:51:12.26,27941.97,27875,34051,27880,18738,27870,88,27865,5872
2020-06-12 09:51:13.26,27941.97,27880,33788,27885,18983,27870,5766,27865,15872
2020-06-12 09:51:14.05,27941.97,27880,33752,27885,18983,27870,6013,27865,18954
2020-06-12 09:51:14.96,27941.97,27885,34033,27890,18204,27875,4867,27870,16013
2020-06-12 09:51:15.87,27941.97,27885,5968,27890,33254,27880,5788,27875,14867
2020-06-12 09:51:16.76,27941.97,27885,25757,27890,23254,27880,5990,27875,4867
2020-06-12 09:51:17.76,27941.97,27890,30193,27895,20601,27885,28817,27880,5985
2020-06-12 09:51:18.66,27941.97,27895,34127,27900,20208,27885,34684,27880,18993
2020-06-12 09:51:19.66,27941.97,27890,30209,27895,19077,27885,28813,27880,7186
2020-06-12 09:51:20.66,27949.01,27890,16,27895,34127,27885,34535,27880,17186
2020-06-12 09:51:21.66,27949.01,27900,15664,27905,35487,27890,5694,27885,47548
2020-06-12 09:51:22.66,27949.01,27905,35487,27910,19661,27895,4867,27890,18706
2020-06-12 09:51:23.57,27949.01,27905,34487,27910,19661,27895,4867,27890,19706
2020-06-12 09:51:24.57,27949.01,27910,34711,27915,30747,27900,5788,27895,17876
2020-06-12 09:51:25.46,27949.01,27905,30807,27910,19661,27895,4534,27890,19706
2020-06-12 09:51:26.25,27949.01,27905,30807,27910,19661,27895,3498,27890,19706
2020-06-12 09:51:27.07,27949.01,27905,30807,27910,19661,27895,3497,27890,18706
2020-06-12 09:51:27.96,27949.01,27905,30807,27910,19661,27900,5838,27895,3497
2020-06-12 09:51:28.77,27949.01,27905,30807,27910,19661,27900,50,27895,3497
2020-06-12 09:51:29.66,27949.01,27905,30807,27910,19661,27900,1600,27895,3497
2020-06-12 09:51:30.46,27949.01,27905,30806,27910,19661,27900,1265,27895,3497
2020-06-12 09:51:31.27,27950.3,27905,33827,27910,19661,27900,159,27895,3506
2020-06-12 09:51:32.16,27950.3,27905,33827,27910,19661,27895,3506,27890,19706
2020-06-12 09:51:32.97,27950.3,27910,34713,27915,30752,27900,5788,27895,16528
2020-06-12 09:51:33.86,27950.3,27910,5139,27915,45802,27905,5813,27900,15788
2020-06-12 09:51:34.76,27950.3,27910,10189,27915,30752,27905,50,27900,16788
2020-06-12 09:51:35.67,27950.3,27910,52,27915,35802,27905,5863,27900,15788
2020-06-12 09:51:36.67,27950.3,27910,5189,27915,35802,27905,5860,27900,5789
2020-06-12 09:51:37.56,27950.3,27910,30238,27915,20752,27905,46,27900,5789
2020-06-12 09:51:38.46,27950.3,27905,5775,27910,33239,27900,5687,27895,13507
2020-06-12 09:51:39.35,27950.3,27905,5775,27910,33239,27900,5687,27895,13508
2020-06-12 09:51:40.26,27950.3,27905,30817,27910,18189,27900,50,27895,3478
2020-06-12 09:51:41.06,27954.72,27900,30713,27905,18768,27895,11,27890,5703
2020-06-12 09:51:41.96,27954.72,27900,30692,27905,18768,27895,11,27890,5703
2020-06-12 09:51:42.67,27954.72,27900,30702,27905,18818,27895,11,27890,5703
2020-06-12 09:51:43.46,27954.72,27895,31051,27900,18654,27890,25,27885,31622
2020-06-12 09:51:44.37,27954.72,27890,30202,27895,18967,27885,25809,27880,7085
2020-06-12 09:51:45.16,27954.72,27890,33178,27895,18967,27880,7085,27875,16100
2020-06-12 09:51:45.96,27954.72,27880,30458,27885,18818,27870,5909,27865,21625
2020-06-12 09:51:46.87,27954.72,27885,33822,27890,18164,27875,6100,27870,15830
2020-06-12 09:51:47.76,27954.72,27885,33869,27890,18164,27875,6098,27870,15830
2020-06-12 09:51:48.66,27954.72,27885,33869,27890,18164,27875,6098,27870,18874
2020-06-12 09:51:49.37,27954.72,27885,33869,27890,18164,27875,6098,27870,18874
2020-06-12 09:51:50.26,27950.42,27880,30108,27885,18855,27870,5830,27865,20344
2020-06-12 09:51:51.16,27950.42,27885,33869,27890,28164,27875,6098,27870,18865
2020-06-12 09:51:52.05,27950.42,27880,30108,27885,18855,27875,2,27870,5830
2020-06-12 09:51:52.96,27950.42,27880,30108,27885,18855,27870,5607,27865,20344
2020-06-12 09:51:53.96,27950.42,27880,33094,27885,18855,27870,5607,27865,21344
2020-06-12 09:51:54.77,27950.42,27880,33094,27885,18855,27870,5657,27865,21344
2020-06-12 09:51:55.46,27950.42,27880,33094,27885,18855,27870,4724,27865,21344
2020-06-12 09:51:56.16,27950.42,27880,33094,27885,18855,27870,4724,27865,21344
2020-06-12 09:51:56.86,27950.42,27880,33075,27885,18855,27875,1,27870,4724
2020-06-12 09:51:57.57,27950.42,27875,33980,27880,18061,27865,5820,27860,25118
2020-06-12 09:51:58.36,27950.42,27875,33961,27880,18061,27865,5852,27860,25118
2020-06-12 09:51:59.27,27950.42,27875,33951,27880,18061,27865,5852,27860,26118
2020-06-12 09:51:59.94,27950.42,27875,33950,27880,18061,27865,5852,27860,26118
2020-06-12 09:52:00.60,27927.13,27875,33950,27880,18061,27865,5848,27860,26118
2020-06-12 09:52:01.36,27927.13,27875,30950,27880,18061,27865,5848,27860,25118
2020-06-12 09:52:02.36,27927.13,27880,33075,27885,18855,27870,4479,27865,19864
2020-06-12 09:52:03.16,27927.13,27880,30069,27885,18855,27875,6098,27870,4479
2020-06-12 09:52:03.96,27927.13,27880,5056,27885,33869,27875,6098,27870,14479
2020-06-12 09:52:04.86,27927.13,27885,33869,27890,28164,27875,6158,27870,14479
2020-06-12 09:52:05.77,27927.13,27890,43177,27895,20522,27880,5687,27875,19176
2020-06-12 09:52:06.66,27927.13,27890,15036,27895,35536,27885,5813,27880,5687
2020-06-12 09:52:07.45,27927.13,27890,30149,27895,20522,27885,49,27880,5687
2020-06-12 09:52:08.27,27927.13,27885,5788,27890,33232,27880,6942,27875,6098
2020-06-12 09:52:09.06,27927.13,27890,33232,27895,20522,27880,6942,27875,19140
2020-06-12 09:52:09.86,27927.13,27885,30752,27890,18218,27880,7062,27875,6116
2020-06-12 09:52:10.77,27933.3,27885,30752,27890,18218,27880,1375,27875,6116
2020-06-12 09:52:11.56,27933.3,27890,33232,27895,20522,27880,6942,27875,17116
2020-06-12 09:52:12.36,27933.3,27890,33231,27895,20522,27880,7064,27875,17116
2020-06-12 09:52:13.17,27933.3,27885,30752,27890,18217,27880,7064,27875,6126
2020-06-12 09:52:13.97,27933.3,27885,30752,27890,18217,27880,1427,27875,6382
2020-06-12 09:52:14.86,27933.3,27890,33231,27895,23011,27880,6992,27875,16382
2020-06-12 09:52:15.81,27933.3,27885,20753,27890,18151,27880,5792,27875,6382
2020-06-12 09:52:16.69,27933.3,27890,33165,27895,23011,27880,5851,27875,16382
2020-06-12 09:52:17.56,27933.3,27890,33165,27895,23011,27880,5851,27875,16382
2020-06-12 09:52:18.26,27933.3,27890,33165,27895,23011,27880,5851,27875,17382
2020-06-12 09:52:18.97,27933.3,27890,33165,27895,23011,27880,5851,27875,20411
2020-06-12 09:52:19.65,27933.3,27890,33165,27895,23011,27880,5851,27875,20411
2020-06-12 09:52:20.36,27933.3,27890,30147,27895,23011,27880,5851,27875,20411
2020-06-12 09:52:20.97,27926.37,27895,38025,27900,19693,27885,8815,27880,15851
2020-06-12 09:52:21.86,27926.37,27895,38025,27900,19693,27885,9041,27880,18892
2020-06-12 09:52:22.67,27926.37,27895,38029,27900,19693,27885,9041,27880,19892
2020-06-12 09:52:23.47,27926.37,27895,38029,27900,19693,27885,9041,27880,19892
2020-06-12 09:52:24.29,27926.37,27890,5134,27895,38029,27885,9041,27880,15886
2020-06-12 09:52:25.06,27926.37,27895,38029,27900,19693,27885,9037,27880,18888
2020-06-12 09:52:25.85,27926.37,27895,38029,27900,19693,27885,9087,27880,19838
2020-06-12 09:52:26.59,27926.37,27890,22,27895,38029,27885,9092,27880,19858
2020-06-12 09:52:27.37,27926.37,27890,18,27895,38029,27885,9092,27880,19858
2020-06-12 09:52:28.17,27926.37,27890,18,27895,38029,27885,9092,27880,19803
2020-06-12 09:52:29.56,27926.37,27890,18,27895,38029,27885,9092,27880,19803
2020-06-12 09:52:30.35,27948.48,27895,2553,27900,34707,27890,6100,27885,22115
2020-06-12 09:52:31.17,27948.48,27895,8490,27900,34707,27885,9092,27880,18832
2020-06-12 09:52:32.06,27948.48,27895,2553,27900,34707,27890,6100,27885,19092
2020-06-12 09:52:33.75,27948.48,27895,2553,27900,34707,27890,6155,27885,22139
2020-06-12 09:52:34.46,27948.48,27895,36515,27900,19693,27890,186,27885,8899
2020-06-12 09:52:35.25,27948.48,27895,33503,27900,19693,27890,186,27885,8899
2020-06-12 09:52:36.06,27948.48,27895,36543,27900,19693,27890,105,27885,8816
2020-06-12 09:52:36.76,27948.48,27895,36543,27900,19693,27890,106,27885,8816
2020-06-12 09:52:37.56,27948.48,27890,30147,27895,21529,27885,3201,27880,5756
2020-06-12 09:52:38.26,27948.48,27890,33255,27895,21529,27885,2053,27880,5756
2020-06-12 09:52:39.06,27948.48,27885,29839,27890,18241,27880,69,27875,6432
2020-06-12 09:52:39.76,27948.48,27885,32840,27890,20730,27880,69,27875,6432
2020-06-12 09:52:40.56,27948.48,27880,947,27885,32840,27875,6432,27870,20557
2020-06-12 09:52:41.47,27945.37,27880,1047,27885,32840,27875,6432,27870,20557
2020-06-12 09:52:42.36,27945.37,27880,31116,27885,17826,27875,622,27870,6511
2020-06-12 09:52:43.15,27945.37,27880,1042,27885,32840,27875,6432,27870,16511
2020-06-12 09:52:44.06,27945.37,27880,31092,27885,17826,27875,624,27870,6512
2020-06-12 09:52:44.85,27945.37,27880,31073,27885,17826,27875,624,27870,6513
2020-06-12 09:52:45.67,27945.37,27875,34240,27880,19080,27870,413,27865,5676
2020-06-12 09:52:46.56,27945.37,27880,34094,27885,27726,27870,6513,27865,19709
2020-06-12 09:52:47.35,27945.37,27880,1004,27885,42740,27875,6098,27870,16827
2020-06-12 09:52:48.06,27945.37,27880,1004,27885,32840,27875,6386,27870,16513
2020-06-12 09:52:48.85,27945.37,27880,1004,27885,32840,27875,6436,27870,16513
2020-06-12 09:52:49.56,27945.37,27880,31073,27885,17826,27875,341,27870,6513
2020-06-12 09:52:50.35,27945.37,27875,2489,27880,34077,27870,6513,27865,15676
2020-06-12 09:52:51.17,27946.75,27880,34077,27885,27726,27875,100,27870,6513
2020-06-12 09:52:51.96,27946.75,27880,34122,27885,27726,27875,454,27870,6513
2020-06-12 09:52:52.76,27946.75,27880,1004,27885,32840,27875,6387,27870,16513
2020-06-12 09:52:53.55,27946.75,27880,1004,27885,32840,27875,6587,27870,19515
2020-06-12 09:52:54.37,27946.75,27880,984,27885,32840,27875,6587,27870,19515
2020-06-12 09:52:55.05,27946.75,27880,23941,27885,17826,27875,6587,27870,10515
2020-06-12 09:52:55.76,27946.75,27875,31019,27880,21977,27870,6513,27865,5705
2020-06-12 09:52:56.55,27946.75,27875,30994,27880,21977,27870,6513,27865,5676
2020-06-12 09:52:57.46,27946.75,27875,30959,27880,21977,27870,413,27865,5676
2020-06-12 09:52:58.16,27946.75,27875,33448,27880,21977,27870,413,27865,5676
2020-06-12 09:52:58.97,27946.75,27870,390,27875,33448,27865,5676,27860,26155
2020-06-12 09:52:59.76,27946.75,27875,2489,27880,36991,27870,6100,27865,18730
2020-06-12 09:53:00.66,27931.59,27875,2477,27880,33945,27870,6125,27865,18730
2020-06-12 09:53:01.55,27931.59,27875,33067,27880,22016,27870,69,27865,5676
2020-06-12 09:53:02.46,27931.59,27865,20953,27870,18155,27860,4828,27855,6099
2020-06-12 09:53:03.36,27931.59,27865,30952,27870,20632,27860,4828,27855,6099
2020-06-12 09:53:04.16,27931.59,27870,35646,27875,18621,27865,5,27860,10515
2020-06-12 09:53:05.16,27931.59,27860,3939,27865,33988,27855,6099,27850,16395
2020-06-12 09:53:06.25,27931.59,27865,25120,27870,18155,27855,6099,27850,20419
2020-06-12 09:53:07.16,27931.59,27860,34187,27865,10106,27850,6395,27845,5780
2020-06-12 09:53:08.07,27931.59,27855,21538,27860,19173,27850,6445,27845,5780
2020-06-12 09:53:08.96,27931.59,27855,24624,27860,19173,27845,5780,27840,18833
2020-06-12 09:53:10.07,27931.59,27855,24596,27860,19173,27845,5780,27840,16798
2020-06-12 09:53:11.15,27905.59,27850,33227,27855,9546,27845,129,27840,5798
2020-06-12 09:53:12.15,27905.59,27845,6,27850,33226,27840,5798,27835,21728
2020-06-12 09:53:13.06,27905.59,27845,6,27850,33226,27840,5808,27835,21728
2020-06-12 09:53:13.97,27905.59,27845,8,27850,33226,27840,5858,27835,21728
2020-06-12 09:53:14.76,27905.59,27855,24560,27860,29073,27845,5607,27840,18862
2020-06-12 09:53:15.65,27905.59,27855,24560,27860,19173,27845,5607,27840,18862
2020-06-12 09:53:16.46,27905.59,27855,24560,27860,19173,27845,5607,27840,19883
2020-06-12 09:53:17.26,27905.59,27850,33204,27855,9546,27845,5607,27840,5879
2020-06-12 09:53:18.06,27905.59,27850,33183,27855,9546,27845,5608,27840,5884
2020-06-12 09:53:18.85,27905.59,27850,33183,27855,9546,27845,1,27840,5884
2020-06-12 09:53:19.56,27905.59,27850,33183,27855,9546,27845,1,27840,5884
2020-06-12 09:53:20.17,27918.15,27855,24560,27860,29073,27845,5607,27840,17790
2020-06-12 09:53:20.85,27918.15,27850,33214,27855,9546,27845,5607,27840,5984
2020-06-12 09:53:21.56,27918.15,27850,30146,27855,9546,27845,5607,27840,5984
2020-06-12 09:53:22.46,27918.15,27850,33238,27855,9546,27840,5984,27835,21778
2020-06-12 09:53:23.17,27918.15,27850,33238,27855,9546,27840,5984,27835,21778
2020-06-12 09:53:24.56,27918.15,27845,2,27850,33238,27840,5984,27835,21778
2020-06-12 09:53:25.35,27918.15,27845,2,27850,33238,27840,5984,27835,21778
2020-06-12 09:53:25.96,27918.15,27850,33238,27855,9546,27845,9,27840,5984
2020-06-12 09:53:26.56,27918.15,27850,33238,27855,9546,27845,9,27840,5984
2020-06-12 09:53:27.87,27918.15,27845,22060,27850,18224,27840,5984,27835,6204
2020-06-12 09:53:28.66,27918.15,27845,22010,27850,18227,27840,297,27835,6204
2020-06-12 09:53:29.46,27918.15,27845,22000,27850,18227,27840,297,27835,6204
2020-06-12 09:53:30.26,27918.15,27840,33062,27845,10070,27835,108,27830,7617
2020-06-12 09:53:31.37,27913.31,27835,20507,27840,18127,27830,1516,27825,5765
2020-06-12 09:53:32.37,27913.31,27835,23522,27840,18127,27830,1626,27825,5765
2020-06-12 09:53:33.37,27913.31,27835,23503,27840,18127,27830,1626,27825,5770
2020-06-12 09:53:34.26,27913.31,27840,32118,27845,19975,27830,7656,27825,18784
2020-06-12 09:53:35.26,27913.31,27840,32058,27845,10075,27830,8158,27825,18797
2020-06-12 09:53:36.16,27913.31,27840,32055,27845,10075,27830,8155,27825,19797
2020-06-12 09:53:36.86,27913.31,27835,20469,27840,18064,27830,8155,27825,5770
2020-06-12 09:53:37.66,27913.31,27835,23507,27840,18064,27830,2055,27825,5770
2020-06-12 09:53:38.46,27913.31,27835,23507,27840,18064,27830,8173,27825,5770
2020-06-12 09:53:39.21,27913.31,27835,23507,27840,18064,27830,1897,27825,5770
2020-06-12 09:53:39.96,27913.31,27830,28979,27835,9519,27825,163,27820,6148
2020-06-12 09:53:40.75,27888.82,27835,23510,27840,18064,27825,5029,27820,16148
2020-06-12 09:53:41.75,27888.82,27835,23510,27840,18064,27830,6100,27825,5029
2020-06-12 09:53:42.66,27888.82,27835,23510,27840,18064,27830,34,27825,5029
2020-06-12 09:53:43.57,27888.82,27835,23510,27840,18064,27825,5029,27820,16148
2020-06-12 09:53:44.46,27888.82,27830,29602,27835,9519,27825,18,27820,6148
2020-06-12 09:53:45.36,27888.82,27830,32672,27835,9519,27825,5033,27820,6148
2020-06-12 09:53:46.06,27888.82,27830,623,27835,23510,27825,5038,27820,16148
2020-06-12 09:53:46.86,27888.82,27830,29601,27835,9519,27825,5038,27820,6148
2020-06-12 09:53:47.77,27888.82,27825,176,27830,29601,27820,6153,27815,21744
2020-06-12 09:53:48.56,27888.82,27830,29601,27835,9519,27820,6153,27815,20744
2020-06-12 09:53:49.27,27888.82,27830,622,27835,23510,27825,5012,27820,16153
2020-06-12 09:53:50.06,27888.82,27830,3,27835,23507,27825,4390,27820,17153
2020-06-12 09:53:50.77,27885.08,27830,3,27835,23507,27825,4390,27820,20189
2020-06-12 09:53:51.56,27885.08,27840,32055,27845,19970,27830,6100,27825,14390
2020-06-12 09:53:52.56,27885.08,27840,30084,27845,10070,27835,6095,27830,6425
2020-06-12 09:53:53.56,27885.08,27835,21207,27840,13768,27830,7451,27825,4390
2020-06-12 09:53:54.36,27885.08,27830,28048,27835,9562,27825,4400,27820,6153
2020-06-12 09:53:55.27,27885.08,27830,31075,27835,9562,27825,10,27820,6153
2020-06-12 09:53:56.00,27885.08,27830,31075,27835,9562,27825,10,27820,6153
2020-06-12 09:53:56.76,27885.08,27825,20065,27830,18015,27820,6153,27815,5134
2020-06-12 09:53:57.56,27885.08,27820,28633,27825,10086,27815,5134,27810,6233
2020-06-12 09:53:58.36,27885.08,27825,23086,27830,27915,27815,5123,27810,16233
2020-06-12 09:53:59.26,27885.08,27825,23086,27830,27915,27820,3200,27815,4074
2020-06-12 09:53:59.97,27885.08,27825,23082,27830,27915,27820,8887,27815,4074
2020-06-12 09:54:00.76,27901.95,27825,25136,27830,18015,27820,356,27815,4074
2020-06-12 09:54:01.65,27901.95,27825,25136,27830,18015,27820,359,27815,4074
2020-06-12 09:54:02.55,27901.95,27825,25128,27830,18015,27820,55,27815,4024
2020-06-12 09:54:03.46,27901.95,27825,25128,27830,18015,27820,55,27815,4024
2020-06-12 09:54:04.37,27901.95,27825,22105,27830,18015,27820,5921,27815,4031
2020-06-12 09:54:05.16,27901.95,27825,22105,27830,18015,27820,6106,27815,4031
2020-06-12 09:54:05.96,27901.95,27825,25150,27830,18015,27820,419,27815,4041
2020-06-12 09:54:06.96,27901.95,27820,33705,27825,10096,27815,17,27810,6253
2020-06-12 09:54:07.87,27901.95,27820,33704,27825,10096,27815,17,27810,6253
2020-06-12 09:54:08.87,27901.95,27825,25150,27830,18019,27815,6117,27810,19283
2020-06-12 09:54:09.76,27901.95,27825,25112,27830,18019,27815,6117,27810,19283
2020-06-12 09:54:10.76,27892.83,27825,25112,27830,18018,27815,6153,27810,19283
2020-06-12 09:54:11.66,27892.83,27820,15212,27825,25112,27815,6153,27810,6253
2020-06-12 09:54:12.57,27892.83,27820,30266,27825,10058,27815,6153,27810,6270
2020-06-12 09:54:13.36,27892.83,27825,25112,27830,18018,27820,1530,27815,4786
2020-06-12 09:54:14.25,27892.83,27830,33072,27835,9562,27825,308,27820,7148
2020-06-12 09:54:15.16,27892.83,27830,30045,27835,9562,27825,6408,27820,7148
2020-06-12 09:54:15.96,27892.83,27830,28856,27835,9562,27825,6408,27820,7148
2020-06-12 09:54:16.66,27892.83,27830,31874,27835,19462,27820,7149,27815,14886
2020-06-12 09:54:17.46,27892.83,27830,31883,27835,19462,27820,7149,27815,14886
2020-06-12 09:54:18.16,27892.83,27830,31883,27835,19462,27825,6100,27820,7149
2020-06-12 09:54:18.86,27892.83,27835,24610,27840,19884,27825,6100,27820,20182
2020-06-12 09:54:19.66,27892.83,27835,24610,27840,19884,27825,4913,27820,20198
2020-06-12 09:54:20.36,27886.78,27835,21502,27840,19884,27830,6100,27825,4913
2020-06-12 09:54:21.25,27886.78,27835,21502,27840,19884,27830,6100,27825,4913
2020-06-12 09:54:22.06,27886.78,27835,21502,27840,19884,27830,6100,27825,4913
2020-06-12 09:54:22.77,27886.78,27835,21502,27840,19884,27830,6096,27825,4913
2020-06-12 09:54:23.66,27886.78,27840,34937,27845,11678,27830,6096,27825,17925
2020-06-12 09:54:24.45,27886.78,27835,21502,27840,19883,27830,6096,27825,4913
2020-06-12 09:54:25.27,27886.78,27840,34937,27845,21578,27830,5646,27825,18058
2020-06-12 09:54:26.06,27886.78,27840,30366,27845,21578,27830,5746,27825,18058
2020-06-12 09:54:26.86,27886.78,27840,33470,27845,21578,27830,5746,27825,18058
2020-06-12 09:54:27.56,27886.78,27840,30366,27845,21578,27830,5746,27825,18058
2020-06-12 09:54:28.36,27886.78,27840,30366,27845,11678,27830,5946,27825,19058
2020-06-12 09:54:29.16,27886.78,27840,100,27845,22103,27835,4669,27830,19008
2020-06-12 09:54:29.97,27886.78,27845,22103,27850,28342,27840,5587,27835,4669
2020-06-12 09:54:30.56,27900.03,27845,22103,27850,18442,27835,4669,27830,19008
2020-06-12 09:54:31.26,27900.03,27845,22103,27850,18442,27835,4669,27830,19038
2020-06-12 09:54:32.06,27900.03,27845,22102,27850,18431,27835,4614,27830,20038
2020-06-12 09:54:32.86,27900.03,27855,26140,27860,29882,27850,4990,27845,8557
2020-06-12 09:54:33.65,27900.03,27855,21502,27860,29767,27850,10586,27845,6015
2020-06-12 09:54:34.56,27900.03,27855,21500,27860,29767,27850,10486,27845,6015
2020-06-12 09:54:35.26,27900.03,27855,21500,27860,19867,27850,10536,27845,6015
2020-06-12 09:54:36.06,27900.03,27855,35,27860,34921,27850,10536,27845,16015
2020-06-12 09:54:36.86,27900.03,27865,32000,27870,20734,27855,4614,27850,23326
2020-06-12 09:54:37.76,27900.03,27865,22099,27870,20734,27860,5576,27855,4614
2020-06-12 09:54:38.56,27900.03,27860,32836,27865,10084,27855,4614,27850,10286
2020-06-12 09:54:39.36,27900.03,27855,5484,27860,34611,27850,10287,27845,6015
2020-06-12 09:54:40.15,27900.03,27860,34611,27865,10084,27850,10287,27845,16015
2020-06-12 09:54:40.96,27885.97,27855,21500,27860,19557,27850,4691,27845,6015
2020-06-12 09:54:41.76,27885.97,27850,26462,27855,9465,27845,1152,27840,5576
2020-06-12 09:54:42.76,27885.97,27850,27668,27855,9465,27845,4863,27840,5576
2020-06-12 09:54:43.67,27885.97,27845,15969,27850,19081,27840,5575,27835,4619
2020-06-12 09:54:44.67,27885.97,27845,24250,27850,19081,27835,4619,27830,21725
2020-06-12 09:54:45.46,27885.97,27840,1200,27845,24250,27835,5712,27830,21725
2020-06-12 09:54:46.26,27885.97,27840,31686,27845,9245,27835,5712,27830,6131
2020-06-12 09:54:46.96,27885.97,27840,31686,27845,9245,27835,1094,27830,6131
2020-06-12 09:54:47.96,27885.97,27835,20956,27840,19706,27830,6131,27825,5194
2020-06-12 09:54:48.76,27885.97,27835,23994,27840,19706,27830,6131,27825,5194
2020-06-12 09:54:49.46,27885.97,27835,23994,27840,19706,27830,675,27825,5194
2020-06-12 09:54:50.16,27902.63,27835,23994,27840,19706,27830,535,27825,5194
2020-06-12 09:54:50.87,27902.63,27840,33616,27845,19145,27835,14000,27830,6131
2020-06-12 09:54:51.55,27902.63,27840,30591,27845,19145,27835,14000,27830,6131
2020-06-12 09:54:52.24,27902.63,27845,20057,27850,28981,27840,33339,27835,18614
2020-06-12 09:54:53.16,27902.63,27850,38981,27855,10994,27845,2,27840,36599
2020-06-12 09:54:53.96,27902.63,27850,29081,27855,10994,27845,1,27840,36599
2020-06-12 09:54:54.87,27902.63,27850,26080,27855,10994,27845,4864,27840,36599
2020-06-12 09:54:55.66,27902.63,27845,19146,27850,19086,27840,31024,27835,18614
2020-06-12 09:54:56.37,27902.63,27845,18202,27850,9645,27840,1263,27835,4614
2020-06-12 09:54:57.16,27902.63,27845,15202,27850,9644,27840,8496,27835,4614
2020-06-12 09:54:57.96,27902.63,27845,15194,27850,9644,27840,6796,27835,4619
2020-06-12 09:54:58.66,27902.63,27845,15194,27850,9644,27840,1221,27835,4619
2020-06-12 09:54:59.46,27902.63,27850,16638,27855,10049,27845,1470,27840,8446
2020-06-12 09:55:00.36,27902.63,27850,16638,27855,10049,27840,8446,27835,17625
2020-06-12 09:55:01.25,27889.06,27845,10000,27850,9683,27840,6846,27835,4619
2020-06-12 09:55:02.16,27889.06,27845,15054,27850,11483,27840,6346,27835,4619
2020-06-12 09:55:02.97,27889.06,27850,26537,27855,19949,27840,8148,27835,14619
2020-06-12 09:55:03.86,27889.06,27850,87,27855,25103,27845,4863,27840,18148
2020-06-12 09:55:04.66,27889.06,27855,25103,27860,20360,27845,6663,27840,21172
2020-06-12 09:55:05.46,27889.06,27850,21672,27855,10049,27845,7900,27840,8148
2020-06-12 09:55:06.36,27889.06,27855,25082,27860,10460,27845,7895,27840,21188
2020-06-12 09:55:07.16,27889.06,27855,25063,27860,10460,27845,6829,27840,21188
2020-06-12 09:55:07.96,27889.06,27855,25063,27860,10460,27845,6071,27840,21488
2020-06-12 09:55:08.66,27889.06,27855,25063,27860,10460,27845,6071,27840,21488
2020-06-12 09:55:09.36,27889.06,27855,25063,27860,10460,27845,6171,27840,22482
2020-06-12 09:55:10.08,27901.38,27860,25493,27865,20655,27850,5596,27845,6171
2020-06-12 09:55:10.77,27901.38,27855,22434,27860,10460,27845,6171,27840,22482
2020-06-12 09:55:11.56,27901.38,27850,10,27855,22434,27845,6171,27840,22482
2020-06-12 09:55:12.36,27901.38,27855,23535,27860,10460,27850,5593,27845,6171
2020-06-12 09:55:13.16,27901.38,27855,20533,27860,10460,27850,5593,27845,6171
2020-06-12 09:55:13.95,27901.38,27855,23583,27860,10460,27845,6171,27840,22482
2020-06-12 09:55:14.67,27901.38,27860,25492,27865,20655,27850,5593,27845,19196
2020-06-12 09:55:15.36,27901.38,27860,25492,27865,20655,27850,7493,27845,19189
2020-06-12 09:55:16.06,27901.38,27860,25492,27865,20655,27850,5593,27845,16171
2020-06-12 09:55:16.77,27901.38,27860,25492,27865,10755,27850,7493,27845,16171
2020-06-12 09:55:17.53,27901.38,27860,25492,27865,10755,27850,5593,27845,17171
2020-06-12 09:55:18.26,27901.38,27860,25491,27865,10755,27850,5593,27845,20185
2020-06-12 09:55:18.95,27901.38,27860,20865,27865,10755,27855,4614,27850,7493
2020-06-12 09:55:19.66,27901.38,27860,20865,27865,10755,27850,7493,27845,20185
2020-06-12 09:55:20.36,27901.38,27860,23913,27865,10755,27850,5593,27845,20185
2020-06-12 09:55:21.06,27885.34,27860,23913,27865,10755,27850,7493,27845,20185
2020-06-12 09:55:21.69,27885.34,27860,23913,27865,10760,27850,5594,27845,20185
2020-06-12 09:55:22.36,27885.34,27860,23913,27865,10760,27850,8462,27845,20185
2020-06-12 09:55:23.06,27885.34,27860,23913,27865,10760,27850,6562,27845,20185
2020-06-12 09:55:23.76,27885.34,27860,23912,27865,10760,27850,8562,27845,20185
2020-06-12 09:55:24.47,27885.34,27860,23912,27865,10760,27850,8562,27845,20185
2020-06-12 09:55:25.15,27885.34,27860,99,27865,25792,27855,4614,27850,18562
2020-06-12 09:55:25.97,27885.34,27865,25792,27870,11210,27860,5571,27855,7529
2020-06-12 09:55:26.97,27885.34,27870,10,27875,25158,27865,13295,27860,20544
2020-06-12 09:55:28.06,27885.34,27870,26598,27875,10126,27865,5094,27860,7522
2020-06-12 09:55:28.96,27885.34,27870,26598,27875,10126,27865,5094,27860,7522
2020-06-12 09:55:29.85,27885.34,27865,29203,27870,11566,27860,51,27855,7529
2020-06-12 09:55:30.76,27907.86,27855,21540,27860,8735,27850,5864,27845,8000
2020-06-12 09:55:31.65,27907.86,27855,24509,27860,8735,27850,11,27845,8001
2020-06-12 09:55:32.56,27907.86,27850,23689,27855,10459,27845,1,27840,8224
2020-06-12 09:55:33.46,27907.86,27850,23689,27855,10459,27840,8221,27835,20649
2020-06-12 09:55:34.17,27907.86,27850,23689,27855,10459,27840,6421,27835,4670
2020-06-12 09:55:34.96,27907.86,27850,23689,27855,10459,27840,8321,27835,14670
2020-06-12 09:55:35.76,27907.86,27850,23688,27855,10459,27845,6100,27840,8321
2020-06-12 09:55:36.35,27907.86,27850,23688,27855,10463,27845,6100,27840,8341
2020-06-12 09:55:37.06,27907.86,27855,24514,27860,8735,27850,3200,27845,8000
2020-06-12 09:55:37.76,27907.86,27850,23539,27855,10463,27840,8341,27835,17716
2020-06-12 09:55:38.46,27907.86,27850,23539,27855,10465,27840,8341,27835,17716
2020-06-12 09:55:39.06,27907.86,27850,23540,27855,10464,27840,8341,27835,18716
2020-06-12 09:55:39.85,27907.86,27850,23540,27855,10464,27840,8041,27835,17678
2020-06-12 09:55:40.55,27896.11,27850,21640,27855,10464,27845,6100,27840,8041
2020-06-12 09:55:41.26,27896.11,27850,21638,27855,10464,27845,6100,27840,8041
2020-06-12 09:55:41.96,27896.11,27855,6,27860,23725,27850,7698,27845,18100
2020-06-12 09:55:42.87,27896.11,27860,20725,27865,24054,27850,7698,27845,21159
2020-06-12 09:55:43.66,27896.11,27860,23743,27865,14154,27850,7748,27845,22359
2020-06-12 09:55:44.37,27896.11,27855,19503,27860,11741,27850,6516,27845,13359
2020-06-12 09:55:45.16,27896.11,27855,20535,27860,11741,27850,100,27845,9300
2020-06-12 09:55:45.87,27896.11,27855,20535,27860,11741,27850,100,27845,9300
2020-06-12 09:55:46.55,27896.11,27850,20437,27855,10333,27845,7300,27840,8044
2020-06-12 09:55:47.26,27896.11,27855,22335,27860,11741,27845,6100,27840,18044
2020-06-12 09:55:48.05,27896.11,27850,18536,27855,10533,27840,8044,27835,17678
2020-06-12 09:55:48.76,27896.11,27845,18120,27850,11587,27840,573,27835,4670
2020-06-12 09:55:49.55,27896.11,27850,23589,27855,10533,27840,6144,27835,14670
2020-06-12 09:55:50.25,27896.11,27850,21589,27855,10533,27840,6144,27835,4670
2020-06-12 09:55:51.04,27892.27,27850,21589,27855,20433,27840,6145,27835,14670
2020-06-12 09:55:51.66,27892.27,27850,21589,27855,20433,27840,6145,27835,17736
2020-06-12 09:55:52.46,27892.27,27850,21589,27855,20433,27840,6145,27835,14671
2020-06-12 09:55:53.16,27892.27,27850,18535,27855,10533,27845,6100,27840,6145
2020-06-12 09:55:53.96,27892.27,27850,21584,27855,10533,27840,6145,27835,17716
2020-06-12 09:55:54.75,27892.27,27855,23568,27860,21641,27845,6100,27840,16145
2020-06-12 09:55:55.57,27892.27,27850,21588,27855,8514,27845,6100,27840,6145
2020-06-12 09:55:56.36,27892.27,27850,24597,27855,8514,27840,6145,27835,14771
2020-06-12 09:55:57.06,27892.27,27845,15054,27850,9543,27840,7123,27835,4771
2020-06-12 09:55:57.86,27892.27,27845,21172,27850,11543,27840,7120,27835,4771
2020-06-12 09:55:59.27,27892.27,27850,26597,27855,8514,27840,7120,27835,4771
2020-06-12 09:55:59.95,27884.74,27850,24597,27855,8514,27840,7120,27835,14771
2020-06-12 09:56:00.56,27884.74,27850,24607,27855,8514,27840,7120,27835,14771
2020-06-12 09:56:01.27,27884.74,27850,24606,27855,8514,27840,7170,27835,17841
2020-06-12 09:56:01.95,27884.74,27850,21587,27855,8514,27840,7170,27835,17841
2020-06-12 09:56:02.66,27884.74,27850,24633,27855,8514,27840,7170,27835,14771
2020-06-12 09:56:03.36,27884.74,27850,24633,27855,8514,27845,26,27840,7170
2020-06-12 09:56:04.06,27884.74,27850,24626,27855,8514,27845,804,27840,6192
2020-06-12 09:56:04.77,27884.74,27850,24626,27855,8514,27845,804,27840,6192
2020-06-12 09:56:05.36,27884.74,27850,24626,27855,8514,27845,804,27840,6192
2020-06-12 09:56:06.66,27884.74,27845,23084,27850,11372,27840,621,27835,4771
2020-06-12 09:56:07.45,27884.74,27845,23075,27850,11372,27840,621,27835,4771
2020-06-12 09:56:08.26,27884.74,27845,10000,27850,16315,27840,6192,27835,4771
2020-06-12 09:56:09.06,27884.74,27845,21043,27850,11372,27840,6242,27835,4771
2020-06-12 09:56:09.86,27884.74,27850,26315,27855,8514,27840,6547,27835,17776
2020-06-12 09:56:10.56,27887.06,27850,24515,27855,8514,27840,6547,27835,17776
2020-06-12 09:56:11.26,27887.06,27850,24515,27855,8514,27840,6547,27835,17776
2020-06-12 09:56:11.97,27887.06,27845,6100,27850,24515,27840,6557,27835,4771
2020-06-12 09:56:12.76,27887.06,27845,21061,27850,9572,27840,6557,27835,4771
2020-06-12 09:56:13.47,27887.06,27850,24514,27855,8514,27840,6557,27835,18797
2020-06-12 09:56:14.14,27887.06,27850,24514,27855,8514,27840,6557,27835,18797
2020-06-12 09:56:15.36,27887.06,27850,24514,27855,8514,27845,1200,27840,6557
2020-06-12 09:56:16.06,27887.06,27850,24514,27855,8514,27845,1228,27840,6278
2020-06-12 09:56:16.76,27887.06,27850,557,27855,23457,27845,7328,27840,16278
2020-06-12 09:56:17.56,27887.06,27855,23457,27860,11882,27850,544,27845,7665
2020-06-12 09:56:18.36,27887.06,27860,26825,27865,25604,27855,630,27850,6137
2020-06-12 09:56:19.15,27887.06,27860,26825,27865,15704,27855,630,27850,6137
2020-06-12 09:56:19.96,27887.06,27860,23807,27865,15704,27855,3325,27850,6137
2020-06-12 09:56:20.76,27889.67,27855,20425,27860,13799,27850,6134,27845,7665
2020-06-12 09:56:21.56,27889.67,27860,28742,27865,15704,27850,6134,27845,17665
2020-06-12 09:56:22.26,27889.67,27860,3131,27865,30647,27855,6100,27850,6134
2020-06-12 09:56:23.10,27889.67,27860,23808,27865,15704,27855,6100,27850,6134
2020-06-12 09:56:23.85,27889.67,27860,23808,27865,15704,27850,6134,27845,21804
2020-06-12 09:56:24.56,27889.67,27860,25873,27865,15704,27850,6134,27845,21804
2020-06-12 09:56:25.26,27889.67,27855,22275,27860,10930,27850,542,27845,7665
2020-06-12 09:56:26.06,27889.67,27855,20375,27860,10930,27850,6135,27845,7665
2020-06-12 09:56:26.85,27889.67,27855,20374,27860,10930,27850,5604,27845,7665
2020-06-12 09:56:27.55,27889.67,27850,23651,27855,8665,27845,7665,27840,6551
2020-06-12 09:56:28.35,27889.67,27850,24697,27855,8724,27845,1565,27840,6551
2020-06-12 09:56:29.16,27889.67,27845,22631,27850,9926,27840,6252,27835,6557
2020-06-12 09:56:29.87,27889.67,27845,22630,27850,9926,27840,6252,27835,6557
2020-06-12 09:56:30.76,27896.65,27845,22630,27850,9926,27840,681,27835,6557
2020-06-12 09:56:31.46,27896.65,27845,22630,27850,9926,27840,681,27835,6557
2020-06-12 09:56:32.08,27896.65,27845,25684,27850,9926,27840,681,27835,6557
2020-06-12 09:56:32.66,27896.65,27845,25683,27850,9926,27840,681,27835,6557
2020-06-12 09:56:33.46,27896.65,27855,23835,27860,20830,27845,5360,27840,6252
2020-06-12 09:56:34.16,27896.65,27850,23036,27855,9224,27845,7332,27840,6252
2020-06-12 09:56:34.86,27896.65,27850,23036,27855,9224,27845,1232,27840,6252
2020-06-12 09:56:35.46,27896.65,27845,23175,27850,11485,27840,6252,27835,6557
2020-06-12 09:56:36.16,27896.65,27845,23079,27850,11485,27840,6252,27835,6557
2020-06-12 09:56:36.86,27896.65,27845,23077,27850,11485,27840,6252,27835,6557
2020-06-12 09:56:37.46,27896.65,27845,20729,27850,11485,27840,5952,27835,6557
2020-06-12 09:56:38.16,27896.65,27845,10,27850,26096,27840,5952,27835,16557
2020-06-12 09:56:38.86,27896.65,27850,26096,27855,19124,27840,5952,27835,19599
2020-06-12 09:56:39.60,27896.65,27850,21136,27855,9224,27845,6100,27840,5952
2020-06-12 09:56:40.25,27896.65,27850,21136,27855,9224,27845,6150,27840,5952
2020-06-12 09:56:40.96,27910.67,27850,21116,27855,9224,27845,50,27840,5952
2020-06-12 09:56:41.75,27910.67,27845,23153,27850,9549,27840,381,27835,6557
2020-06-12 09:56:42.66,27910.67,27845,23153,27850,9549,27840,381,27835,6557
2020-06-12 09:56:43.46,27910.67,27845,25591,27850,9549,27840,331,27835,6557
2020-06-12 09:56:44.25,27910.67,27845,25591,27850,9549,27840,381,27835,6557
2020-06-12 09:56:44.96,27910.67,27845,3052,27850,24140,27840,5948,27835,16557
2020-06-12 09:56:45.66,27910.67,27850,24139,27855,9324,27845,1362,27840,5948
2020-06-12 09:56:46.36,27910.67,27850,21115,27855,9324,27845,1233,27840,5948
2020-06-12 09:56:47.16,27910.67,27850,21115,27855,9324,27845,1233,27840,5949
2020-06-12 09:56:47.95,27910.67,27850,5930,27855,23915,27845,8050,27840,5949
2020-06-12 09:56:48.66,27910.67,27855,759,27860,35422,27850,13928,27845,18050
2020-06-12 09:56:49.45,27910.67,27855,17607,27860,10931,27850,8679,27845,8070
2020-06-12 09:56:50.27,27912.04,27855,18,27860,21396,27850,14266,27845,18070
2020-06-12 09:56:51.16,27912.04,27860,21395,27865,25483,27850,14266,27845,18070
2020-06-12 09:56:51.95,27912.04,27860,21395,27865,15583,27850,14266,27845,8070
2020-06-12 09:56:52.66,27912.04,27855,10483,27860,10930,27850,14266,27845,8070
2020-06-12 09:56:53.36,27912.04,27860,21395,27865,15583,27855,105,27850,14266
2020-06-12 09:56:54.06,27912.04,27860,21408,27865,15583,27850,14266,27845,21156
2020-06-12 09:56:54.86,27912.04,27860,2140,27865,26048,27855,6100,27850,28366
2020-06-12 09:56:55.66,27912.04,27865,21017,27870,13019,27860,405,27855,6100
2020-06-12 09:56:56.36,27912.04,27865,16516,27870,13019,27860,405,27855,7300
2020-06-12 09:56:57.06,27912.04,27865,16516,27870,13019,27860,455,27855,7300
2020-06-12 09:56:57.65,27912.04,27865,19555,27870,13019,27860,5621,27855,7300
2020-06-12 09:56:58.26,27912.04,27865,19555,27870,13019,27860,5621,27855,7300
2020-06-12 09:56:58.86,27912.04,27865,16516,27870,13019,27860,50,27855,7300
2020-06-12 09:57:00.40,27912.04,27865,16515,27870,13019,27860,145,27855,7300
2020-06-12 09:57:01.09,27893.98,27860,16197,27865,10812,27855,7300,27850,14266
2020-06-12 09:57:01.85,27893.98,27865,21277,27870,13019,27855,6100,27850,22227
2020-06-12 09:57:02.79,27893.98,27865,16497,27870,13019,27860,248,27855,7100
2020-06-12 09:57:03.55,27893.98,27865,16515,27870,13019,27860,248,27855,6100
2020-06-12 09:57:04.35,27893.98,27865,16497,27870,12463,27860,248,27855,6100
2020-06-12 09:57:05.05,27893.98,27860,27291,27865,20737,27850,9175,27845,21169
2020-06-12 09:57:05.85,27893.98,27860,30296,27865,20737,27850,8775,27845,18070
2020-06-12 09:57:06.76,27893.98,27855,28263,27860,19831,27850,1090,27845,8070
2020-06-12 09:57:07.55,27893.98,27855,26553,27860,19831,27850,1090,27845,8070
2020-06-12 09:57:08.44,27893.98,27860,30285,27865,20737,27850,6677,27845,18070
2020-06-12 09:57:09.06,27893.98,27860,30285,27865,20737,27850,6723,27845,18070
2020-06-12 09:57:09.75,27893.98,27860,30288,27865,20737,27850,6773,27845,18070
2020-06-12 09:57:10.56,27894.82,27860,30281,27865,20737,27850,6773,27845,19070
2020-06-12 09:57:11.16,27894.82,27860,30281,27865,20737,27850,6827,27845,22081
2020-06-12 09:57:11.95,27894.82,27860,27276,27865,20737,27855,6100,27850,6681
2020-06-12 09:57:12.77,27894.82,27860,25575,27865,20737,27850,6681,27845,22081
2020-06-12 09:57:13.47,27894.82,27860,28604,27865,20737,27850,6681,27845,22081
2020-06-12 09:57:14.86,27894.82,27855,28315,27860,18150,27850,6681,27845,12081
2020-06-12 09:57:15.56,27894.82,27855,189,27860,33204,27850,6681,27845,22081
2020-06-12 09:57:16.26,27894.82,27855,33142,27860,18150,27850,6681,27845,8070
2020-06-12 09:57:16.95,27894.82,27855,33142,27860,18150,27850,1094,27845,8070
2020-06-12 09:57:17.76,27894.82,27855,187,27860,33204,27850,6731,27845,8270
2020-06-12 09:57:18.65,27894.82,27855,36181,27860,18150,27850,1179,27845,8270
2020-06-12 09:57:19.36,27894.82,27850,31583,27855,21163,27845,6324,27840,6057
2020-06-12 09:57:20.15,27894.82,27850,182,27855,34851,27845,6324,27840,16057
2020-06-12 09:57:20.95,27898.01,27845,29629,27850,20917,27840,488,27835,6907
2020-06-12 09:57:21.86,27898.01,27845,29329,27850,20917,27840,488,27835,6607
2020-06-12 09:57:22.56,27898.01,27845,32366,27850,20917,27840,488,27835,6607
2020-06-12 09:57:23.86,27898.01,27845,32365,27850,20917,27840,488,27835,6607
2020-06-12 09:57:24.56,27898.01,27845,32365,27850,20917,27840,488,27835,6607
2020-06-12 09:57:25.26,27898.01,27840,33639,27845,18714,27835,507,27830,6063
2020-06-12 09:57:26.06,27898.01,27840,33634,27845,18714,27835,507,27830,6063
2020-06-12 09:57:26.65,27898.01,27840,33538,27845,18714,27835,507,27830,6063
2020-06-12 09:57:27.36,27898.01,27835,692,27840,33538,27830,6063,27825,22080
2020-06-12 09:57:28.06,27898.01,27840,186,27845,32365,27835,5408,27830,19266
2020-06-12 09:57:28.85,27898.01,27845,29327,27850,30635,27840,5402,27835,5408
2020-06-12 09:57:29.56,27898.01,27845,29325,27850,30635,27840,5402,27835,5408
2020-06-12 09:57:30.15,27898.01,27845,32371,27850,20735,27840,1,27835,5408
2020-06-12 09:57:30.85,27893.62,27850,34386,27855,30876,27840,5403,27835,33408
2020-06-12 09:57:31.56,27893.62,27850,34386,27855,30876,27840,5453,27835,36415
2020-06-12 09:57:32.26,27893.62,27850,31380,27855,30876,27840,4916,27835,36415
2020-06-12 09:57:32.85,27893.62,27850,31380,27855,20976,27840,4913,27835,36415
2020-06-12 09:57:33.49,27893.62,27850,31380,27855,20976,27840,4913,27835,37415
2020-06-12 09:57:33.96,27893.62,27850,31379,27855,20976,27840,3878,27835,37415
2020-06-12 09:57:34.56,27893.62,27850,34459,27855,20976,27840,3878,27835,34408
2020-06-12 09:57:35.26,27893.62,27850,34459,27855,20976,27840,3878,27835,37434
2020-06-12 09:57:36.56,27893.62,27855,1800,27860,33037,27850,9393,27845,16100
2020-06-12 09:57:37.26,27893.62,27855,34539,27860,19386,27845,6100,27840,16915
2020-06-12 09:57:37.96,27893.62,27850,29580,27855,20888,27840,3878,27835,36434
2020-06-12 09:57:38.66,27893.62,27850,29580,27855,20888,27840,3878,27835,36434
2020-06-12 09:57:39.35,27893.62,27845,29325,27850,18989,27840,50,27835,23408
2020-06-12 09:57:40.05,27893.62,27845,29324,27850,18989,27840,50,27835,23408
2020-06-12 09:57:40.85,27897.94,27845,29324,27850,18989,27840,6150,27835,23408
2020-06-12 09:57:41.55,27897.94,27850,32640,27855,30838,27840,6150,27835,23408
2020-06-12 09:57:42.26,27897.94,27845,29324,27850,18979,27840,5916,27835,23408
2020-06-12 09:57:43.05,27897.94,27845,29286,27850,18979,27835,23408,27830,20299
2020-06-12 09:57:43.66,27897.94,27845,29286,27850,18979,27835,23408,27830,20299
2020-06-12 09:57:44.26,27897.94,27840,29712,27845,18760,27835,18000,27830,6234
2020-06-12 09:57:44.96,27897.94,27840,29712,27845,18760,27835,15186,27830,6234
2020-06-12 09:57:45.86,27897.94,27830,28943,27835,22359,27825,6461,27820,6537
2020-06-12 09:57:46.86,27897.94,27830,31008,27835,32259,27820,6537,27815,7509
2020-06-12 09:57:47.86,27897.94,27825,27555,27830,19552,27820,671,27815,7509
2020-06-12 09:57:48.75,27897.94,27825,30578,27830,19552,27820,671,27815,7509
2020-06-12 09:57:49.55,27897.94,27820,20964,27825,19142,27815,7509,27810,5891
2020-06-12 09:57:50.36,27900.24,27820,10765,27825,19142,27815,7509,27810,5891
2020-06-12 09:57:51.16,27900.24,27820,29352,27825,19142,27815,7509,27810,5891
2020-06-12 09:57:52.07,27900.24,27820,2489,27825,29906,27815,6898,27810,18929
2020-06-12 09:57:52.96,27900.24,27825,29906,27830,19552,27820,5240,27815,6898
2020-06-12 09:57:53.75,27900.24,27825,20773,27830,19552,27820,5240,27815,6898
2020-06-12 09:57:54.57,27900.24,27825,26873,27830,19552,27820,5240,27815,6898
2020-06-12 09:57:55.25,27900.24,27825,20773,27830,19552,27820,5290,27815,6898
2020-06-12 09:57:55.96,27900.24,27825,10,27830,30316,27820,5477,27815,16898
2020-06-12 09:57:56.56,27900.24,27825,10,27830,30316,27820,5112,27815,19898
2020-06-12 09:57:57.16,27900.24,27830,30315,27835,22359,27820,5102,27815,19898
2020-06-12 09:57:57.77,27900.24,27830,30315,27835,22359,27820,5102,27815,19908
2020-06-12 09:57:58.36,27900.24,27830,30315,27835,22359,27820,5102,27815,20926
2020-06-12 09:57:59.06,27900.24,27830,30315,27835,22359,27820,5112,27815,20926
2020-06-12 09:57:59.86,27900.24,27825,29921,27830,19551,27820,5112,27815,6926
2020-06-12 09:58:00.56,27897.18,27820,25598,27825,19157,27815,6926,27810,5891
2020-06-12 09:58:01.36,27897.18,27820,29869,27825,19157,27815,6926,27810,5891
2020-06-12 09:58:02.27,27897.18,27820,29869,27825,19157,27815,6926,27810,5891
2020-06-12 09:58:02.95,27897.18,27820,29884,27825,19157,27815,6926,27810,5891
2020-06-12 09:58:03.66,27897.18,27820,29884,27825,19157,27815,6926,27810,5891
2020-06-12 09:58:04.36,27897.18,27810,36740,27815,20026,27805,6429,27800,11145
2020-06-12 09:58:05.26,27897.18,27810,39750,27815,20026,27805,6015,27800,11145
2020-06-12 09:58:06.06,27897.18,27810,36740,27815,20026,27805,6285,27800,11145
2020-06-12 09:58:06.66,27897.18,27810,39734,27815,20026,27805,6285,27800,11165
2020-06-12 09:58:07.36,27897.18,27810,39734,27815,20026,27805,6285,27800,11165
2020-06-12 09:58:08.09,27897.18,27815,35080,27820,29021,27805,6384,27800,24199
2020-06-12 09:58:08.87,27897.18,27815,35079,27820,29021,27805,6384,27800,21165
2020-06-12 09:58:09.56,27897.18,27815,35079,27820,19121,27805,4784,27800,25185
2020-06-12 09:58:10.26,27897.18,27815,35041,27820,19121,27810,5587,27805,4784
2020-06-12 09:58:11.06,27878.67,27815,35041,27820,19121,27805,4784,27800,25185
2020-06-12 09:58:11.87,27878.67,27815,35041,27820,19121,27805,4784,27800,25188
2020-06-12 09:58:12.67,27878.67,27815,35041,27820,19121,27805,4784,27800,25188
2020-06-12 09:58:13.39,27878.67,27815,35041,27820,19121,27805,4784,27800,25188
2020-06-12 09:58:13.97,27878.67,27815,35040,27820,19121,27805,4784,27800,22168
2020-06-12 09:58:14.65,27878.67,27815,30013,27820,19129,27810,5587,27805,4784
2020-06-12 09:58:15.46,27878.67,27815,35021,27820,19129,27810,5884,27805,4784
2020-06-12 09:58:16.26,27878.67,27815,35014,27820,19129,27810,297,27805,4901
2020-06-12 09:58:16.96,27878.67,27815,34995,27820,19129,27810,4885,27805,4901
2020-06-12 09:58:17.65,27878.67,27815,34995,27820,19129,27810,24,27805,4573
2020-06-12 09:58:18.35,27878.67,27815,9999,27820,34183,27810,6105,27805,4554
2020-06-12 09:58:19.15,27878.67,27815,29062,27820,19136,27810,6105,27805,4554
2020-06-12 09:58:19.85,27878.67,27820,31160,27825,19157,27815,10,27810,6412
2020-06-12 09:58:20.65,27877.04,27825,34211,27830,32190,27820,4926,27815,5418
2020-06-12 09:58:21.46,27877.04,27825,34211,27830,22290,27820,4926,27815,5418
2020-06-12 09:58:22.17,27877.04,27825,29482,27830,22290,27815,5421,27810,16412
2020-06-12 09:58:22.96,27877.04,27825,29482,27830,22290,27815,5421,27810,19415
2020-06-12 09:58:23.76,27877.04,27830,32615,27835,22779,27820,4852,27815,15355
2020-06-12 09:58:24.56,27877.04,27830,29456,27835,22779,27820,4852,27815,18361
2020-06-12 09:58:25.35,27877.04,27830,29456,27835,22779,27820,4852,27815,18361
2020-06-12 09:58:26.06,27877.04,27830,20323,27835,22779,27825,6060,27820,4852
2020-06-12 09:58:26.79,27877.04,27825,1366,27830,29451,27820,4852,27815,15355
2020-06-12 09:58:27.55,27877.04,27830,26423,27835,22779,27825,107,27820,4852
2020-06-12 09:58:28.26,27877.04,27825,29127,27830,19160,27820,4902,27815,5355
2020-06-12 09:58:29.05,27877.04,27820,28783,27825,21862,27810,6567,27805,20261
2020-06-12 09:58:29.96,27877.04,27820,28783,27825,21862,27810,6567,27805,20261
2020-06-12 09:58:30.66,27879.19,27820,28783,27825,21862,27810,6567,27805,21261
2020-06-12 09:58:31.55,27879.19,27820,29572,27825,19373,27815,5355,27810,6567
2020-06-12 09:58:32.35,27879.19,27820,32545,27825,19373,27810,6567,27805,21261
2020-06-12 09:58:33.26,27879.19,27820,32550,27825,19373,27815,5602,27810,6914
2020-06-12 09:58:33.96,27879.19,27820,29542,27825,19373,27815,5602,27810,6918
2020-06-12 09:58:34.76,27879.19,27820,2489,27825,29698,27815,5602,27810,16918
2020-06-12 09:58:35.55,27879.19,27820,28911,27825,19373,27815,297,27810,6918
2020-06-12 09:58:36.25,27879.19,27820,27911,27825,19373,27815,5652,27810,6918
2020-06-12 09:58:37.05,27879.19,27820,27873,27825,19373,27815,5652,27810,6918
2020-06-12 09:58:37.75,27879.19,27820,27873,27825,19373,27815,5653,27810,6918
2020-06-12 09:58:38.46,27879.19,27820,27873,27825,19373,27815,298,27810,6918
2020-06-12 09:58:39.16,27879.19,27820,27873,27825,19373,27815,298,27810,6918
2020-06-12 09:58:39.75,27879.19,27820,27873,27825,19373,27815,5653,27810,6918
2020-06-12 09:58:40.46,27879.19,27820,27872,27825,19373,27815,298,27810,6918
2020-06-12 09:58:41.05,27872.21,27820,27872,27825,19373,27815,298,27810,6918
2020-06-12 09:58:41.66,27872.21,27820,27872,27825,19373,27815,5653,27810,6918
2020-06-12 09:58:42.46,27872.21,27820,27872,27825,19373,27815,5653,27810,6918
2020-06-12 09:58:43.16,27872.21,27820,1450,27825,29698,27815,5653,27810,6918
2020-06-12 09:58:43.96,27872.21,27820,29557,27825,19373,27815,5657,27810,6918
2020-06-12 09:58:44.75,27872.21,27820,27857,27825,19373,27815,5657,27810,6918
2020-06-12 09:58:45.56,27872.21,27825,107,27830,29785,27820,25295,27815,5657
2020-06-12 09:58:46.30,27872.21,27825,28124,27830,19460,27820,21808,27815,5657
2020-06-12 09:58:46.95,27872.21,27825,26424,27830,19460,27820,15919,27815,5657
2020-06-12 09:58:47.75,27872.21,27825,29450,27830,19460,27820,16128,27815,5657
2020-06-12 09:58:48.45,27872.21,27820,13886,27825,19125,27815,5657,27810,6918
2020-06-12 09:58:49.25,27872.21,27820,10325,27825,19125,27815,5657,27810,6918
2020-06-12 09:58:49.96,27872.21,27820,2488,27825,29450,27815,5070,27810,21096
2020-06-12 09:58:50.76,27884.51,27825,29479,27830,19460,27820,6100,27815,5131
2020-06-12 09:58:51.46,27884.51,27825,26423,27830,19460,27820,6990,27815,5131
2020-06-12 09:58:52.28,27884.51,27825,26423,27830,19460,27820,6990,27815,5131
2020-06-12 09:58:52.95,27884.51,27830,29784,27835,32679,27820,7044,27815,15136
2020-06-12 09:58:53.67,27884.51,27830,10298,27835,43003,27825,6771,27820,7044
2020-06-12 09:58:54.26,27884.51,27835,42520,27840,20683,27825,6771,27820,17044
2020-06-12 09:58:55.06,27884.51,27830,26422,27835,22296,27825,6771,27820,7044
2020-06-12 09:58:55.76,27884.51,27830,26422,27835,22296,27825,6771,27820,7044
2020-06-12 09:58:56.46,27884.51,27830,26422,27835,22296,27825,6771,27820,7044
2020-06-12 09:58:57.17,27884.51,27830,26421,27835,22296,27825,711,27820,7044
2020-06-12 09:58:57.85,27884.51,27835,32619,27840,30583,27825,6771,27820,7044
2020-06-12 09:58:58.66,27884.51,27830,26421,27835,22296,27825,6771,27820,7044
2020-06-12 09:58:59.46,27884.51,27825,404,27830,29423,27820,7044,27815,15137
2020-06-12 09:59:00.16,27884.51,27830,29423,27835,22541,27820,7044,27815,16137
2020-06-12 09:59:01.05,27893.32,27825,26422,27830,19100,27820,7044,27815,5137
2020-06-12 09:59:01.85,27893.32,27820,33126,27825,19139,27815,75,27810,7028
2020-06-12 09:59:02.66,27893.32,27820,33109,27825,19139,27815,75,27810,6768
2020-06-12 09:59:03.35,27893.32,27820,36229,27825,19139,27815,75,27810,6768
2020-06-12 09:59:04.16,27893.32,27820,25074,27825,19139,27815,5137,27810,6768
2020-06-12 09:59:04.96,27893.32,27820,31151,27825,19139,27815,5119,27810,6768
2020-06-12 09:59:05.66,27893.32,27815,37305,27820,19122,27810,6768,27805,8361
2020-06-12 09:59:06.37,27893.32,27815,40357,27820,19122,27810,664,27805,8361
2020-06-12 09:59:07.16,27893.32,27815,40357,27820,19122,27810,664,27805,8361
2020-06-12 09:59:07.74,27893.32,27810,30688,27815,25303,27805,8361,27800,12425
2020-06-12 09:59:09.05,27893.32,27810,33765,27815,25303,27805,2291,27800,12425
2020-06-12 09:59:09.66,27893.32,27810,33764,27815,25303,27805,8351,27800,12425
2020-06-12 09:59:10.25,27888.59,27810,30687,27815,25303,27805,8351,27800,12425
2020-06-12 09:59:10.96,27888.59,27810,33699,27815,25303,27805,2291,27800,12425
2020-06-12 09:59:11.75,27888.59,27805,9999,27810,33699,27800,12425,27795,15239
2020-06-12 09:59:12.77,27888.59,27805,31153,27810,18645,27800,12425,27795,5239
2020-06-12 09:59:13.76,27888.59,27800,37127,27805,19169,27795,1,27790,6367
2020-06-12 09:59:14.86,27888.59,27805,34223,27810,28886,27795,6095,27790,16317
2020-06-12 09:59:15.76,27888.59,27805,34222,27810,28886,27795,6094,27790,19404
2020-06-12 09:59:16.65,27888.59,27805,34222,27810,18986,27800,6054,27795,6094
2020-06-12 09:59:17.47,27888.59,27805,34222,27810,18986,27795,6094,27790,19404
2020-06-12 09:59:18.09,27888.59,27805,9998,27810,34040,27800,6054,27795,6857
2020-06-12 09:59:18.78,27888.59,27805,31150,27810,18986,27795,5887,27790,19404
2020-06-12 09:59:19.61,27888.59,27805,34152,27810,18986,27795,5887,27790,19404
2020-06-12 09:59:20.18,27888.59,27805,31145,27810,18986,27795,5887,27790,20404
2020-06-12 09:59:20.90,27869.05,27810,34040,27815,24206,27800,6054,27795,15887
2020-06-12 09:59:21.56,27869.05,27810,34040,27815,24206,27800,6054,27795,15898
2020-06-12 09:59:22.26,27869.05,27810,34033,27815,24206,27805,6060,27800,6054
2020-06-12 09:59:22.95,27869.05,27810,34033,27815,24206,27805,1,27800,6054
2020-06-12 09:59:23.56,27869.05,27810,34033,27815,24206,27805,1,27800,6054
2020-06-12 09:59:24.28,27869.05,27810,30821,27815,24206,27805,6110,27800,6025
2020-06-12 09:59:24.96,27869.05,27810,33821,27815,24206,27805,850,27800,6025
2020-06-12 09:59:25.85,27869.05,27810,30821,27815,24206,27805,6904,27800,6025
2020-06-12 09:59:26.56,27869.05,27810,339,27815,39260,27805,6904,27800,16025
2020-06-12 09:59:27.26,27869.05,27810,2339,27815,39260,27805,6904,27800,16025
2020-06-12 09:59:27.85,27869.05,27810,339,27815,39260,27805,6904,27800,16025
2020-06-12 09:59:28.59,27869.05,27810,342,27815,39260,27805,6904,27800,17025
2020-06-12 09:59:29.15,27869.05,27810,32723,27815,24206,27805,6904,27800,6025
2020-06-12 09:59:29.76,27869.05,27810,32723,27815,24206,27805,6792,27800,6025
2020-06-12 09:59:30.35,27869.05,27810,35768,27815,24206,27805,49,27800,7025
2020-06-12 09:59:31.06,27843.28,27810,35730,27815,24206,27800,7025,27795,19923
2020-06-12 09:59:31.76,27843.28,27810,35630,27815,24206,27800,7025,27795,19923
2020-06-12 09:59:32.35,27843.28,27810,35629,27815,24206,27800,7119,27795,19923
2020-06-12 09:59:33.65,27843.28,27810,35628,27815,24206,27800,7169,27795,19923
2020-06-12 09:59:34.30,27843.28,27805,110,27810,35628,27800,7169,27795,19923
2020-06-12 09:59:35.05,27843.28,27805,2110,27810,35628,27800,7169,27795,19923
2020-06-12 09:59:35.76,27843.28,27805,76,27810,35628,27800,7169,27795,19945
2020-06-12 09:59:36.35,27843.28,27805,71,27810,32583,27800,7174,27795,19945
2020-06-12 09:59:37.01,27843.28,27805,2071,27810,32583,27800,7174,27795,19945
2020-06-12 09:59:37.55,27843.28,27805,2071,27810,32583,27800,7174,27795,19945
2020-06-12 09:59:38.16,27843.28,27805,2024,27810,32583,27800,7174,27795,19945
2020-06-12 09:59:38.66,27843.28,27810,12101,27815,39265,27805,6279,27800,17174
2020-06-12 09:59:39.26,27843.28,27810,32583,27815,24211,27805,6060,27800,7184
2020-06-12 09:59:39.85,27843.28,27805,1901,27810,32583,27800,5601,27795,19945
2020-06-12 09:59:40.46,27854.4,27810,32583,27815,24211,27805,6100,27800,5602
2020-06-12 09:59:41.16,27854.4,27810,202,27815,39265,27805,6100,27800,15603
2020-06-12 09:59:41.85,27854.4,27810,12101,27815,39265,27805,6150,27800,15603
2020-06-12 09:59:42.55,27854.4,27815,39265,27820,30553,27810,1379,27805,6150
2020-06-12 09:59:43.36,27854.4,27815,39265,27820,20653,27805,6150,27800,16603
2020-06-12 09:59:43.96,27854.4,27815,39265,27820,20653,27805,6150,27800,19612
2020-06-12 09:59:44.66,27854.4,27815,36210,27820,20653,27805,6150,27800,19612
2020-06-12 09:59:45.36,27854.4,27815,44209,27820,20653,27805,6150,27800,19612
2020-06-12 09:59:46.05,27854.4,27815,44209,27820,20653,27805,6150,27800,19612
2020-06-12 09:59:46.75,27854.4,27815,44209,27820,20653,27805,6150,27800,19612
2020-06-12 09:59:47.36,27854.4,27815,44209,27820,20653,27805,6167,27800,19662
2020-06-12 09:59:47.96,27854.4,27815,44209,27820,20653,27805,6167,27800,20134
2020-06-12 09:59:48.55,27854.4,27815,44209,27820,20653,27805,6167,27800,20134
2020-06-12 09:59:49.16,27854.4,27815,44209,27820,20653,27805,6162,27800,20134
2020-06-12 09:59:49.75,27854.4,27815,4983,27820,35707,27810,6100,27805,19180
2020-06-12 09:59:50.36,27854.4,27820,31153,27825,20712,27810,6100,27805,19180
2020-06-12 09:59:51.05,27850.49,27825,35766,27830,30152,27815,5857,27810,19100
2020-06-12 09:59:51.96,27850.49,27830,45195,27835,22658,27825,3606,27820,5600
2020-06-12 09:59:52.96,27850.49,27835,2053,27840,35783,27830,10909,27825,19701
2020-06-12 09:59:53.95,27850.49,27840,12,27845,45926,27835,7717,27830,18075
2020-06-12 09:59:55.06,27850.49,27840,32052,27845,20972,27835,2050,27830,8075
2020-06-12 09:59:56.06,27850.49,27840,31152,27845,20972,27835,3300,27830,8075
2020-06-12 09:59:56.86,27850.49,27840,34186,27845,20972,27830,8075,27825,22732
2020-06-12 09:59:57.55,27850.49,27840,11,27845,36026,27835,5664,27830,18125
2020-06-12 09:59:58.36,27850.49,27845,36026,27850,21280,27835,5664,27830,21164
2020-06-12 09:59:59.06,27850.49,27845,36025,27850,21280,27840,5600,27835,5664
2020-06-12 09:59:59.75,27850.49,27840,31445,27845,19414,27830,8125,27825,32731
2020-06-12 10:00:00.56,27858.78,27835,1,27840,37759,27830,8125,27825,22732
2020-06-12 10:00:01.36,27858.78,27840,5600,27845,34468,27835,4618,27830,18125
2020-06-12 10:00:02.25,27858.78,27835,4618,27840,34992,27830,8125,27825,23732
2020-06-12 10:00:03.25,27858.78,27835,4618,27840,34992,27830,8125,27825,23732
2020-06-12 10:00:04.26,27858.78,27840,800,27845,34468,27835,7939,27830,18125
2020-06-12 10:00:05.06,27858.78,27840,899,27845,34468,27835,6521,27830,21147
2020-06-12 10:00:05.95,27858.78,27845,281,27850,36334,27840,6252,27835,16521
2020-06-12 10:00:06.95,27858.78,27845,7274,27850,36334,27840,8600,27835,16531
2020-06-12 10:00:07.95,27858.78,27845,281,27850,36334,27840,8650,27835,19554
2020-06-12 10:00:09.15,27858.78,27845,7274,27850,36334,27840,8650,27835,6531
2020-06-12 10:00:10.15,27858.78,27845,31425,27850,21280,27840,4875,27835,6531
2020-06-12 10:00:11.15,27880.52,27845,390,27850,36334,27840,10475,27835,16531
2020-06-12 10:00:12.06,27880.52,27845,35519,27850,21280,27840,4367,27835,6531
2020-06-12 10:00:12.86,27880.52,27845,35519,27850,21280,27840,4367,27835,6531
2020-06-12 10:00:13.65,27880.52,27835,29508,27840,18387,27830,8154,27825,9701
2020-06-12 10:00:14.56,27880.52,27840,33441,27845,20465,27830,8105,27825,19701
2020-06-12 10:00:15.26,27880.52,27835,34209,27840,18538,27830,288,27825,9701
2020-06-12 10:00:16.15,27880.52,27835,34205,27840,18538,27830,81,27825,9702
2020-06-12 10:00:16.96,27880.52,27830,33562,27835,19151,27825,3607,27820,5651
2020-06-12 10:00:17.76,27880.52,27825,33538,27830,18508,27820,51,27815,4618
2020-06-12 10:00:18.56,27880.52,27825,36581,27830,18508,27815,4769,27810,21673
2020-06-12 10:00:19.46,27880.52,27815,31155,27820,19162,27810,6151,27805,14864
2020-06-12 10:00:20.46,27880.52,27815,33309,27820,19162,27805,14864,27800,21756
2020-06-12 10:00:21.26,27882.47,27810,33558,27815,18255,27805,8769,27800,6142
2020-06-12 10:00:22.26,27882.47,27805,26990,27810,18485,27800,6142,27795,4684
2020-06-12 10:00:23.16,27882.47,27800,5218,27805,29199,27795,4694,27790,16544
2020-06-12 10:00:23.96,27882.47,27805,29199,27810,18485,27795,4694,27790,16544
2020-06-12 10:00:24.76,27882.47,27805,29198,27810,18485,27795,4694,27790,20544
2020-06-12 10:00:25.59,27882.47,27805,29145,27810,18485,27795,4694,27790,17544
2020-06-12 10:00:26.27,27882.47,27805,29107,27810,18485,27800,1,27795,4694
2020-06-12 10:00:27.05,27882.47,27805,29107,27810,18485,27800,1,27795,4694
2020-06-12 10:00:27.85,27882.47,27800,24717,27805,19107,27795,4694,27790,6584
2020-06-12 10:00:28.55,27882.47,27800,27789,27805,19107,27795,4694,27790,6589
2020-06-12 10:00:29.37,27882.47,27800,27773,27805,19107,27795,1056,27790,6589
2020-06-12 10:00:30.18,27882.47,27795,26005,27800,17780,27790,6589,27785,6384
2020-06-12 10:00:31.05,27879.54,27795,29043,27800,17780,27790,660,27785,6384
2020-06-12 10:00:32.05,27879.54,27790,25226,27795,19045,27785,1,27780,9957
2020-06-12 10:00:33.05,27879.54,27785,25712,27790,15225,27780,4347,27775,6237
2020-06-12 10:00:34.05,27879.54,27795,44093,27800,7781,27785,7100,27780,20597
2020-06-12 10:00:35.16,27879.54,27790,34167,27795,19040,27785,6900,27780,10597
2020-06-12 10:00:36.16,27879.54,27785,33816,27790,9114,27780,4997,27775,6237
2020-06-12 10:00:37.36,27879.54,27775,30933,27780,17518,27770,7062,27765,6298
2020-06-12 10:00:38.46,27879.54,27780,37537,27785,8813,27770,17062,27765,6298
2020-06-12 10:00:39.55,27879.54,27780,37520,27785,8813,27770,17062,27765,6298
2020-06-12 10:00:40.46,27879.54,27780,37538,27785,8813,27775,5012,27770,17062
2020-06-12 10:00:41.47,27860.01,27775,33852,27780,12705,27765,16295,27760,6460
2020-06-12 10:00:42.55,27860.01,27780,35691,27785,8825,27770,14084,27765,7295
2020-06-12 10:00:43.36,27860.01,27780,35690,27785,8825,27775,4612,27770,14084
2020-06-12 10:00:44.25,27860.01,27780,15043,27785,18824,27775,5612,27770,14084
2020-06-12 10:00:45.25,27860.01,27780,29764,27785,8825,27775,1000,27770,14085
2020-06-12 10:00:46.25,27860.01,27780,19765,27785,18824,27775,4612,27770,14085
2020-06-12 10:00:47.06,27860.01,27780,29764,27785,8825,27770,14135,27765,10349
2020-06-12 10:00:47.95,27860.01,27780,2092,27785,31779,27775,14608,27770,4135
2020-06-12 10:00:48.77,27860.01,27780,2092,27785,31779,27775,14608,27770,4135
2020-06-12 10:00:49.66,27860.01,27785,31779,27790,9114,27780,450,27775,14608
2020-06-12 10:00:50.45,27860.01,27785,20416,27790,9113,27780,6900,27775,14608
2020-06-12 10:00:51.26,27867.91,27785,31805,27790,9113,27780,367,27775,14608
2020-06-12 10:00:52.06,27867.91,27790,34166,27795,10664,27780,17167,27775,4608
2020-06-12 10:00:52.86,27867.91,27795,33685,27800,19213,27790,38,27785,17400
2020-06-12 10:00:53.65,27867.91,27790,25015,27795,8627,27785,7400,27780,17167
2020-06-12 10:00:54.45,27867.91,27790,21115,27795,18626,27785,6150,27780,17167
2020-06-12 10:00:55.36,27867.91,27785,20923,27790,19183,27780,5967,27775,18609
2020-06-12 10:00:56.15,27867.91,27785,30822,27790,9184,27780,367,27775,14608
2020-06-12 10:00:56.95,27867.91,27785,30821,27790,9184,27780,417,27775,14608
2020-06-12 10:00:57.65,27867.91,27780,21033,27785,18821,27770,17187,27765,19348
2020-06-12 10:00:58.45,27867.91,27780,31031,27785,8822,27770,13151,27765,9349
2020-06-12 10:00:59.26,27867.91,27770,28263,27775,8697,27765,6275,27760,16465
2020-06-12 10:01:00.16,27867.91,27765,22322,27770,20500,27760,865,27755,14758
2020-06-12 10:01:01.16,27861.43,27765,32321,27770,10501,27755,14758,27750,14503
2020-06-12 10:01:01.96,27861.43,27770,35514,27775,8697,27760,15000,27755,4758
2020-06-12 10:01:02.96,27861.43,27760,16516,27765,20347,27755,4758,27750,25503
2020-06-12 10:01:04.16,27861.43,27745,19999,27750,3690,27740,6607,27735,17785
2020-06-12 10:01:05.45,27861.43,27750,24777,27755,10604,27740,16604,27735,8785
2020-06-12 10:01:06.66,27861.43,27740,23849,27745,10600,27735,4742,27730,22675
2020-06-12 10:01:07.75,27861.43,27750,33642,27755,10604,27740,40406,27735,7774
2020-06-12 10:01:08.86,27861.43,27745,29101,27750,9341,27740,30374,27735,14742
2020-06-12 10:01:09.86,27861.43,27740,17116,27745,13361,27735,4742,27730,22705
2020-06-12 10:01:10.75,27853.87,27750,27645,27755,20504,27740,29247,27735,7793
2020-06-12 10:01:11.75,27853.87,27750,10,27755,38840,27745,17750,27740,13106
2020-06-12 10:01:12.65,27853.87,27755,40346,27760,10246,27750,900,27745,17750
2020-06-12 10:01:13.56,27853.87,27760,31586,27765,12168,27750,17890,27745,10770
2020-06-12 10:01:14.45,27853.87,27770,36973,27775,10731,27760,16100,27755,5688
2020-06-12 10:01:15.36,27853.87,27775,27440,27780,12237,27765,22552,27760,10922
2020-06-12 10:01:16.36,27853.87,27780,1500,27785,27440,27775,19683,27770,9099
2020-06-12 10:01:17.26,27853.87,27785,27440,27790,10734,27780,9100,27775,20902
2020-06-12 10:01:18.15,27853.87,27790,27436,27795,10733,27780,16100,27775,11902
2020-06-12 10:01:19.06,27853.87,27790,27436,27795,10733,27785,5762,27780,16100
2020-06-12 10:01:19.95,27853.87,27795,32373,27800,20770,27790,38,27785,15762
2020-06-12 10:01:20.76,27846.18,27800,42110,27805,10704,27790,17880,27785,5762
2020-06-12 10:01:21.65,27846.18,27800,40496,27805,10704,27790,16080,27785,9799
2020-06-12 10:01:22.56,27846.18,27800,30495,27805,10704,27790,16011,27785,9799
2020-06-12 10:01:23.46,27846.18,27800,27474,27805,10704,27790,16011,27785,9799
2020-06-12 10:01:24.15,27846.18,27800,27474,27805,10704,27790,16081,27785,9799
2020-06-12 10:01:24.96,27846.18,27800,36,27805,30446,27795,16100,27790,9123
2020-06-12 10:01:25.76,27846.18,27800,1,27805,27234,27795,17100,27790,9123
2020-06-12 10:01:26.46,27846.18,27800,1875,27805,30307,27795,16100,27790,9123
2020-06-12 10:01:27.26,27846.18,27795,49845,27800,11028,27790,70,27785,15762
2020-06-12 10:01:28.35,27846.18,27785,1675,27790,27434,27780,16095,27775,10747
2020-06-12 10:01:29.15,27846.18,27785,1890,27790,30450,27780,16095,27775,10747
2020-06-12 10:01:30.06,27846.18,27785,1900,27790,30450,27780,16091,27775,11747
2020-06-12 10:01:30.85,27828.0,27780,1800,27785,28854,27775,21747,27770,12661
2020-06-12 10:01:31.65,27828.0,27780,29238,27785,10585,27775,74,27770,22661
2020-06-12 10:01:32.46,27828.0,27780,29238,27785,10585,27770,18019,27765,17221
2020-06-12 10:01:33.26,27828.0,27780,1,27785,31923,27775,16100,27770,11138
2020-06-12 10:01:34.16,27828.0,27785,2,27790,27436,27780,16106,27775,9104
2020-06-12 10:01:34.96,27828.0,27790,27436,27795,12461,27785,5760,27780,19124
2020-06-12 10:01:35.85,27828.0,27780,8307,27785,30235,27770,21138,27765,25315
2020-06-12 10:01:36.66,27828.0,27780,30532,27785,8897,27775,6347,27770,21188
2020-06-12 10:01:37.46,27828.0,27780,28632,27785,8897,27775,6347,27770,22188
2020-06-12 10:01:38.26,27828.0,27785,27235,27790,21025,27780,2,27775,16347
2020-06-12 10:01:39.07,27828.0,27790,39337,27795,10563,27780,16101,27775,9356
2020-06-12 10:01:39.86,27828.0,27790,27437,27795,10563,27780,16149,27775,9356
2020-06-12 10:01:40.66,27827.67,27785,29951,27790,11187,27780,815,27775,16347
2020-06-12 10:01:41.66,27827.67,27785,26935,27790,11187,27780,865,27775,16347
2020-06-12 10:01:42.66,27827.67,27775,32219,27780,9098,27770,2108,27765,20697
2020-06-12 10:01:43.66,27827.67,27780,30439,27785,8619,27770,18119,27765,13723
2020-06-12 10:01:44.55,27827.67,27775,6099,27780,30439,27770,18289,27765,10697
2020-06-12 10:01:45.46,27827.67,27765,2979,27770,36955,27760,6099,27755,22510
2020-06-12 10:01:46.46,27827.67,27755,15054,27760,23465,27750,6155,27745,25419
2020-06-12 10:01:47.46,27827.67,27765,30161,27770,21436,27755,16138,27750,11655
2020-06-12 10:01:48.36,27827.67,27760,28266,27765,7990,27755,7178,27750,18905
2020-06-12 10:01:49.25,27827.67,27765,25145,27770,21436,27760,651,27755,19178
2020-06-12 10:01:50.16,27827.67,27765,28270,27770,11458,27760,6750,27755,22191
2020-06-12 10:01:51.05,27834.54,27760,30255,27765,9226,27755,7178,27750,21915
2020-06-12 10:01:51.95,27834.54,27765,28470,27770,11458,27760,3200,27755,17178
2020-06-12 10:01:52.86,27834.54,27760,28255,27765,9411,27755,7174,27750,18905
2020-06-12 10:01:53.75,27834.54,27760,28254,27765,9411,27755,1074,27750,18905
2020-06-12 10:01:54.75,27834.54,27755,1900,27760,27360,27750,16013,27745,13801
2020-06-12 10:01:55.75,27834.54,27760,27360,27765,9411,27755,3572,27750,16013
2020-06-12 10:01:56.66,27834.54,27765,27575,27770,9118,27760,12041,27755,16119
2020-06-12 10:01:57.56,27834.54,27760,39860,27765,9343,27755,19,27750,16014
2020-06-12 10:01:58.56,27834.54,27765,200,27770,28266,27760,23112,27755,9156
2020-06-12 10:01:59.45,27834.54,27765,33487,27770,9118,27755,16119,27750,9027
2020-06-12 10:02:00.25,27824.62,27760,28255,27765,11317,27755,6119,27750,16025
2020-06-12 10:02:01.15,27824.62,27760,31266,27765,11317,27755,19,27750,16025
2020-06-12 10:02:02.06,27824.62,27760,7116,27765,26370,27755,6119,27750,19037
2020-06-12 10:02:02.95,27824.62,27765,2200,27770,41141,27760,23096,27755,9209
2020-06-12 10:02:03.86,27824.62,27770,6970,27775,36041,27765,17900,27760,8487
2020-06-12 10:02:04.76,27824.62,27770,6970,27775,36041,27765,17900,27760,11494
2020-06-12 10:02:05.65,27824.62,27770,3110,27775,41447,27765,6100,27760,21494
2020-06-12 10:02:06.56,27824.62,27775,28407,27780,10857,27770,6011,27765,16100
2020-06-12 10:02:07.36,27824.62,27780,28298,27785,20726,27775,4620,27770,16011
2020-06-12 10:02:08.15,27824.62,27780,27551,27785,20726,27770,16011,27765,9151
2020-06-12 10:02:09.06,27824.62,27780,27551,27785,10726,27775,6100,27770,16011
2020-06-12 10:02:09.86,27824.62,27775,7086,27780,27551,27770,16011,27765,9151
2020-06-12 10:02:10.76,27837.45,27780,27353,27785,10726,27770,16011,27765,6100
2020-06-12 10:02:11.56,27837.45,27780,24351,27785,10726,27775,6100,27770,19014
2020-06-12 10:02:12.56,27837.45,27780,24350,27785,10726,27770,16011,27765,9114
2020-06-12 10:02:13.49,27837.45,27780,189,27785,28802,27775,15785,27770,9122
2020-06-12 10:02:14.35,27837.45,27780,20327,27785,10726,27775,5785,27770,19128
2020-06-12 10:02:15.35,27837.45,27775,6102,27780,29468,27770,6111,27765,19114
2020-06-12 10:02:16.26,27837.45,27780,29446,27785,10726,27770,16161,27765,9114
2020-06-12 10:02:17.15,27837.45,27780,152,27785,28779,27775,18170,27770,8259
2020-06-12 10:02:18.06,27837.45,27780,152,27785,28779,27775,16071,27770,11302
2020-06-12 10:02:18.96,27837.45,27785,24152,27790,10683,27775,16071,27770,11302
2020-06-12 10:02:19.76,27837.45,27785,24152,27790,10683,27775,16071,27770,11302
2020-06-12 10:02:20.55,27826.17,27785,24152,27790,10683,27775,16071,27770,11302
2020-06-12 10:02:21.46,27826.17,27790,28736,27795,10673,27780,16099,27775,11210
2020-06-12 10:02:22.26,27826.17,27785,6099,27790,28736,27780,17366,27775,11210
2020-06-12 10:02:23.15,27826.17,27785,9382,27790,29853,27780,17366,27775,11210
2020-06-12 10:02:24.05,27826.17,27790,28736,27795,20673,27780,17363,27775,11210
2020-06-12 10:02:24.85,27826.17,27790,24,27795,38726,27785,16100,27780,9663
2020-06-12 10:02:25.76,27826.17,27795,24157,27800,10665,27785,16100,27780,10375
2020-06-12 10:02:26.66,27826.17,27795,27196,27800,10665,27785,17364,27780,9111
2020-06-12 10:02:27.55,27826.17,27790,27163,27795,9197,27785,66,27780,16099
2020-06-12 10:02:28.26,27826.17,27780,658,27785,24152,27775,18171,27770,11302
2020-06-12 10:02:29.05,27826.17,27785,1,27790,29463,27780,6481,27775,16124
2020-06-12 10:02:29.76,27826.17,27785,26443,27790,11410,27775,16124,27770,11302
2020-06-12 10:02:30.35,27826.17,27785,24143,27790,11410,27780,6099,27775,21371
2020-06-12 10:02:31.16,27825.39,27790,29463,27795,9197,27785,5,27780,16099
2020-06-12 10:02:31.96,27825.39,27790,27163,27795,9197,27780,15999,27775,11871
2020-06-12 10:02:32.75,27825.39,27785,24142,27790,11414,27780,1,27775,18871
2020-06-12 10:02:33.66,27825.39,27790,29467,27795,9197,27780,15999,27775,9607
2020-06-12 10:02:34.55,27825.39,27785,6970,27790,20197,27780,15999,27775,9617
2020-06-12 10:02:35.46,27825.39,27780,34138,27785,11534,27775,548,27770,18259
2020-06-12 10:02:36.25,27825.39,27780,37246,27785,11534,27770,16159,27765,10640
2020-06-12 10:02:37.16,27825.39,27775,29616,27780,19193,27770,171,27765,16102
2020-06-12 10:02:37.96,27825.39,27775,29616,27780,19193,27770,171,27765,16102
2020-06-12 10:02:38.66,27825.39,27775,26552,27780,19193,27770,171,27765,16102
2020-06-12 10:02:39.38,27825.39,27775,26552,27780,19193,27770,171,27765,16102
2020-06-12 10:02:39.95,27825.39,27780,37246,27785,11904,27775,7,27770,16273
2020-06-12 10:02:40.66,27820.3,27780,37246,27785,11904,27770,16273,27765,9103
2020-06-12 10:02:41.45,27820.3,27775,6099,27780,37246,27770,6773,27765,19123
2020-06-12 10:02:42.36,27820.3,27775,29509,27780,19193,27770,665,27765,16122
2020-06-12 10:02:43.15,27820.3,27775,24102,27780,19193,27770,665,27765,19132
2020-06-12 10:02:43.95,27820.3,27780,37246,27785,11904,27770,16673,27765,9132
2020-06-12 10:02:44.76,27820.3,27785,29957,27790,19114,27775,16080,27770,6673
2020-06-12 10:02:45.65,27820.3,27780,6085,27785,27519,27775,6080,27770,19673
2020-06-12 10:02:46.56,27820.3,27785,27519,27790,9114,27775,16080,27770,9673
2020-06-12 10:02:47.25,27820.3,27785,370,27790,27167,27780,16100,27775,9086
2020-06-12 10:02:48.06,27820.3,27780,25554,27785,9479,27775,11,27770,17469
2020-06-12 10:02:48.85,27820.3,27775,24086,27780,12758,27770,7469,27765,19133
2020-06-12 10:02:49.76,27820.3,27775,29539,27780,12758,27765,16123,27760,11890
2020-06-12 10:02:50.56,27820.4,27775,27119,27780,12758,27765,16173,27760,11890
2020-06-12 10:02:51.46,27820.4,27770,22676,27775,9382,27765,73,27760,17325
2020-06-12 10:02:52.15,27820.4,27775,27419,27780,22758,27765,6173,27760,20327
2020-06-12 10:02:53.15,27820.4,27770,22676,27775,11582,27765,73,27760,17325
2020-06-12 10:02:54.15,27820.4,27770,22676,27775,11582,27765,53,27760,17325
2020-06-12 10:02:54.96,27820.4,27775,2500,27780,31265,27770,35049,27765,9167
2020-06-12 10:02:55.96,27820.4,27780,28172,27785,19529,27770,32760,27765,9167
2020-06-12 10:02:56.75,27820.4,27780,2400,27785,24546,27775,16070,27770,25798
2020-06-12 10:02:57.55,27820.4,27780,2400,27785,27583,27775,17270,27770,25798
2020-06-12 10:02:58.35,27820.4,27785,1507,27790,26133,27780,6159,27775,17270
2020-06-12 10:02:59.36,27820.4,27785,27066,27790,9163,27780,6100,27775,17270
2020-06-12 10:03:00.16,27825.88,27785,27066,27790,9163,27780,6100,27775,17270
2020-06-12 10:03:01.05,27825.88,27775,17989,27780,13758,27770,22761,27765,16203
2020-06-12 10:03:01.96,27825.88,27775,29542,27780,13758,27770,14642,27765,16203
2020-06-12 10:03:02.86,27825.88,27770,29263,27775,9164,27765,103,27760,17330
2020-06-12 10:03:03.75,27825.88,27775,31188,27780,21358,27765,16200,27760,7330
2020-06-12 10:03:04.75,27825.88,27775,31186,27780,21358,27765,6200,27760,17330
2020-06-12 10:03:05.66,27825.88,27775,31186,27780,11358,27765,16200,27760,10386
2020-06-12 10:03:06.45,27825.88,27775,31086,27780,11358,27765,16200,27760,10386
2020-06-12 10:03:08.06,27825.88,27775,31086,27780,21358,27765,16200,27760,10386
2020-06-12 10:03:08.86,27825.88,27770,28875,27775,9164,27765,6200,27760,17330
2020-06-12 10:03:09.56,27825.88,27765,23255,27770,17321,27760,7330,27755,20756
2020-06-12 10:03:10.36,27825.88,27770,31987,27775,9164,27760,17330,27755,10756
2020-06-12 10:03:11.25,27819.29,27760,35353,27765,8994,27755,87,27750,16335
2020-06-12 10:03:12.25,27819.29,27760,27500,27765,8994,27755,6157,27750,16335
2020-06-12 10:03:13.16,27819.29,27760,30513,27765,8994,27755,87,27750,16335
2020-06-12 10:03:14.06,27819.29,27765,27389,27770,17751,27755,16158,27750,9371
2020-06-12 10:03:14.75,27819.29,27765,27389,27770,17751,27760,6100,27755,16158
2020-06-12 10:03:15.56,27819.29,27770,39151,27775,9164,27760,16100,27755,9183
2020-06-12 10:03:16.45,27819.29,27765,20419,27770,14721,27760,6100,27755,19183
2020-06-12 10:03:17.25,27819.29,27765,30408,27770,7751,27755,16158,27750,9364
2020-06-12 10:03:18.26,27819.29,27765,27388,27770,7751,27760,6100,27755,16158
2020-06-12 10:03:19.06,27819.29,27765,30416,27770,7751,27755,16158,27750,9364
2020-06-12 10:03:19.86,27819.29,27770,29151,27775,9184,27760,16100,27755,19164
2020-06-12 10:03:20.56,27814.22,27775,30584,27780,20651,27765,16100,27760,19135
2020-06-12 10:03:21.36,27814.22,27780,5080,27785,32476,27775,16458,27770,19021
2020-06-12 10:03:22.36,27814.22,27780,33253,27785,11076,27770,15988,27765,19104
2020-06-12 10:03:23.15,27814.22,27780,6969,27785,25506,27775,16070,27770,6038
2020-06-12 10:03:24.06,27814.22,27790,37979,27795,10590,27785,4562,27780,24409
2020-06-12 10:03:25.15,27814.22,27790,26269,27795,15170,27780,24409,27775,19093
2020-06-12 10:03:26.15,27814.22,27790,26269,27795,15170,27780,24409,27775,19093
2020-06-12 10:03:26.95,27814.22,27785,22957,27790,12100,27780,14459,27775,19094
2020-06-12 10:03:27.76,27814.22,27780,16969,27785,11835,27775,6070,27770,19054
2020-06-12 10:03:28.56,27814.22,27780,23068,27785,11835,27775,6070,27770,19054
2020-06-12 10:03:29.35,27814.22,27780,26108,27785,11835,27770,16038,27765,9105
2020-06-12 10:03:30.06,27814.22,27775,22950,27780,11904,27770,6038,27765,19109
2020-06-12 10:03:31.65,27819.41,27775,22950,27780,11904,27770,50,27765,16100
2020-06-12 10:03:32.46,27819.41,27780,28873,27785,16415,27770,16038,27765,9118
2020-06-12 10:03:33.35,27819.41,27775,25845,27780,22003,27770,6038,27765,16100
2020-06-12 10:03:34.15,27819.41,27775,33924,27780,22003,27770,50,27765,16100
2020-06-12 10:03:34.85,27819.41,27775,24923,27780,22003,27770,6038,27765,16100
2020-06-12 10:03:35.65,27819.41,27775,33960,27780,22003,27770,50,27765,16100
2020-06-12 10:03:36.46,27819.41,27765,22547,27770,17600,27760,6150,27755,16159
2020-06-12 10:03:37.26,27819.41,27765,28535,27770,17600,27760,50,27755,16159
2020-06-12 10:03:38.05,27819.41,27765,28535,27770,17600,27760,50,27755,16159
2020-06-12 10:03:38.76,27819.41,27765,31560,27770,17600,27760,50,27755,16159
2020-06-12 10:03:39.46,27819.41,27765,28532,27770,17600,27760,44,27755,16159
2020-06-12 10:03:40.16,27819.41,27760,33940,27765,18991,27755,89,27750,16338
2020-06-12 10:03:40.96,27835.89,27760,36980,27765,18991,27755,89,27750,16338
2020-06-12 10:03:41.76,27835.89,27760,33940,27765,18991,27755,6070,27750,16338
2020-06-12 10:03:42.55,27835.89,27765,34042,27770,22180,27755,16050,27750,9348
2020-06-12 10:03:43.35,27835.89,27760,34212,27765,19291,27750,16338,27745,12513
2020-06-12 10:03:44.16,27835.89,27760,34212,27765,19291,27755,6110,27750,16338
2020-06-12 10:03:45.05,27835.89,27760,31192,27765,19291,27750,16338,27745,12513
2020-06-12 10:03:45.85,27835.89,27760,34275,27765,19291,27750,16768,27745,12513
2020-06-12 10:03:46.66,27835.89,27760,34301,27765,19291,27750,16818,27745,12513
2020-06-12 10:03:47.55,27835.89,27760,34304,27765,19291,27750,16818,27745,12513
2020-06-12 10:03:48.25,27835.89,27755,24795,27760,19253,27750,830,27745,17917
2020-06-12 10:03:48.96,27835.89,27755,24795,27760,19253,27750,6818,27745,17917
2020-06-12 10:03:49.96,27822.54,27755,24794,27760,19253,27750,6818,27745,17917
2020-06-12 10:03:50.75,27822.54,27755,24794,27760,19253,27750,711,27745,17917
2020-06-12 10:03:51.55,27822.54,27755,24794,27760,19253,27750,278,27745,17917
2020-06-12 10:03:52.46,27822.54,27755,27808,27760,19253,27745,17917,27740,8091
2020-06-12 10:03:53.36,27822.54,27755,24293,27760,19253,27750,5990,27745,18663
2020-06-12 10:03:54.25,27822.54,27755,24293,27760,19253,27750,6004,27745,18663
2020-06-12 10:03:54.95,27822.54,27755,24293,27760,19253,27750,6095,27745,17917
2020-06-12 10:03:55.78,27822.54,27755,30043,27760,19253,27745,17917,27740,11117
2020-06-12 10:03:56.55,27822.54,27760,30945,27765,23934,27750,11020,27745,10953
2020-06-12 10:03:57.36,27822.54,27755,25810,27760,19253,27750,1570,27745,17917
2020-06-12 10:03:58.16,27822.54,27755,26141,27760,19253,27750,560,27745,17917
2020-06-12 10:03:58.95,27822.54,27750,26799,27755,17349,27745,7917,27740,21117
2020-06-12 10:03:59.66,27822.54,27750,26569,27755,17349,27745,1817,27740,18091
2020-06-12 10:04:00.36,27822.54,27750,26387,27755,17377,27740,18191,27735,10852
2020-06-12 10:04:01.25,27831.11,27750,29422,27755,17377,27740,18191,27735,6238
2020-06-12 10:04:02.06,27831.11,27755,4620,27760,33800,27750,8411,27745,15760
2020-06-12 10:04:02.95,27831.11,27760,30912,27765,17961,27750,16820,27745,8771
2020-06-12 10:04:03.86,27831.11,27760,30912,27765,17961,27750,17259,27745,8771
2020-06-12 10:04:04.75,27831.11,27760,30912,27765,17961,27750,17259,27745,8771
2020-06-12 10:04:05.56,27831.11,27760,30912,27765,22541,27750,17359,27745,8771
2020-06-12 10:04:06.45,27831.11,27755,22336,27760,21920,27750,7359,27745,18791
2020-06-12 10:04:07.25,27831.11,27755,1692,27760,31920,27750,17359,27745,8791
2020-06-12 10:04:08.06,27831.11,27755,28409,27760,21920,27750,101,27745,15780
2020-06-12 10:04:08.95,27831.11,27750,37068,27755,16718,27745,20,27740,18191
2020-06-12 10:04:09.76,27831.11,27745,25043,27750,25067,27740,2091,27735,16238
2020-06-12 10:04:10.56,27819.18,27745,25043,27750,25067,27740,2091,27735,16238
2020-06-12 10:04:11.26,27819.18,27740,29379,27745,16341,27735,188,27730,22165
2020-06-12 10:04:12.15,27819.18,27745,33010,27750,24705,27735,15898,27730,12165
2020-06-12 10:04:13.15,27819.18,27745,30001,27750,24705,27735,15558,27730,12165
2020-06-12 10:04:13.96,27819.18,27745,4978,27750,31816,27740,6100,27735,18640
2020-06-12 10:04:14.85,27819.18,27745,30101,27750,20125,27740,6100,27735,15618
2020-06-12 10:04:15.76,27819.18,27740,10777,27745,33164,27735,15619,27730,12165
2020-06-12 10:04:16.56,27819.18,27745,4978,27750,31819,27740,16110,27735,8493
2020-06-12 10:04:17.35,27819.18,27750,39,27755,28409,27745,15760,27740,6110
2020-06-12 10:04:18.26,27819.18,27760,36191,27765,15161,27750,18671,27745,5760
2020-06-12 10:04:19.06,27819.18,27755,25235,27760,23890,27750,2522,27745,15760
2020-06-12 10:04:19.76,27819.18,27755,25234,27760,19310,27750,8622,27745,15760
2020-06-12 10:04:20.56,27813.34,27760,31000,27765,19745,27750,18622,27745,8781
2020-06-12 10:04:21.35,27813.34,27755,25334,27760,19310,27745,15760,27740,9124
2020-06-12 10:04:22.15,27813.34,27755,25334,27760,19310,27745,15760,27740,9124
2020-06-12 10:04:22.96,27813.34,27755,22771,27760,19310,27745,15810,27740,9124
2020-06-12 10:04:23.65,27813.34,27750,6,27755,22771,27745,15810,27740,9124
2020-06-12 10:04:24.46,27813.34,27760,31000,27765,15205,27750,6100,27745,18862
2020-06-12 10:04:25.36,27813.34,27760,30997,27765,15205,27750,16150,27745,8862
2020-06-12 10:04:26.16,27813.34,27760,27895,27765,15205,27755,5463,27750,16150
2020-06-12 10:04:26.96,27813.34,27760,30900,27765,15205,27750,16150,27745,8862
2020-06-12 10:04:27.75,27813.34,27760,27895,27765,15205,27750,16150,27745,8862
2020-06-12 10:04:28.45,27813.34,27760,33609,27765,15205,27750,15580,27745,8862
2020-06-12 10:04:29.25,27813.34,27750,1388,27755,25370,27745,15810,27740,9124
2020-06-12 10:04:30.05,27813.34,27750,2362,27755,25357,27745,15810,27740,9124
2020-06-12 10:04:30.75,27814.82,27750,30089,27755,13687,27745,5810,27740,19124
2020-06-12 10:04:31.55,27814.82,27750,32879,27755,13687,27745,5,27740,16120
2020-06-12 10:04:32.36,27814.82,27745,22222,27750,21169,27740,20,27735,18653
2020-06-12 10:04:33.25,27814.82,27755,27677,27760,23799,27740,16120,27735,18652
2020-06-12 10:04:34.06,27814.82,27745,1,27750,29819,27740,16120,27735,8653
2020-06-12 10:04:34.86,27814.82,27745,24223,27750,18930,27740,20,27735,15644
2020-06-12 10:04:35.56,27814.82,27740,9879,27745,23551,27735,141,27730,22130
2020-06-12 10:04:36.36,27814.82,27740,29878,27745,13551,27730,17511,27725,10496
2020-06-12 10:04:37.25,27814.82,27735,22333,27740,21247,27730,1411,27725,15868
2020-06-12 10:04:38.06,27814.82,27730,1000,27735,25346,27725,15868,27720,11298
2020-06-12 10:04:38.75,27814.82,27735,25346,27740,19147,27725,13864,27720,11298
2020-06-12 10:04:39.56,27814.82,27735,26346,27740,19147,27730,247,27725,13864
2020-06-12 10:04:40.25,27814.82,27735,22332,27740,19147,27725,13864,27720,11298
2020-06-12 10:04:41.15,27800.12,27730,28314,27735,13698,27720,16686,27715,10337
2020-06-12 10:04:42.15,27800.12,27735,26190,27740,23727,27725,16110,27720,9702
