time,nav,sell1,sell1_cnt,sell2,sell2_cnt,buy1,buy1_cnt,buy2,buy2_cnt
2020-06-02 10:07:52.200000,0.0,27485,8007,27490,20979,27475,19964,27470,15106
2020-06-02 10:07:52.700000,0.0,27485,8067,27490,20979,27475,19964,27470,15106
2020-06-02 10:07:53.200000,0.0,27480,6100,27485,11083,27475,16926,27470,15106
2020-06-02 10:07:53.700000,0.0,27480,6100,27485,21433,27475,7456,27470,15106
2020-06-02 10:07:54.200000,0.0,27480,6100,27485,16433,27475,16640,27470,15106
2020-06-02 10:07:54.590000,0.0,27480,6100,27485,16433,27475,13626,27470,15106
2020-06-02 10:07:55.090000,0.0,27480,6110,27485,16433,27475,13427,27470,15106
2020-06-02 10:07:55.590000,0.0,27480,6110,27485,16433,27475,13427,27470,15106
2020-06-02 10:07:55.990000,0.0,27480,6110,27485,16433,27475,7257,27470,15106
2020-06-02 10:07:56.290000,0.0,27480,13510,27485,21487,27475,51,27470,17662
2020-06-02 10:07:56.900000,0.0,27475,6200,27480,16320,27470,17662,27465,16104
2020-06-02 10:07:57.290000,0.0,27475,6200,27480,19323,27470,17662,27465,16104
2020-06-02 10:07:57.700000,0.0,27475,6107,27480,19323,27470,17662,27465,16104
2020-06-02 10:07:58.600000,0.0,27475,6,27480,19323,27470,14657,27465,16104
2020-06-02 10:07:59.000000,0.0,27475,6107,27480,19323,27470,14657,27465,16104
2020-06-02 10:07:59.400000,0.0,27475,6107,27480,19323,27470,14657,27465,16104
2020-06-02 10:07:59.790000,0.0,27475,6107,27480,19323,27470,14657,27465,16104
2020-06-02 10:08:00.290000,27543.6,27475,6107,27480,16320,27470,17808,27465,16104
2020-06-02 10:08:00.700000,27543.6,27475,6,27480,16320,27470,17808,27465,16104
2020-06-02 10:08:01.000000,27543.6,27475,6,27480,16320,27470,17808,27465,16134
2020-06-02 10:08:02.100000,27543.6,27485,19433,27490,25979,27475,13426,27470,15252
2020-06-02 10:08:02.590000,27543.6,27480,6020,27485,19433,27475,13426,27470,15252
2020-06-02 10:08:03.290000,27543.6,27485,19433,27490,25979,27475,16523,27470,15252
2020-06-02 10:08:03.700000,27543.6,27480,11199,27485,24517,27475,31,27470,17808
2020-06-02 10:08:04.290000,27543.6,27480,13369,27485,24517,27475,32,27470,17838
2020-06-02 10:08:04.790000,27543.6,27480,11909,27485,24517,27475,32,27470,17838
2020-06-02 10:08:05.290000,27543.6,27480,6079,27485,19463,27475,7288,27470,15282
2020-06-02 10:08:05.700000,27543.6,27480,6079,27485,19463,27475,7418,27470,15282
2020-06-02 10:08:06.090000,27543.6,27480,13379,27485,24517,27475,181,27470,17838
2020-06-02 10:08:06.490000,27543.6,27480,13379,27485,24517,27475,181,27470,17838
2020-06-02 10:08:07.000000,27543.6,27480,13349,27485,24517,27475,181,27470,17838
2020-06-02 10:08:07.500000,27543.6,27485,19463,27490,25979,27475,19612,27470,15282
2020-06-02 10:08:08.200000,27543.6,27485,16417,27490,25979,27475,19612,27470,15312
2020-06-02 10:08:08.730000,27543.6,27485,6117,27490,23925,27480,7556,27475,17056
2020-06-02 10:08:09.420000,27543.6,27485,6016,27490,23925,27480,12791,27475,17692
2020-06-02 10:08:10.060000,27543.6,27485,600,27490,23925,27480,15791,27475,17692
2020-06-02 10:08:10.340000,27543.6,27485,7916,27490,20901,27480,18865,27475,17692
2020-06-02 10:08:10.640000,27560.47,27485,7921,27490,20901,27480,18895,27475,17692
2020-06-02 10:08:10.900000,27560.47,27485,8411,27490,23909,27480,10586,27475,17692
2020-06-02 10:08:11.450000,27560.47,27485,7910,27490,23909,27480,10586,27475,17691
2020-06-02 10:08:11.900000,27560.47,27485,6010,27490,23909,27480,18963,27475,17691
2020-06-02 10:08:12.400000,27560.47,27485,6410,27490,23909,27480,18930,27475,17691
2020-06-02 10:08:12.790000,27560.47,27485,6010,27490,23909,27480,18930,27475,17691
2020-06-02 10:08:13.810000,27560.47,27485,6010,27490,23909,27480,18930,27475,17691
2020-06-02 10:08:14.290000,27560.47,27485,6010,27490,23909,27480,18925,27475,17691
2020-06-02 10:08:14.490000,27560.47,27485,6010,27490,23909,27480,15883,27475,17691
2020-06-02 10:08:14.790000,27560.47,27485,13691,27490,28963,27480,2648,27475,17691
2020-06-02 10:08:15.200000,27560.47,27485,13391,27490,28963,27480,130,27475,20209
2020-06-02 10:08:15.700000,27560.47,27485,13691,27490,28963,27475,20209,27470,15312
2020-06-02 10:08:16.100000,27560.47,27480,6019,27485,13691,27475,20209,27470,15312
2020-06-02 10:08:16.490000,27560.47,27480,8419,27485,13691,27475,14045,27470,15312
2020-06-02 10:08:16.990000,27560.47,27485,16745,27490,28963,27475,20239,27470,15312
2020-06-02 10:08:17.590000,27560.47,27485,13691,27490,28963,27480,22,27475,20160
2020-06-02 10:08:17.990000,27560.47,27485,13691,27490,28963,27480,22,27475,20160
2020-06-02 10:08:18.290000,27560.47,27485,11791,27490,28963,27480,22,27475,20160
2020-06-02 10:08:18.590000,27560.47,27485,13691,27490,28963,27480,22,27475,20160
2020-06-02 10:08:18.900000,27560.47,27485,13691,27490,28963,27480,21,27475,20160
2020-06-02 10:08:19.420000,27560.47,27480,5919,27485,13691,27475,20160,27470,15312
2020-06-02 10:08:19.680000,27564.4,27480,5919,27485,16718,27475,20160,27470,15312
2020-06-02 10:08:20.230000,27564.4,27485,13691,27490,28963,27475,20160,27470,15312
2020-06-02 10:08:20.900000,27564.4,27480,18,27485,13691,27475,20160,27470,15312
2020-06-02 10:08:21.290000,27564.4,27480,18,27485,13692,27475,20160,27470,15312
2020-06-02 10:08:21.590000,27564.4,27480,18,27485,13692,27475,20160,27470,15312
2020-06-02 10:08:21.900000,27564.4,27480,1,27485,13692,27475,20160,27470,15312
2020-06-02 10:08:22.290000,27564.4,27480,1,27485,13692,27475,20160,27470,15252
2020-06-02 10:08:22.810000,27564.4,27480,5920,27485,13692,27475,20160,27470,15252
2020-06-02 10:08:23.200000,27564.4,27480,5920,27485,13692,27475,20160,27470,15252
2020-06-02 10:08:23.700000,27564.4,27480,5920,27485,13692,27475,20160,27470,15252
2020-06-02 10:08:24.090000,27564.4,27480,5417,27485,13692,27475,20160,27470,15252
2020-06-02 10:08:25.010000,27564.4,27485,13692,27490,28964,27475,20160,27470,15252
2020-06-02 10:08:25.290000,27564.4,27485,13692,27490,28964,27475,20160,27470,15252
2020-06-02 10:08:25.700000,27564.4,27485,13692,27490,28964,27475,20160,27470,15252
2020-06-02 10:08:26.200000,27564.4,27485,876,27490,20902,27480,18779,27475,17642
2020-06-02 10:08:26.590000,27564.4,27485,876,27490,20902,27480,18779,27475,17642
2020-06-02 10:08:28.230000,27564.4,27485,876,27490,20902,27480,18779,27475,17642
2020-06-02 10:08:28.290000,27564.4,27485,876,27490,20902,27480,18779,27475,17642
2020-06-02 10:08:28.590000,27564.4,27485,876,27490,20902,27480,18779,27475,17642
2020-06-02 10:08:29.010000,27564.4,27485,6292,27490,20902,27480,18779,27475,17642
2020-06-02 10:08:29.490000,27564.4,27485,6292,27490,20902,27480,18779,27475,17642
2020-06-02 10:08:29.900000,27564.4,27485,6292,27490,20902,27480,18779,27475,17642
2020-06-02 10:08:30.460000,27566.16,27485,6292,27490,20902,27480,18779,27475,17642
2020-06-02 10:08:30.900000,27566.16,27485,6292,27490,20902,27480,18778,27475,17642
2020-06-02 10:08:31.790000,27566.16,27485,6292,27490,20902,27480,18778,27475,17642
2020-06-02 10:08:32.400000,27566.16,27485,3,27490,15602,27480,18778,27475,16766
2020-06-02 10:08:33.100000,27566.16,27485,2,27490,15602,27480,18778,27475,16766
2020-06-02 10:08:33.600000,27566.16,27485,12558,27490,23754,27475,19283,27470,35352
2020-06-02 10:08:34.100000,27566.16,27485,12858,27490,23754,27475,19283,27470,35352
2020-06-02 10:08:34.990000,27566.16,27490,18700,27495,40166,27480,12752,27475,16766
2020-06-02 10:08:35.490000,27566.16,27490,18002,27495,40166,27480,18813,27475,16766
2020-06-02 10:08:35.790000,27566.16,27490,18002,27495,40166,27480,18813,27475,16766
2020-06-02 10:08:36.190000,27566.16,27490,18002,27495,40166,27480,18808,27475,16766
2020-06-02 10:08:36.760000,27566.16,27485,5337,27490,21014,27480,15808,27475,16766
2020-06-02 10:08:36.980000,27566.16,27485,7837,27490,21014,27480,5000,27475,19278
2020-06-02 10:08:37.400000,27566.16,27480,47,27485,14837,27475,19278,27470,35352
2020-06-02 10:08:37.790000,27566.16,27485,14837,27490,26068,27475,19278,27470,35352
2020-06-02 10:08:38.710000,27566.16,27485,14853,27490,26068,27475,19278,27470,15352
2020-06-02 10:08:38.900000,27566.16,27485,14853,27490,26068,27475,19278,27470,15352
2020-06-02 10:08:39.290000,27566.16,27480,5,27485,14853,27475,19278,27470,15352
2020-06-02 10:08:39.850000,27566.16,27485,9853,27490,21183,27480,12742,27475,16766
2020-06-02 10:08:40.290000,27566.16,27485,2016,27490,21183,27480,12742,27475,16766
2020-06-02 10:08:40.690000,27557.27,27485,9853,27490,21183,27480,7507,27475,16766
2020-06-02 10:08:41.400000,27557.27,27485,9854,27490,21183,27480,5000,27475,19273
2020-06-02 10:08:41.680000,27557.27,27480,403,27485,14854,27475,19273,27470,15352
2020-06-02 10:08:41.900000,27557.27,27485,14854,27490,26237,27475,19273,27470,15352
2020-06-02 10:08:42.470000,27557.27,27485,9854,27490,21183,27480,7507,27475,16766
2020-06-02 10:08:42.690000,27557.27,27485,9854,27490,21183,27480,12742,27475,16766
2020-06-02 10:08:43.100000,27557.27,27485,9854,27490,21183,27480,12742,27475,16766
2020-06-02 10:08:43.550000,27557.27,27485,9854,27490,21183,27480,12742,27475,16766
2020-06-02 10:08:43.940000,27557.27,27485,14854,27490,26237,27475,19273,27470,35352
2020-06-02 10:08:44.210000,27557.27,27485,14854,27490,26237,27475,19273,27470,35382
2020-06-02 10:08:45.190000,27557.27,27485,14854,27490,26237,27475,19303,27470,35382
2020-06-02 10:08:45.550000,27557.27,27485,9854,27490,21183,27480,7507,27475,16796
2020-06-02 10:08:46.000000,27557.27,27485,9854,27490,21183,27480,7507,27475,16796
2020-06-02 10:08:46.390000,27557.27,27485,9758,27490,21183,27480,7507,27475,16796
2020-06-02 10:08:46.800000,27557.27,27485,14759,27490,26237,27475,19303,27470,15382
2020-06-02 10:08:47.190000,27557.27,27485,14759,27490,26237,27475,19303,27470,15382
2020-06-02 10:08:47.830000,27557.27,27480,48,27485,14729,27475,19303,27470,15382
2020-06-02 10:08:48.030000,27557.27,27485,14717,27490,26237,27475,19303,27470,15382
2020-06-02 10:08:48.300000,27557.27,27480,5417,27485,17725,27475,13262,27470,15382
2020-06-02 10:08:48.850000,27557.27,27475,487,27480,16017,27470,17889,27465,15488
2020-06-02 10:08:49.390000,27557.27,27475,487,27480,16017,27470,17889,27465,15488
2020-06-02 10:08:49.800000,27557.27,27475,427,27480,19042,27470,17889,27465,15488
2020-06-02 10:08:50.300000,27557.27,27475,427,27480,19042,27470,17889,27465,15518
2020-06-02 10:08:50.890000,27572.28,27480,16017,27485,22821,27470,17889,27465,15518
2020-06-02 10:08:51.300000,27572.28,27480,16017,27485,22821,27470,17919,27465,15518
2020-06-02 10:08:51.600000,27572.28,27480,16017,27485,22821,27470,17919,27465,15518
2020-06-02 10:08:52.000000,27572.28,27480,16017,27485,22821,27470,17919,27465,15518
2020-06-02 10:08:52.390000,27572.28,27480,16017,27485,22821,27470,17919,27465,15518
2020-06-02 10:08:52.600000,27572.28,27480,16017,27485,22821,27470,17919,27465,15518
2020-06-02 10:08:53.100000,27572.28,27480,5417,27485,20817,27475,12485,27470,15412
2020-06-02 10:08:53.600000,27572.28,27480,5417,27485,20817,27475,12295,27470,15412
2020-06-02 10:08:54.170000,27572.28,27485,20817,27490,23797,27475,12355,27470,15412
2020-06-02 10:08:54.390000,27572.28,27485,17809,27490,23797,27480,10,27475,15375
2020-06-02 10:08:55.090000,27572.28,27485,17809,27490,23797,27480,10,27475,18375
2020-06-02 10:08:55.300000,27572.28,27485,20817,27490,23797,27475,18375,27470,15412
2020-06-02 10:08:55.590000,27572.28,27485,20817,27490,23797,27475,18385,27470,15776
2020-06-02 10:08:56.050000,27572.28,27475,207,27480,13117,27470,18083,27465,35518
2020-06-02 10:08:56.440000,27572.28,27475,7607,27480,16249,27470,12062,27465,15518
2020-06-02 10:08:56.700000,27572.28,27475,7607,27480,21249,27470,12062,27465,15518
2020-06-02 10:08:57.200000,27572.28,27475,7606,27480,21249,27470,12062,27465,15518
2020-06-02 10:08:57.700000,27572.28,27475,7546,27480,21249,27470,12062,27465,15518
2020-06-02 10:08:57.890000,27572.28,27475,8546,27480,26303,27470,5654,27465,17825
2020-06-02 10:08:58.390000,27572.28,27470,1063,27475,19560,27465,11764,27460,17876
2020-06-02 10:08:58.800000,27572.28,27470,5882,27475,19560,27465,11764,27460,17876
2020-06-02 10:08:59.290000,27572.28,27475,16546,27480,26303,27470,10,27465,17808
2020-06-02 10:08:59.700000,27572.28,27475,6146,27480,24249,27470,7317,27465,15501
2020-06-02 10:09:00.290000,27566.51,27475,45,27480,24249,27470,16527,27465,15501
2020-06-02 10:09:00.790000,27566.51,27475,45,27480,24249,27470,16527,27465,15501
2020-06-02 10:09:01.200000,27566.51,27480,18117,27485,23355,27475,45,27470,19545
2020-06-02 10:09:01.790000,27566.51,27480,5000,27485,18301,27475,15295,27470,17268
2020-06-02 10:09:02.400000,27566.51,27480,10417,27485,18329,27475,15325,27470,17268
2020-06-02 10:09:02.790000,27566.51,27480,10417,27485,18329,27475,15355,27470,17268
2020-06-02 10:09:03.200000,27566.51,27480,5000,27485,15293,27475,15355,27470,17268
2020-06-02 10:09:03.590000,27566.51,27480,5000,27485,15293,27475,18455,27470,17268
2020-06-02 10:09:04.090000,27566.51,27480,5000,27485,15293,27475,18455,27470,17268
2020-06-02 10:09:05.100000,27566.51,27480,5000,27485,15293,27475,18455,27470,17258
2020-06-02 10:09:05.490000,27566.51,27480,10417,27485,18329,27475,15355,27470,17248
2020-06-02 10:09:05.990000,27566.51,27480,10417,27485,18329,27475,6191,27470,17248
2020-06-02 10:09:06.490000,27566.51,27480,10417,27485,18329,27475,12355,27470,17248
2020-06-02 10:09:06.900000,27566.51,27480,5000,27485,18329,27475,15355,27470,17248
2020-06-02 10:09:07.290000,27566.51,27480,13017,27485,18329,27475,12355,27470,17248
2020-06-02 10:09:08.590000,27566.51,27480,10417,27485,18719,27475,12355,27470,17248
2020-06-02 10:09:08.710000,27566.51,27480,5500,27485,18719,27475,12355,27470,17248
2020-06-02 10:09:10.060000,27566.51,27480,5500,27485,18719,27475,12295,27470,17248
2020-06-02 10:09:10.700000,27545.58,27480,5500,27485,18719,27475,12795,27470,17248
2020-06-02 10:09:11.200000,27545.58,27480,5500,27485,18719,27475,12795,27470,17248
2020-06-02 10:09:11.490000,27545.58,27480,5510,27485,18719,27475,12795,27470,17248
2020-06-02 10:09:12.100000,27545.58,27480,5510,27485,18719,27475,15795,27470,17248
2020-06-02 10:09:12.490000,27545.58,27480,5510,27485,18719,27475,18836,27470,17248
2020-06-02 10:09:13.700000,27545.58,27480,5510,27485,18719,27475,18836,27470,17248
2020-06-02 10:09:13.990000,27545.58,27480,5510,27485,18719,27475,18836,27470,17248
2020-06-02 10:09:14.400000,27545.58,27480,10927,27485,18719,27475,15795,27470,17261
2020-06-02 10:09:14.790000,27545.58,27480,10907,27485,18719,27475,15795,27470,17231
2020-06-02 10:09:15.100000,27545.58,27480,18607,27485,23773,27475,500,27470,19538
2020-06-02 10:09:15.490000,27545.58,27480,18607,27485,23773,27470,19538,27465,15433
2020-06-02 10:09:15.900000,27545.58,27480,18607,27485,23773,27470,19538,27465,15433
2020-06-02 10:09:16.440000,27545.58,27480,18607,27485,23773,27470,19538,27465,15343
2020-06-02 10:09:17.480000,27545.58,27475,6101,27480,26684,27470,5013,27465,17650
2020-06-02 10:09:17.730000,27545.58,27475,8801,27480,21630,27470,7320,27465,15343
2020-06-02 10:09:18.190000,27545.58,27480,21580,27485,23773,27470,13520,27465,15343
2020-06-02 10:09:18.490000,27545.58,27480,20080,27485,23773,27470,16520,27465,15343
2020-06-02 10:09:19.080000,27545.58,27480,16057,27485,23773,27470,19604,27465,15343
2020-06-02 10:09:19.330000,27545.58,27480,10857,27485,18719,27475,6063,27470,17297
2020-06-02 10:09:19.600000,27545.58,27480,10857,27485,18719,27475,12227,27470,17297
2020-06-02 10:09:19.990000,27545.58,27480,10862,27485,18719,27475,12227,27470,17297
2020-06-02 10:09:20.690000,27545.51,27480,13662,27485,23773,27475,3756,27470,19604
2020-06-02 10:09:21.300000,27545.51,27480,18662,27485,23773,27470,19604,27465,35343
2020-06-02 10:09:21.690000,27545.51,27480,18662,27485,23773,27470,19604,27465,35343
2020-06-02 10:09:22.260000,27545.51,27480,18662,27485,23773,27470,16520,27465,15343
2020-06-02 10:09:22.490000,27545.51,27480,18662,27485,23773,27470,19532,27465,15343
2020-06-02 10:09:22.800000,27545.51,27480,15862,27485,23774,27470,19532,27465,15343
2020-06-02 10:09:23.190000,27545.51,27480,10862,27485,18720,27475,12227,27470,17225
2020-06-02 10:09:23.900000,27545.51,27480,10862,27485,18720,27475,12227,27470,17225
2020-06-02 10:09:24.100000,27545.51,27480,5445,27485,18720,27475,12227,27470,17264
2020-06-02 10:09:24.490000,27545.51,27480,5537,27485,18720,27475,12227,27470,17264
2020-06-02 10:09:24.900000,27545.51,27480,5546,27485,18720,27475,12227,27470,17264
2020-06-02 10:09:25.320000,27545.51,27480,5546,27485,18720,27475,12227,27470,17264
2020-06-02 10:09:25.600000,27545.51,27480,5562,27485,18720,27475,11727,27470,17264
2020-06-02 10:09:25.890000,27545.51,27480,5562,27485,18720,27475,11747,27470,17264
2020-06-02 10:09:26.190000,27545.51,27480,5562,27485,15684,27475,17841,27470,17264
2020-06-02 10:09:26.890000,27545.51,27485,7684,27490,16749,27480,14542,27475,16044
2020-06-02 10:09:27.550000,27545.51,27485,7684,27490,16749,27480,14724,27475,16044
2020-06-02 10:09:27.690000,27545.51,27485,7684,27490,16749,27480,14724,27475,16044
2020-06-02 10:09:28.460000,27545.51,27485,2347,27490,16749,27480,17736,27475,16044
2020-06-02 10:09:28.690000,27545.51,27485,2347,27490,16749,27480,17736,27475,16044
2020-06-02 10:09:29.100000,27545.51,27485,8584,27490,16749,27480,17736,27475,16044
2020-06-02 10:09:29.500000,27545.51,27485,8584,27490,16749,27480,17736,27475,16074
2020-06-02 10:09:29.690000,27543.37,27485,2347,27490,16749,27480,17736,27475,16074
2020-06-02 10:09:30.100000,27543.37,27485,7684,27490,16749,27480,17736,27475,16074
2020-06-02 10:09:31.100000,27543.37,27485,7684,27490,16749,27480,14724,27475,16074
2020-06-02 10:09:31.610000,27543.37,27485,8284,27490,16749,27480,14724,27475,16074
2020-06-02 10:09:31.800000,27543.37,27485,7684,27490,16749,27480,14724,27475,16074
2020-06-02 10:09:32.190000,27543.37,27485,10584,27490,16749,27480,14724,27475,16074
2020-06-02 10:09:32.600000,27543.37,27485,7684,27490,16749,27480,14724,27475,16074
2020-06-02 10:09:32.990000,27543.37,27485,7853,27490,16580,27480,14724,27475,16074
2020-06-02 10:09:33.800000,27543.37,27485,7853,27490,16580,27480,14675,27475,16074
2020-06-02 10:09:34.190000,27543.37,27485,7853,27490,16580,27480,12175,27475,16074
2020-06-02 10:09:34.690000,27543.37,27485,7757,27490,16580,27480,12175,27475,16074
2020-06-02 10:09:34.800000,27543.37,27485,7757,27490,16580,27480,12175,27475,16074
2020-06-02 10:09:35.090000,27543.37,27485,2420,27490,16580,27480,15175,27475,16074
2020-06-02 10:09:35.500000,27543.37,27485,2420,27490,16580,27480,15175,27475,16074
2020-06-02 10:09:35.800000,27543.37,27485,2420,27490,16580,27480,15175,27475,16074
2020-06-02 10:09:36.300000,27543.37,27485,2420,27490,16581,27480,15175,27475,16074
2020-06-02 10:09:36.390000,27543.37,27485,7757,27490,16581,27480,15175,27475,16074
2020-06-02 10:09:37.360000,27543.37,27485,7757,27490,16581,27480,15175,27475,16074
2020-06-02 10:09:38.000000,27543.37,27485,2420,27490,16581,27480,15175,27475,16074
2020-06-02 10:09:38.520000,27543.37,27485,2420,27490,13569,27480,18223,27475,16074
2020-06-02 10:09:38.800000,27543.37,27490,5569,27495,35122,27485,12548,27480,16465
2020-06-02 10:09:39.300000,27543.37,27490,5569,27495,35122,27485,12542,27480,16465
2020-06-02 10:09:39.800000,27543.37,27490,5569,27495,35122,27485,11697,27480,16465
2020-06-02 10:09:40.590000,27543.68,27485,191,27490,13469,27480,18206,27475,16074
2020-06-02 10:09:41.170000,27543.68,27490,13469,27495,40176,27480,18206,27475,16074
2020-06-02 10:09:42.120000,27543.68,27490,13469,27495,40176,27480,18206,27475,16074
2020-06-02 10:09:42.390000,27543.68,27485,5537,27490,13469,27480,18206,27475,16074
2020-06-02 10:09:42.800000,27543.68,27485,200,27490,13469,27480,18206,27475,16074
2020-06-02 10:09:43.190000,27543.68,27485,111,27490,13469,27480,18206,27475,16074
2020-06-02 10:09:43.750000,27543.68,27485,911,27490,13469,27480,18206,27475,16074
2020-06-02 10:09:43.890000,27543.68,27485,111,27490,13469,27480,18206,27475,16074
2020-06-02 10:09:45.000000,27543.68,27490,8469,27495,35122,27485,5497,27480,16465
2020-06-02 10:09:45.390000,27543.68,27490,5689,27495,35122,27485,5497,27480,16465
2020-06-02 10:09:46.500000,27543.68,27490,7889,27495,35122,27485,5497,27480,16465
2020-06-02 10:09:46.890000,27543.68,27490,5689,27495,35122,27485,5497,27480,16465
2020-06-02 10:09:47.340000,27543.68,27490,13289,27495,40176,27480,18206,27475,16079
2020-06-02 10:09:47.700000,27543.68,27485,5337,27490,16295,27480,12158,27475,16079
2020-06-02 10:09:48.110000,27543.68,27485,8237,27490,16295,27480,12158,27475,16079
2020-06-02 10:09:48.400000,27543.68,27485,5247,27490,16295,27480,12158,27475,16079
2020-06-02 10:09:48.930000,27543.68,27490,13289,27495,40176,27480,15202,27475,16079
2020-06-02 10:09:49.590000,27543.68,27490,13289,27495,40176,27480,18202,27475,16079
2020-06-02 10:09:50.110000,27543.68,27490,13289,27495,40176,27480,18202,27475,16079
2020-06-02 10:09:50.390000,27547.0,27490,8289,27495,35122,27485,3756,27480,18202
2020-06-02 10:09:50.890000,27547.0,27490,5689,27495,35122,27485,11697,27480,16461
2020-06-02 10:09:51.400000,27547.0,27490,5689,27495,35122,27485,11697,27480,16461
2020-06-02 10:09:51.890000,27547.0,27490,8289,27495,40176,27485,3786,27480,18202
2020-06-02 10:09:53.090000,27547.0,27490,8289,27495,40176,27485,3786,27480,18202
2020-06-02 10:09:53.790000,27547.0,27490,10689,27495,35122,27485,1771,27480,16461
2020-06-02 10:09:54.200000,27547.0,27490,10689,27495,35122,27485,1771,27480,16461
2020-06-02 10:09:54.810000,27547.0,27490,5779,27495,35122,27485,5527,27480,16461
2020-06-02 10:09:54.990000,27547.0,27490,10779,27495,35122,27485,1771,27480,16461
2020-06-02 10:09:55.400000,27547.0,27490,5779,27495,35122,27485,5527,27480,16461
2020-06-02 10:09:55.700000,27547.0,27490,10779,27495,35122,27485,1771,27480,16461
2020-06-02 10:09:56.400000,27547.0,27490,5779,27495,35122,27485,11727,27480,16461
2020-06-02 10:09:56.790000,27547.0,27490,5779,27495,35122,27485,11697,27480,16461
2020-06-02 10:09:57.450000,27547.0,27485,614,27490,13679,27480,18202,27475,36080
2020-06-02 10:09:57.590000,27547.0,27485,5861,27490,13679,27480,18202,27475,36080
2020-06-02 10:09:57.990000,27547.0,27485,5358,27490,13679,27480,18202,27475,16080
2020-06-02 10:09:58.400000,27547.0,27490,13679,27495,40176,27480,18202,27475,16050
2020-06-02 10:09:59.020000,27547.0,27490,13889,27495,40176,27480,18202,27475,16050
2020-06-02 10:09:59.880000,27547.0,27485,5247,27490,13889,27480,18202,27475,16050
2020-06-02 10:10:00.090000,27547.0,27485,5247,27490,13889,27480,18202,27475,16050
2020-06-02 10:10:00.490000,27547.64,27490,13889,27495,40176,27480,18202,27475,16050
2020-06-02 10:10:01.090000,27547.64,27490,6024,27495,35087,27485,11697,27480,16461
2020-06-02 10:10:02.090000,27547.64,27490,8924,27495,40141,27485,3756,27480,18202
2020-06-02 10:10:02.490000,27547.64,27490,13914,27495,40141,27485,60,27480,18202
2020-06-02 10:10:03.200000,27547.64,27490,8914,27495,40141,27485,3816,27480,18202
2020-06-02 10:10:03.370000,27547.64,27490,6014,27495,35087,27485,11757,27480,16461
2020-06-02 10:10:04.590000,27547.64,27490,6014,27495,35087,27485,11757,27480,16521
2020-06-02 10:10:04.790000,27547.64,27490,6014,27495,35087,27485,11757,27480,16521
2020-06-02 10:10:05.190000,27547.64,27490,6014,27495,35087,27485,11757,27480,16521
2020-06-02 10:10:05.900000,27547.64,27490,8006,27495,35087,27485,11757,27480,16521
2020-06-02 10:10:06.690000,27547.64,27490,8006,27495,35087,27485,5557,27480,16521
2020-06-02 10:10:06.850000,27547.64,27490,10006,27495,33087,27485,5557,27480,16521
2020-06-02 10:10:07.100000,27547.64,27490,10506,27495,33087,27485,5557,27480,16521
2020-06-02 10:10:07.740000,27547.64,27490,10506,27495,33087,27485,11757,27480,16521
2020-06-02 10:10:07.850000,27547.64,27490,10506,27495,33087,27485,5557,27480,16521
2020-06-02 10:10:08.190000,27547.64,27490,10506,27495,33087,27485,11757,27480,16521
2020-06-02 10:10:08.490000,27547.64,27490,10506,27495,33087,27485,5556,27480,16521
2020-06-02 10:10:08.900000,27547.64,27490,10506,27495,33087,27485,5556,27480,16521
2020-06-02 10:10:09.430000,27547.64,27490,10506,27495,33087,27485,11756,27480,16521
2020-06-02 10:10:09.600000,27567.81,27490,10506,27495,33107,27485,11756,27480,16521
2020-06-02 10:10:09.990000,27567.81,27490,10506,27495,33107,27485,11755,27480,16521
2020-06-02 10:10:11.100000,27567.81,27490,10471,27495,33107,27485,5555,27480,16521
2020-06-02 10:10:11.550000,27567.81,27490,10471,27495,33107,27485,11755,27480,16521
2020-06-02 10:10:11.790000,27567.81,27490,5642,27495,33107,27485,11755,27480,16521
2020-06-02 10:10:12.190000,27567.81,27490,10471,27495,33107,27485,11755,27480,16521
2020-06-02 10:10:12.650000,27567.81,27490,18371,27495,38161,27485,58,27480,18262
2020-06-02 10:10:12.990000,27567.81,27485,5247,27490,18371,27480,15262,27475,16080
2020-06-02 10:10:13.400000,27567.81,27485,5247,27490,21371,27480,10027,27475,16080
2020-06-02 10:10:14.630000,27567.81,27485,5246,27490,21371,27480,10027,27475,16080
2020-06-02 10:10:14.740000,27567.81,27485,5496,27490,21371,27480,6983,27475,16080
2020-06-02 10:10:14.890000,27567.81,27485,5496,27490,21371,27480,6983,27475,16080
2020-06-02 10:10:15.210000,27567.81,27485,6496,27490,21371,27480,6983,27475,16080
2020-06-02 10:10:15.770000,27567.81,27485,5496,27490,21371,27480,6983,27475,16080
2020-06-02 10:10:16.100000,27567.81,27485,15488,27490,24433,27480,242,27475,17821
2020-06-02 10:10:16.490000,27567.81,27485,15488,27490,24433,27480,242,27475,17821
2020-06-02 10:10:16.890000,27567.81,27485,7488,27490,16379,27480,18234,27475,16080
2020-06-02 10:10:18.390000,27567.81,27485,7488,27490,16379,27480,18234,27475,16080
2020-06-02 10:10:19.000000,27567.81,27485,7488,27490,19474,27480,12218,27475,16080
2020-06-02 10:10:19.300000,27567.81,27485,7488,27490,19474,27480,12218,27475,16080
2020-06-02 10:10:20.600000,27549.59,27485,15388,27490,24528,27480,242,27475,17821
2020-06-02 10:10:20.990000,27549.59,27485,14188,27490,24528,27480,242,27475,17821
2020-06-02 10:10:21.670000,27549.59,27480,5417,27485,15388,27475,17821,27470,19894
2020-06-02 10:10:22.100000,27549.59,27480,5417,27485,15388,27475,17821,27470,19894
2020-06-02 10:10:22.690000,27549.59,27480,5667,27485,15388,27475,17821,27470,17394
2020-06-02 10:10:22.890000,27549.59,27480,250,27485,15388,27475,17821,27470,17394
2020-06-02 10:10:23.300000,27549.59,27485,8788,27490,19474,27480,6491,27475,16080
2020-06-02 10:10:23.890000,27549.59,27485,7488,27490,19474,27480,6491,27475,16080
2020-06-02 10:10:24.300000,27549.59,27485,7488,27490,19474,27480,6485,27475,16080
2020-06-02 10:10:24.700000,27549.59,27485,7488,27490,19474,27480,6485,27475,16080
2020-06-02 10:10:25.000000,27549.59,27485,7488,27490,19474,27480,6485,27475,16080
2020-06-02 10:10:25.500000,27549.59,27485,10388,27490,24528,27480,4744,27475,17821
2020-06-02 10:10:26.000000,27549.59,27485,7988,27490,24528,27480,4744,27475,17821
2020-06-02 10:10:26.390000,27549.59,27485,7488,27490,19474,27480,6485,27475,16080
2020-06-02 10:10:26.690000,27549.59,27485,7489,27490,19474,27480,6485,27475,16080
2020-06-02 10:10:27.390000,27549.59,27485,7489,27490,19474,27480,6485,27475,16080
2020-06-02 10:10:28.110000,27549.59,27485,7489,27490,19474,27480,6475,27475,16080
2020-06-02 10:10:28.500000,27549.59,27485,15389,27490,24528,27475,17811,27470,17138
2020-06-02 10:10:28.980000,27549.59,27485,15389,27490,24528,27475,17811,27470,17138
2020-06-02 10:10:29.090000,27549.59,27485,7489,27490,19474,27480,4744,27475,17811
2020-06-02 10:10:29.500000,27549.59,27485,15389,27490,19474,27480,1731,27475,16080
2020-06-02 10:10:30.030000,27549.59,27485,2243,27490,19474,27480,11670,27475,16080
2020-06-02 10:10:30.300000,27548.69,27485,2242,27490,19474,27480,11670,27475,16080
2020-06-02 10:10:30.800000,27548.69,27485,2242,27490,19474,27480,14686,27475,16080
2020-06-02 10:10:31.190000,27548.69,27485,1916,27490,16379,27480,17688,27475,16080
2020-06-02 10:10:32.560000,27548.69,27485,9660,27490,19427,27480,14688,27475,16080
2020-06-02 10:10:32.890000,27548.69,27485,9660,27490,19427,27480,14688,27475,16119
2020-06-02 10:10:33.090000,27548.69,27485,9660,27490,19427,27480,14688,27475,16119
2020-06-02 10:10:33.650000,27548.69,27485,15060,27490,24481,27480,2,27475,17810
2020-06-02 10:10:34.000000,27548.69,27485,15060,27490,24482,27480,2,27475,17810
2020-06-02 10:10:34.390000,27548.69,27480,5417,27485,15060,27475,17810,27470,17099
2020-06-02 10:10:34.790000,27548.69,27480,5417,27485,15060,27475,17810,27470,17099
2020-06-02 10:10:35.390000,27548.69,27480,5417,27485,15060,27475,17810,27470,17099
2020-06-02 10:10:35.890000,27548.69,27485,17060,27490,24482,27475,17810,27470,17099
2020-06-02 10:10:36.360000,27548.69,27485,17060,27490,24482,27480,5,27475,17805
2020-06-02 10:10:36.700000,27548.69,27485,17060,27490,24482,27480,5,27475,17805
2020-06-02 10:10:37.590000,27548.69,27485,17061,27490,24482,27480,5,27475,17805
2020-06-02 10:10:37.930000,27548.69,27480,3,27485,17061,27475,17805,27470,17099
2020-06-02 10:10:38.500000,27548.69,27480,3,27485,17061,27475,17805,27470,17099
2020-06-02 10:10:38.950000,27548.69,27485,17054,27490,24482,27475,17805,27470,17099
2020-06-02 10:10:39.950000,27548.69,27485,17054,27490,24482,27475,17805,27470,17099
2020-06-02 10:10:40.090000,27548.69,27485,17054,27490,24482,27475,17805,27470,17099
2020-06-02 10:10:40.290000,27548.69,27485,17054,27490,24482,27475,17805,27470,17099
2020-06-02 10:10:40.590000,27563.58,27485,17054,27490,24482,27480,1,27475,17805
2020-06-02 10:10:41.500000,27563.58,27485,17054,27490,24482,27480,1,27475,17805
2020-06-02 10:10:44.670000,27563.58,27485,17049,27490,24482,27480,1,27475,17805
2020-06-02 10:10:44.810000,27563.58,27485,17049,27490,24487,27480,1,27475,17805
2020-06-02 10:10:45.790000,27563.58,27480,2800,27485,17049,27475,17805,27470,17099
2020-06-02 10:10:46.290000,27563.58,27480,2800,27485,17049,27475,17805,27470,17099
2020-06-02 10:10:46.760000,27563.58,27480,2800,27485,17049,27475,17805,27470,17099
2020-06-02 10:10:47.290000,27563.58,27480,2800,27485,17049,27475,17805,27470,17099
2020-06-02 10:10:48.400000,27563.58,27485,17049,27490,21587,27475,17805,27470,17099
2020-06-02 10:10:48.990000,27563.58,27485,17049,27490,21587,27475,17805,27470,17099
2020-06-02 10:10:50.990000,27546.23,27485,17049,27490,21587,27480,5,27475,17805
2020-06-02 10:10:51.990000,27546.23,27485,17039,27490,21587,27480,5,27475,17805
2020-06-02 10:10:53.400000,27546.23,27485,17039,27490,21587,27480,5,27475,17805
2020-06-02 10:10:53.790000,27546.23,27485,17039,27490,21587,27480,5,27475,17805
2020-06-02 10:10:55.290000,27546.23,27485,17039,27490,21587,27480,5,27475,17805
2020-06-02 10:10:56.290000,27546.23,27485,11639,27490,16533,27480,6440,27475,16114
2020-06-02 10:10:56.790000,27546.23,27485,12039,27490,16533,27480,4749,27475,17805
2020-06-02 10:10:57.410000,27546.23,27485,11639,27490,16533,27480,11675,27475,16114
2020-06-02 10:10:57.580000,27546.23,27485,3893,27490,13485,27480,17713,27475,16114
2020-06-02 10:10:58.850000,27546.23,27485,3893,27490,13485,27480,17713,27475,16114
2020-06-02 10:10:59.190000,27546.23,27485,5247,27490,16385,27480,17713,27475,14145
2020-06-02 10:10:59.600000,27546.23,27485,5247,27490,16385,27480,14675,27475,14145
2020-06-02 10:10:59.990000,27546.23,27485,8147,27490,24465,27480,4749,27475,15836
2020-06-02 10:11:00.570000,27545.27,27485,8147,27490,24465,27480,4749,27475,15836
2020-06-02 10:11:00.900000,27545.27,27485,5247,27490,24465,27480,4749,27475,15836
2020-06-02 10:11:01.290000,27545.27,27485,8147,27490,24465,27480,4722,27475,15836
2020-06-02 10:11:01.600000,27545.27,27480,420,27485,13147,27475,15836,27470,17082
2020-06-02 10:11:02.160000,27545.27,27485,8147,27490,24465,27480,4722,27475,15836
2020-06-02 10:11:02.500000,27545.27,27485,5247,27490,24465,27480,4722,27475,15836
2020-06-02 10:11:03.140000,27545.27,27485,5247,27490,24465,27480,4722,27475,15836
2020-06-02 10:11:03.390000,27545.27,27485,5247,27490,24465,27480,4722,27475,15836
2020-06-02 10:11:03.690000,27545.27,27485,5247,27490,24465,27480,4722,27475,15844
2020-06-02 10:11:04.130000,27545.27,27485,10247,27490,24465,27475,15844,27470,17082
2020-06-02 10:11:04.490000,27545.27,27480,5417,27485,13047,27475,9680,27470,17082
2020-06-02 10:11:05.300000,27545.27,27485,13047,27490,24465,27475,15844,27470,17082
2020-06-02 10:11:05.800000,27545.27,27485,13047,27490,24465,27475,15844,27470,17082
2020-06-02 10:11:06.100000,27545.27,27485,13047,27490,24465,27475,15844,27470,17082
2020-06-02 10:11:06.750000,27545.27,27480,99,27485,13047,27475,15844,27470,17082
2020-06-02 10:11:06.990000,27545.27,27480,99,27485,13642,27475,15844,27470,17082
2020-06-02 10:11:07.190000,27545.27,27480,5516,27485,13642,27475,15844,27470,17082
2020-06-02 10:11:07.830000,27545.27,27480,99,27485,13642,27475,15844,27470,17082
2020-06-02 10:11:07.970000,27545.27,27480,99,27485,13642,27475,15844,27470,17082
2020-06-02 10:11:08.300000,27545.27,27480,5516,27485,13642,27475,15844,27470,17082
2020-06-02 10:11:08.780000,27545.27,27480,5516,27485,13642,27475,15844,27470,17082
2020-06-02 10:11:08.890000,27545.27,27480,5516,27485,13642,27475,9680,27470,17082
2020-06-02 10:11:09.990000,27545.27,27480,5516,27485,13642,27475,9680,27470,17082
2020-06-02 10:11:11.190000,27546.94,27480,5516,27485,13642,27475,9680,27470,17082
2020-06-02 10:11:11.600000,27546.94,27480,5410,27485,13642,27475,9680,27470,17082
2020-06-02 10:11:12.000000,27546.94,27480,5410,27485,13642,27475,9680,27470,17082
2020-06-02 10:11:12.690000,27546.94,27480,5411,27485,13642,27475,15844,27470,17082
2020-06-02 10:11:13.590000,27546.94,27480,5415,27485,13642,27475,15844,27470,17082
2020-06-02 10:11:14.900000,27546.94,27480,5415,27485,13642,27475,15833,27470,17082
2020-06-02 10:11:15.620000,27546.94,27475,1801,27480,16015,27470,19051,27465,18746
2020-06-02 10:11:15.870000,27546.94,27480,16015,27485,21747,27470,14051,27465,18746
2020-06-02 10:11:16.200000,27546.94,27480,13415,27485,21747,27470,14051,27465,18746
2020-06-02 10:11:16.840000,27546.94,27480,8415,27485,21747,27470,19051,27465,18746
2020-06-02 10:11:16.980000,27546.94,27480,8415,27485,21747,27470,19051,27465,18746
2020-06-02 10:11:17.200000,27546.94,27480,8415,27485,21747,27470,19051,27465,18746
2020-06-02 10:11:18.200000,27546.94,27480,16315,27485,21747,27470,14051,27465,18746
2020-06-02 10:11:18.900000,27546.94,27480,16315,27485,21747,27470,14051,27465,18746
2020-06-02 10:11:19.400000,27546.94,27480,16315,27485,21747,27470,14051,27465,18746
2020-06-02 10:11:19.790000,27545.55,27475,6101,27480,16315,27470,14051,27465,18746
2020-06-02 10:11:20.200000,27545.55,27475,6101,27480,16315,27470,14051,27465,18746
2020-06-02 10:11:21.190000,27545.55,27475,6101,27480,16315,27470,14051,27465,18746
2020-06-02 10:11:22.190000,27545.55,27480,16315,27485,21747,27470,14051,27465,18746
2020-06-02 10:11:22.400000,27545.55,27480,5,27485,19693,27475,10877,27470,17360
2020-06-02 10:11:23.180000,27545.55,27480,5,27485,16642,27475,13877,27470,17360
2020-06-02 10:11:23.600000,27545.55,27485,5842,27490,24665,27475,18599,27470,37360
2020-06-02 10:11:24.260000,27545.55,27485,5842,27490,19611,27480,6926,27475,16908
2020-06-02 10:11:24.440000,27545.55,27485,5842,27490,19611,27480,6926,27475,16908
2020-06-02 10:11:24.690000,27545.55,27485,596,27490,19611,27480,6926,27475,16908
2020-06-02 10:11:25.100000,27545.55,27485,595,27490,16585,27480,13004,27475,16908
2020-06-02 10:11:25.400000,27545.55,27485,595,27490,16585,27480,13004,27475,16908
2020-06-02 10:11:28.490000,27545.55,27490,16485,27495,37601,27480,12409,27475,16908
2020-06-02 10:11:28.990000,27545.55,27490,16485,27495,37601,27480,12409,27475,16908
2020-06-02 10:11:29.990000,27545.55,27490,16485,27495,37601,27480,12409,27475,16908
2020-06-02 10:11:30.190000,27558.48,27490,16485,27495,37601,27480,12409,27475,16908
2020-06-02 10:11:30.600000,27558.48,27485,5246,27490,16485,27480,12409,27475,16908
2020-06-02 10:11:30.890000,27558.48,27485,8146,27490,16485,27480,4174,27475,16908
2020-06-02 10:11:31.500000,27558.48,27485,8146,27490,19557,27480,4174,27475,16908
2020-06-02 10:11:31.690000,27558.48,27485,6346,27490,19557,27480,4174,27475,16908
2020-06-02 10:11:32.300000,27558.48,27485,12856,27490,24611,27475,13282,27470,17471
2020-06-02 10:11:32.800000,27558.48,27485,7856,27490,19557,27480,1096,27475,16908
2020-06-02 10:11:33.300000,27558.48,27485,7856,27490,24611,27475,18004,27470,17471
2020-06-02 10:11:34.300000,27558.48,27485,7856,27490,24611,27475,18004,27470,17471
2020-06-02 10:11:35.140000,27558.48,27480,5410,27485,12856,27475,13282,27470,17471
2020-06-02 10:11:35.600000,27558.48,27480,5410,27485,12856,27475,13282,27470,17471
2020-06-02 10:11:36.720000,27558.48,27480,5410,27485,12856,27475,13282,27470,17471
2020-06-02 10:11:36.800000,27558.48,27485,12856,27490,24611,27475,13282,27470,17471
2020-06-02 10:11:37.100000,27558.48,27485,12856,27490,24611,27475,13282,27470,17471
2020-06-02 10:11:38.190000,27558.48,27485,7856,27490,19557,27480,6331,27475,16908
2020-06-02 10:11:38.690000,27558.48,27480,1002,27485,12856,27475,13254,27470,17471
2020-06-02 10:11:39.190000,27558.48,27480,8310,27485,15897,27475,13254,27470,17471
2020-06-02 10:11:39.490000,27558.48,27480,8310,27485,15897,27475,7232,27470,17471
2020-06-02 10:11:39.800000,27567.96,27485,12856,27490,21711,27475,10320,27470,17471
2020-06-02 10:11:40.190000,27567.96,27485,12856,27490,21711,27475,10320,27470,17471
2020-06-02 10:11:41.030000,27567.96,27485,12856,27490,21711,27475,13320,27470,17471
2020-06-02 10:11:41.300000,27567.96,27480,5410,27485,12856,27475,13320,27470,17471
2020-06-02 10:11:41.800000,27567.96,27485,12856,27490,21711,27475,13320,27470,17471
2020-06-02 10:11:42.590000,27567.96,27485,12856,27490,21711,27475,13320,27470,17471
2020-06-02 10:11:44.390000,27567.96,27480,4670,27485,12875,27475,13320,27470,17471
2020-06-02 10:11:44.800000,27567.96,27480,4688,27485,12875,27475,13320,27470,17471
2020-06-02 10:11:45.300000,27567.96,27480,4688,27485,12875,27475,13320,27470,17471
2020-06-02 10:11:46.090000,27567.96,27480,7588,27485,15895,27475,7156,27470,17471
2020-06-02 10:11:46.500000,27567.96,27480,4688,27485,15895,27475,7156,27470,17471
2020-06-02 10:11:46.800000,27567.96,27480,6188,27485,15895,27475,7156,27470,17471
2020-06-02 10:11:47.410000,27567.96,27480,7688,27485,15895,27470,17471,27465,18746
2020-06-02 10:11:47.690000,27567.96,27480,4688,27485,18895,27470,17471,27465,18746
2020-06-02 10:11:48.420000,27567.96,27485,15843,27490,16657,27475,12172,27470,17471
2020-06-02 10:11:48.670000,27567.96,27485,7843,27490,19657,27480,5235,27475,16894
2020-06-02 10:11:49.000000,27567.96,27485,519,27490,19657,27480,8237,27475,16894
2020-06-02 10:11:49.400000,27567.96,27485,19,27490,16585,27480,11237,27475,16894
2020-06-02 10:11:49.980000,27567.96,27485,19,27490,16585,27480,11237,27475,16894
2020-06-02 10:11:50.300000,27567.45,27485,19,27490,16585,27480,11247,27475,16894
2020-06-02 10:11:50.590000,27567.45,27490,8585,27495,33183,27480,16247,27475,16894
2020-06-02 10:11:51.190000,27567.45,27490,16485,27495,38237,27480,11247,27475,16894
2020-06-02 10:11:51.700000,27567.45,27485,4924,27490,19516,27480,10,27475,16894
2020-06-02 10:11:52.200000,27567.45,27485,7824,27490,16485,27480,10299,27475,16894
2020-06-02 10:11:52.590000,27567.45,27485,4924,27490,16485,27480,10299,27475,16894
2020-06-02 10:11:53.030000,27567.45,27485,6224,27490,16485,27480,13326,27475,16894
2020-06-02 10:11:53.200000,27567.45,27485,4924,27490,19511,27480,10299,27475,16894
2020-06-02 10:11:53.500000,27567.45,27485,4924,27490,16485,27480,13308,27475,16894
2020-06-02 10:11:54.200000,27567.45,27485,5524,27490,19542,27480,8073,27475,16894
2020-06-02 10:11:54.700000,27567.45,27480,376,27485,12824,27475,17226,27470,17471
2020-06-02 10:11:55.000000,27567.45,27480,15570,27485,20918,27470,17525,27465,38746
2020-06-02 10:11:55.590000,27567.45,27475,6101,27480,18602,27470,14525,27465,38746
2020-06-02 10:11:56.090000,27567.45,27480,15570,27485,20918,27470,17525,27465,38746
2020-06-02 10:11:56.760000,27567.45,27475,6101,27480,15570,27470,17525,27465,18746
2020-06-02 10:11:57.400000,27567.45,27480,15570,27485,20918,27470,17525,27465,18746
2020-06-02 10:11:57.870000,27567.45,27480,10570,27485,15864,27470,22525,27465,18746
2020-06-02 10:11:58.100000,27567.45,27480,15570,27485,20918,27470,17525,27465,18746
2020-06-02 10:11:59.340000,27567.45,27480,15464,27485,20918,27470,17525,27465,18746
2020-06-02 10:11:59.900000,27567.45,27480,12464,27485,23918,27470,17525,27465,18746
2020-06-02 10:12:00.700000,27548.54,27480,12464,27485,23918,27470,17525,27465,18746
2020-06-02 10:12:01.200000,27548.54,27485,18864,27490,21696,27475,11217,27470,17471
2020-06-02 10:12:01.790000,27548.54,27485,18864,27490,21696,27475,14251,27470,17471
2020-06-02 10:12:02.290000,27548.54,27485,18864,27490,21796,27475,14251,27470,17471
2020-06-02 10:12:03.090000,27548.54,27480,4670,27485,18864,27475,14251,27470,17471
2020-06-02 10:12:03.490000,27548.54,27480,4670,27485,18864,27475,14251,27470,17471
2020-06-02 10:12:05.650000,27548.54,27480,4670,27485,18864,27475,11217,27470,17471
2020-06-02 10:12:06.700000,27548.54,27485,18864,27490,21796,27475,11217,27470,17471
2020-06-02 10:12:07.210000,27548.54,27485,18864,27490,21796,27475,14256,27470,17471
2020-06-02 10:12:07.290000,27548.54,27485,18864,27490,26765,27475,14256,27470,17471
2020-06-02 10:12:07.590000,27548.54,27480,4670,27485,18864,27475,14256,27470,17471
2020-06-02 10:12:08.210000,27548.54,27480,7670,27485,18864,27475,11217,27470,17471
2020-06-02 10:12:08.350000,27548.54,27480,12670,27485,23918,27470,17524,27465,18746
2020-06-02 10:12:08.700000,27548.54,27475,6101,27480,15676,27470,14534,27465,18746
2020-06-02 10:12:09.410000,27548.54,27475,6101,27480,18676,27470,5322,27465,18746
2020-06-02 10:12:09.700000,27548.54,27475,6101,27480,18676,27470,5322,27465,18746
2020-06-02 10:12:09.990000,27548.54,27475,6101,27480,18676,27470,5322,27465,18746
2020-06-02 10:12:10.290000,27552.42,27475,6095,27480,18676,27470,5322,27465,18746
2020-06-02 10:12:10.850000,27552.42,27475,6095,27480,18676,27470,5322,27465,18746
2020-06-02 10:12:11.090000,27552.42,27475,6095,27480,18676,27470,5297,27465,18746
2020-06-02 10:12:11.910000,27552.42,27475,6095,27480,18676,27470,11497,27465,18746
2020-06-02 10:12:13.100000,27552.42,27475,6095,27480,19176,27470,11492,27465,18746
2020-06-02 10:12:13.600000,27552.42,27475,11095,27480,19176,27470,5292,27465,14024
2020-06-02 10:12:14.690000,27552.42,27475,11095,27480,19176,27470,5292,27465,14044
2020-06-02 10:12:15.100000,27552.42,27480,19176,27485,21018,27470,11492,27465,18766
2020-06-02 10:12:16.130000,27552.42,27475,6095,27480,19176,27470,11492,27465,18766
2020-06-02 10:12:16.300000,27552.42,27475,9095,27480,19176,27470,239,27465,23819
2020-06-02 10:12:16.510000,27552.42,27475,9095,27480,24230,27470,239,27465,23819
2020-06-02 10:12:16.790000,27552.42,27475,14095,27480,24230,27470,239,27465,19097
2020-06-02 10:12:17.100000,27552.42,27475,9095,27480,19176,27470,5292,27465,18766
2020-06-02 10:12:17.400000,27552.42,27475,6095,27480,19176,27470,11492,27465,18766
2020-06-02 10:12:18.400000,27552.42,27475,6095,27480,19176,27470,11492,27465,18766
2020-06-02 10:12:19.990000,27566.32,27470,141,27475,14095,27465,19097,27460,27933
2020-06-02 10:12:20.500000,27566.32,27470,141,27475,14095,27465,19097,27460,27933
2020-06-02 10:12:20.990000,27566.32,27470,4970,27475,17113,27465,16097,27460,27933
2020-06-02 10:12:22.390000,27566.32,27470,4970,27475,17113,27465,16097,27460,27933
2020-06-02 10:12:23.190000,27566.32,27470,4970,27475,17113,27465,16097,27460,27933
2020-06-02 10:12:23.500000,27566.32,27470,4970,27475,17113,27465,11522,27460,27933
2020-06-02 10:12:23.990000,27566.32,27470,12770,27475,22167,27465,269,27460,27986
2020-06-02 10:12:24.160000,27566.32,27470,9770,27475,17113,27465,5322,27460,22933
2020-06-02 10:12:24.490000,27566.32,27470,4770,27475,17113,27465,11522,27460,27933
2020-06-02 10:12:25.190000,27566.32,27475,17113,27480,21230,27465,14522,27460,27933
2020-06-02 10:12:25.390000,27566.32,27470,4770,27475,17113,27465,14522,27460,27933
2020-06-02 10:12:26.190000,27566.32,27475,17113,27480,21230,27465,14522,27460,27933
2020-06-02 10:12:27.300000,27566.32,27475,11095,27480,16176,27470,11253,27465,12480
2020-06-02 10:12:27.690000,27566.32,27475,6095,27480,16176,27470,11253,27465,17202
2020-06-02 10:12:28.300000,27566.32,27475,6095,27480,16176,27470,11253,27465,17212
2020-06-02 10:12:29.220000,27566.32,27475,6095,27480,16176,27470,10453,27465,17212
2020-06-02 10:12:29.590000,27566.32,27480,13170,27485,21018,27470,16404,27465,17212
2020-06-02 10:12:30.090000,27566.32,27480,5170,27485,15964,27475,11217,27470,16351
2020-06-02 10:12:30.500000,27545.88,27480,6770,27485,15964,27475,11217,27470,16351
2020-06-02 10:12:31.000000,27545.88,27480,500,27485,15964,27475,14217,27470,16351
2020-06-02 10:12:31.500000,27545.88,27480,13170,27485,21018,27470,16414,27465,37212
2020-06-02 10:12:32.130000,27545.88,27480,13170,27485,21018,27470,16414,27465,37212
2020-06-02 10:12:32.500000,27545.88,27475,10,27480,13170,27470,16414,27465,37212
2020-06-02 10:12:32.890000,27545.88,27475,10,27480,13170,27470,16424,27465,37212
2020-06-02 10:12:33.530000,27545.88,27475,10,27480,13170,27470,16424,27465,17212
2020-06-02 10:12:33.700000,27545.88,27475,10,27480,13170,27470,16724,27465,17212
2020-06-02 10:12:34.500000,27545.88,27480,13170,27485,15964,27475,5043,27470,11671
2020-06-02 10:12:34.690000,27545.88,27480,5170,27485,15964,27475,14217,27470,16671
2020-06-02 10:12:35.090000,27545.88,27480,500,27485,12924,27475,17258,27470,16671
2020-06-02 10:12:35.640000,27545.88,27480,500,27485,12924,27475,17258,27470,16671
2020-06-02 10:12:36.620000,27545.88,27480,500,27485,12924,27475,17258,27470,16671
2020-06-02 10:12:37.390000,27545.88,27485,4924,27490,24152,27480,9778,27475,16937
2020-06-02 10:12:37.800000,27545.88,27480,542,27485,12824,27475,17258,27470,16671
2020-06-02 10:12:38.190000,27545.88,27480,8012,27485,12824,27475,17258,27470,16671
2020-06-02 10:12:38.700000,27545.88,27480,7470,27485,12824,27475,17258,27470,16671
2020-06-02 10:12:39.000000,27545.88,27480,4670,27485,12824,27475,17258,27470,16671
2020-06-02 10:12:39.720000,27545.88,27480,4670,27485,12824,27475,17258,27470,16671
2020-06-02 10:12:40.090000,27545.88,27485,12824,27490,29206,27475,17258,27470,16671
2020-06-02 10:12:41.590000,27565.79,27485,7824,27490,24152,27475,21979,27470,16671
2020-06-02 10:12:42.090000,27565.79,27485,7824,27490,24152,27475,20979,27470,16671
2020-06-02 10:12:42.700000,27565.79,27485,4924,27490,24152,27480,8765,27475,16937
2020-06-02 10:12:43.090000,27565.79,27485,7824,27490,24152,27480,8765,27475,16937
2020-06-02 10:12:43.590000,27565.79,27485,12824,27490,24152,27480,8765,27475,12215
2020-06-02 10:12:44.060000,27565.79,27485,7824,27490,24152,27480,4030,27475,16937
2020-06-02 10:12:44.790000,27565.79,27485,4924,27490,24152,27480,8765,27475,16937
2020-06-02 10:12:45.200000,27565.79,27485,4924,27490,24152,27480,8765,27475,16937
2020-06-02 10:12:46.200000,27565.79,27485,7424,27490,24152,27480,8735,27475,16937
2020-06-02 10:12:46.500000,27565.79,27485,4924,27490,24152,27480,8735,27475,16937
2020-06-02 10:12:46.900000,27565.79,27490,13095,27495,33177,27485,11601,27480,15797
2020-06-02 10:12:47.390000,27565.79,27490,20995,27495,38231,27480,14797,27475,36937
2020-06-02 10:12:48.200000,27565.79,27490,20995,27495,38231,27480,14797,27475,36937
2020-06-02 10:12:48.650000,27565.79,27485,101,27490,15889,27480,19797,27475,36937
2020-06-02 10:12:49.290000,27565.79,27490,8219,27495,28607,27485,16110,27480,15797
2020-06-02 10:12:49.900000,27565.79,27490,8219,27495,28607,27485,16110,27480,15797
2020-06-02 10:12:50.200000,27565.79,27490,12989,27495,28607,27485,16110,27480,15797
2020-06-02 10:12:51.090000,27548.89,27490,12989,27495,28612,27485,16110,27480,15797
2020-06-02 10:12:51.880000,27548.89,27490,8219,27495,28612,27485,16110,27480,15797
2020-06-02 10:12:52.380000,27548.89,27490,8219,27495,28612,27485,16106,27480,15797
2020-06-02 10:12:54.200000,27548.89,27490,12989,27495,28612,27485,16106,27480,15797
2020-06-02 10:12:54.880000,27548.89,27490,12989,27495,28612,27485,16106,27480,15797
2020-06-02 10:12:55.090000,27548.89,27490,12989,27495,28612,27485,15742,27480,15797
2020-06-02 10:12:57.120000,27548.89,27490,12989,27495,28612,27485,9542,27480,15797
2020-06-02 10:12:57.400000,27548.89,27490,20989,27495,31640,27485,853,27480,10797
2020-06-02 10:12:57.900000,27548.89,27490,20979,27495,31640,27485,592,27480,10797
2020-06-02 10:12:58.290000,27548.89,27490,12979,27495,31640,27485,6792,27480,15797
2020-06-02 10:12:58.700000,27548.89,27490,12979,27495,31640,27485,6642,27480,15797
2020-06-02 10:12:59.490000,27548.89,27490,8209,27495,31640,27485,9652,27480,15797
2020-06-02 10:13:00.160000,27548.89,27490,8209,27495,31640,27485,12652,27480,15797
2020-06-02 10:13:01.600000,27549.4,27490,8209,27495,28612,27485,12652,27480,15797
2020-06-02 10:13:02.190000,27549.4,27490,8209,27495,28612,27485,9652,27480,15797
2020-06-02 10:13:03.100000,27549.4,27490,8209,27495,28612,27485,9664,27480,15797
2020-06-02 10:13:03.490000,27549.4,27490,5888,27495,23612,27485,16944,27480,15797
2020-06-02 10:13:03.900000,27549.4,27495,20612,27500,36848,27490,10227,27485,16944
2020-06-02 10:13:04.460000,27549.4,27495,20612,27500,36848,27490,10227,27485,16944
2020-06-02 10:13:04.690000,27549.4,27495,20812,27500,33794,27490,13236,27485,16944
2020-06-02 10:13:05.900000,27549.4,27495,20812,27500,33794,27490,13236,27485,16944
2020-06-02 10:13:06.490000,27549.4,27495,18980,27500,33794,27490,13236,27485,16944
2020-06-02 10:13:07.040000,27549.4,27495,18980,27500,33794,27490,7886,27485,16944
2020-06-02 10:13:07.100000,27549.4,27495,18980,27500,33794,27490,13236,27485,16944
2020-06-02 10:13:07.490000,27549.4,27495,18980,27500,33794,27490,13236,27485,16944
2020-06-02 10:13:08.020000,27549.4,27500,16247,27505,5244,27495,13886,27490,16359
2020-06-02 10:13:08.290000,27549.4,27500,11193,27505,10244,27495,14585,27490,16359
2020-06-02 10:13:08.790000,27549.4,27495,1741,27500,23963,27490,13413,27485,36944
2020-06-02 10:13:09.390000,27549.4,27495,10753,27500,29993,27490,5054,27485,36944
2020-06-02 10:13:09.790000,27564.24,27495,7653,27500,26963,27490,8072,27485,36944
2020-06-02 10:13:10.690000,27564.24,27495,15753,27500,29969,27490,5054,27485,12222
2020-06-02 10:13:11.300000,27564.24,27495,7653,27500,29969,27490,5054,27485,16944
2020-06-02 10:13:11.690000,27564.24,27495,7653,27500,26963,27490,16472,27485,16944
2020-06-02 10:13:12.190000,27564.24,27500,18963,27505,16248,27495,5054,27490,16418
2020-06-02 10:13:12.800000,27564.24,27500,11193,27505,13244,27495,17245,27490,16418
2020-06-02 10:13:13.100000,27564.24,27500,15863,27505,13244,27495,14245,27490,16418
2020-06-02 10:13:13.830000,27564.24,27500,11193,27505,13244,27495,14245,27490,16418
2020-06-02 10:13:13.940000,27564.24,27505,5244,27510,18951,27500,2461,27495,16913
2020-06-02 10:13:14.300000,27564.24,27505,5244,27510,18951,27500,10209,27495,16913
2020-06-02 10:13:14.920000,27564.24,27510,17329,27515,19325,27505,1,27500,12889
2020-06-02 10:13:15.190000,27564.24,27505,1,27510,17329,27500,12889,27495,16913
2020-06-02 10:13:15.920000,27564.24,27510,17329,27515,24379,27500,12889,27495,16913
2020-06-02 10:13:16.170000,27564.24,27510,17329,27515,24379,27500,12889,27495,16913
2020-06-02 10:13:17.390000,27564.24,27510,17329,27515,24379,27500,12889,27495,16913
2020-06-02 10:13:17.610000,27564.24,27510,1559,27515,19325,27505,8341,27500,15248
2020-06-02 10:13:18.390000,27564.24,27510,4771,27515,17593,27505,12812,27500,15248
2020-06-02 10:13:19.090000,27564.24,27515,12593,27520,20262,27510,5732,27505,16953
2020-06-02 10:13:19.690000,27564.24,27515,6693,27520,20262,27510,8741,27505,16953
2020-06-02 10:13:20.390000,27550.61,27515,6693,27520,20262,27510,8740,27505,16953
2020-06-02 10:13:20.890000,27550.61,27515,14593,27520,25316,27505,17285,27500,35248
2020-06-02 10:13:21.690000,27550.61,27510,4770,27515,14593,27505,17285,27500,35248
2020-06-02 10:13:22.000000,27550.61,27515,9593,27520,20262,27510,10797,27505,16953
2020-06-02 10:13:22.500000,27550.61,27515,6693,27520,20262,27510,13845,27505,16953
2020-06-02 10:13:23.000000,27550.61,27520,15646,27525,18178,27515,5054,27510,11791
2020-06-02 10:13:23.800000,27550.61,27520,10646,27525,18178,27515,5054,27510,16791
2020-06-02 10:13:24.590000,27550.61,27520,10646,27525,18178,27515,14226,27510,16791
2020-06-02 10:13:25.390000,27550.61,27520,10646,27525,18178,27515,8062,27510,16791
2020-06-02 10:13:25.690000,27550.61,27520,10546,27525,18178,27515,14226,27510,16791
2020-06-02 10:13:26.190000,27550.61,27520,10546,27525,18178,27515,8062,27510,16791
2020-06-02 10:13:26.590000,27550.61,27520,10546,27525,18178,27515,7962,27510,16791
2020-06-02 10:13:27.000000,27550.61,27520,18546,27525,23232,27510,13435,27505,36953
2020-06-02 10:13:27.300000,27550.61,27515,6095,27520,18546,27510,13435,27505,36953
2020-06-02 10:13:27.690000,27550.61,27515,7995,27520,18546,27510,10435,27505,36953
2020-06-02 10:13:28.090000,27550.61,27515,6095,27520,18541,27510,10435,27505,16953
2020-06-02 10:13:28.580000,27550.61,27515,8095,27520,18541,27510,10435,27505,16953
2020-06-02 10:13:29.000000,27550.61,27515,6095,27520,18541,27510,5085,27505,16953
2020-06-02 10:13:29.530000,27550.61,27515,6055,27520,18542,27510,10435,27505,16953
2020-06-02 10:13:29.890000,27550.61,27515,6055,27520,18542,27510,10435,27505,16953
2020-06-02 10:13:30.790000,27562.2,27515,6055,27520,18542,27510,10435,27505,16953
2020-06-02 10:13:31.180000,27562.2,27515,6055,27520,18542,27510,10435,27505,16953
2020-06-02 10:13:31.890000,27562.2,27515,6035,27520,18542,27510,10435,27505,16953
2020-06-02 10:13:32.290000,27562.2,27515,6035,27520,18542,27510,5085,27505,16953
2020-06-02 10:13:32.750000,27562.2,27515,6035,27520,18542,27510,5085,27505,16953
2020-06-02 10:13:33.000000,27562.2,27515,6035,27520,18552,27510,5185,27505,16953
2020-06-02 10:13:33.390000,27562.2,27515,6035,27520,18552,27510,10535,27505,16953
2020-06-02 10:13:35.200000,27562.2,27515,6035,27520,18552,27510,10535,27505,16953
2020-06-02 10:13:35.960000,27562.2,27515,6035,27520,18552,27510,10535,27505,16953
2020-06-02 10:13:36.140000,27562.2,27515,6035,27520,18552,27510,10535,27505,16953
2020-06-02 10:13:36.280000,27562.2,27515,6035,27520,18552,27510,10535,27505,16953
2020-06-02 10:13:36.500000,27562.2,27515,5929,27520,18552,27510,10635,27505,16953
2020-06-02 10:13:36.960000,27562.2,27515,13929,27520,26629,27510,200,27505,13877
2020-06-02 10:13:37.420000,27562.2,27510,4570,27515,13929,27505,13877,27500,15248
2020-06-02 10:13:38.140000,27562.2,27510,4570,27515,13929,27505,10877,27500,15248
2020-06-02 10:13:38.790000,27562.2,27515,13929,27520,26639,27505,10877,27500,15248
2020-06-02 10:13:38.990000,27562.2,27515,13929,27520,26639,27505,10877,27500,15248
2020-06-02 10:13:39.680000,27562.2,27515,13929,27520,26639,27505,10877,27500,15248
2020-06-02 10:13:40.090000,27562.2,27510,6200,27515,13929,27505,10877,27500,17065
2020-06-02 10:13:40.590000,27579.8,27515,13929,27520,26639,27505,10877,27500,17065
2020-06-02 10:13:40.990000,27579.8,27515,8929,27520,26639,27510,20,27505,18599
2020-06-02 10:13:41.770000,27579.8,27515,13929,27520,26639,27510,20,27505,13877
2020-06-02 10:13:42.010000,27579.8,27515,5929,27520,21585,27510,6934,27505,16955
2020-06-02 10:13:42.400000,27579.8,27515,5929,27520,21585,27510,9980,27505,16955
2020-06-02 10:13:43.310000,27579.8,27515,5929,27520,21585,27510,9980,27505,16955
2020-06-02 10:13:43.490000,27579.8,27515,5929,27520,21585,27510,4630,27505,16955
2020-06-02 10:13:43.990000,27579.8,27515,5929,27520,21585,27510,11459,27505,16955
2020-06-02 10:13:44.880000,27579.8,27515,5929,27520,21585,27510,11459,27505,16955
2020-06-02 10:13:45.070000,27579.8,27515,5929,27520,21585,27510,3063,27505,17055
2020-06-02 10:13:45.240000,27579.8,27515,5929,27520,21585,27510,8413,27505,17055
2020-06-02 10:13:45.490000,27579.8,27515,5929,27520,21585,27510,8413,27505,17056
2020-06-02 10:13:46.350000,27579.8,27520,21585,27525,23233,27510,8413,27505,17056
2020-06-02 10:13:46.600000,27579.8,27520,21585,27525,23233,27510,8413,27505,17056
2020-06-02 10:13:46.790000,27579.8,27515,5929,27520,18562,27510,12548,27505,17056
2020-06-02 10:13:47.590000,27579.8,27515,5929,27520,18562,27510,14632,27505,17056
2020-06-02 10:13:47.990000,27579.8,27520,18562,27525,23233,27510,14632,27505,17058
2020-06-02 10:13:48.510000,27579.8,27515,5929,27520,18562,27510,14632,27505,17058
2020-06-02 10:13:48.900000,27579.8,27515,4635,27520,18562,27510,14632,27505,17058
2020-06-02 10:13:49.400000,27579.8,27515,4635,27520,18562,27510,14632,27505,17058
2020-06-02 10:13:50.040000,27579.8,27520,18572,27525,23233,27510,14632,27505,17058
2020-06-02 10:13:50.190000,27565.96,27520,18572,27525,23233,27510,14632,27505,17058
2020-06-02 10:13:51.120000,27565.96,27515,6200,27520,18572,27510,14632,27505,17058
2020-06-02 10:13:51.400000,27565.96,27515,6200,27520,18577,27510,14632,27505,17058
2020-06-02 10:13:52.080000,27565.96,27515,5485,27520,18572,27510,14632,27505,17058
2020-06-02 10:13:52.490000,27565.96,27520,18572,27525,23233,27510,14632,27505,17058
2020-06-02 10:13:52.900000,27565.96,27520,18572,27525,18179,27515,11218,27510,12578
2020-06-02 10:13:53.290000,27565.96,27520,10572,27525,18179,27515,11218,27510,17578
2020-06-02 10:13:53.770000,27565.96,27520,10572,27525,18179,27515,11218,27510,17579
2020-06-02 10:13:54.850000,27565.96,27520,10572,27525,18179,27515,11218,27510,17579
2020-06-02 10:13:55.190000,27565.96,27520,15572,27525,16556,27515,11218,27510,12579
2020-06-02 10:13:55.690000,27565.96,27520,5902,27525,13541,27515,14223,27510,17707
2020-06-02 10:13:56.490000,27565.96,27520,5902,27525,13541,27515,14223,27510,17707
2020-06-02 10:13:57.600000,27565.96,27520,2902,27525,13541,27515,14223,27510,17707
2020-06-02 10:13:57.990000,27565.96,27520,2902,27525,13541,27515,14218,27510,17707
2020-06-02 10:13:58.430000,27565.96,27520,2902,27525,13541,27515,14218,27510,17707
2020-06-02 10:13:58.600000,27565.96,27520,2902,27525,13541,27515,14218,27510,17707
2020-06-02 10:13:58.990000,27565.96,27520,2892,27525,13541,27515,14218,27510,17707
2020-06-02 10:13:59.520000,27565.96,27525,5541,27530,19539,27520,10033,27515,16892
2020-06-02 10:14:00.190000,27590.57,27530,11539,27535,18278,27525,4686,27520,11087
2020-06-02 10:14:01.100000,27590.57,27530,14539,27535,18278,27525,4686,27520,16087
2020-06-02 10:14:01.990000,27590.57,27530,11539,27535,18278,27525,10880,27520,16087
2020-06-02 10:14:02.810000,27590.57,27530,5339,27535,13692,27525,16929,27520,16087
2020-06-02 10:14:03.390000,27590.57,27535,13592,27540,23853,27525,17403,27520,16087
2020-06-02 10:14:03.990000,27590.57,27535,5692,27540,18799,27530,5054,27525,17071
2020-06-02 10:14:04.390000,27590.57,27535,207,27540,18799,27530,16411,27525,17071
2020-06-02 10:14:04.990000,27590.57,27540,9104,27545,22695,27530,21114,27525,17071
2020-06-02 10:14:05.690000,27590.57,27540,9104,27545,22695,27530,21114,27525,17171
2020-06-02 10:14:06.300000,27590.57,27540,6204,27545,17641,27535,4947,27530,16297
2020-06-02 10:14:07.100000,27590.57,27540,1534,27545,8022,27535,21836,27530,16297
2020-06-02 10:14:07.800000,27590.57,27540,1,27545,7922,27535,22043,27530,16297
2020-06-02 10:14:08.390000,27590.57,27545,12922,27550,24223,27540,5053,27535,12267
2020-06-02 10:14:09.130000,27590.57,27545,12922,27550,29277,27535,17118,27530,36332
2020-06-02 10:14:09.590000,27573.96,27545,5022,27550,24223,27540,10853,27535,16787
2020-06-02 10:14:10.110000,27573.96,27545,5022,27550,19591,27540,10560,27535,16787
2020-06-02 10:14:10.690000,27573.96,27545,5022,27550,19591,27540,16760,27535,16787
2020-06-02 10:14:11.300000,27573.96,27550,11590,27555,19356,27545,4455,27540,17207
2020-06-02 10:14:12.200000,27573.96,27550,11590,27555,19356,27545,4435,27540,17207
2020-06-02 10:14:12.800000,27573.96,27550,5390,27555,19356,27545,13546,27540,17207
2020-06-02 10:14:13.510000,27573.96,27550,5385,27555,19356,27545,13540,27540,17207
2020-06-02 10:14:14.090000,27573.96,27550,11585,27555,14722,27545,16540,27540,17207
2020-06-02 10:14:14.810000,27573.96,27550,5385,27555,14722,27545,16540,27540,17207
2020-06-02 10:14:15.190000,27573.96,27555,6722,27560,19570,27550,4185,27545,16927
2020-06-02 10:14:16.200000,27573.96,27555,6722,27560,19570,27550,7128,27545,16927
2020-06-02 10:14:16.940000,27573.96,27555,6722,27560,19570,27550,12388,27545,16927
2020-06-02 10:14:17.500000,27573.96,27555,1237,27560,14958,27550,20388,27545,16927
2020-06-02 10:14:18.190000,27573.96,27555,6722,27560,14958,27550,15388,27545,17137
2020-06-02 10:14:18.890000,27573.96,27555,1232,27560,14958,27550,15488,27545,17137
2020-06-02 10:14:19.700000,27573.96,27555,5485,27560,17558,27550,14293,27545,17137
2020-06-02 10:14:20.290000,27587.52,27555,5465,27560,20600,27545,20017,27540,37217
2020-06-02 10:14:21.090000,27587.52,27555,8265,27560,25654,27545,20017,27540,37217
2020-06-02 10:14:21.790000,27587.52,27555,13265,27560,25654,27545,15295,27540,37217
2020-06-02 10:14:22.390000,27587.52,27550,6110,27555,13275,27545,6095,27540,17217
2020-06-02 10:14:22.900000,27587.52,27550,6110,27555,13275,27545,6095,27540,17217
2020-06-02 10:14:23.390000,27587.52,27550,5013,27555,13275,27545,6095,27540,17217
2020-06-02 10:14:23.890000,27587.52,27545,286,27550,7813,27540,20097,27535,38263
2020-06-02 10:14:24.390000,27587.52,27550,12713,27555,18347,27545,1048,27540,12217
2020-06-02 10:14:25.000000,27587.52,27550,4913,27555,18347,27545,7248,27540,17217
2020-06-02 10:14:25.790000,27587.52,27555,18347,27560,23162,27545,7248,27540,17217
2020-06-02 10:14:26.200000,27587.52,27555,18347,27560,23162,27550,127,27545,10278
2020-06-02 10:14:26.790000,27587.52,27555,18347,27560,23162,27545,10278,27540,17217
2020-06-02 10:14:27.490000,27587.52,27550,4807,27555,18347,27545,10278,27540,17217
2020-06-02 10:14:27.790000,27587.52,27555,18331,27560,23162,27545,10238,27540,17217
2020-06-02 10:14:28.290000,27587.52,27555,18291,27560,23162,27545,10238,27540,17217
2020-06-02 10:14:28.490000,27587.52,27550,7185,27555,18275,27545,10238,27540,17217
2020-06-02 10:14:28.880000,27587.52,27555,18270,27560,23162,27545,10238,27540,17217
2020-06-02 10:14:29.090000,27587.52,27550,4771,27555,18263,27545,10238,27540,17217
2020-06-02 10:14:29.380000,27587.52,27550,4753,27555,18268,27545,10238,27540,17217
2020-06-02 10:14:29.900000,27587.52,27550,12329,27555,23322,27540,13126,27535,18264
2020-06-02 10:14:30.460000,27587.52,27550,7255,27555,23322,27540,18226,27535,18264
2020-06-02 10:14:30.990000,27598.35,27550,9598,27555,18268,27545,909,27540,12317
2020-06-02 10:14:31.490000,27598.35,27550,12500,27555,23322,27540,13226,27535,18264
2020-06-02 10:14:31.990000,27598.35,27550,12500,27555,23322,27540,13226,27535,18264
2020-06-02 10:14:32.490000,27598.35,27550,12500,27555,23322,27540,13226,27535,18264
2020-06-02 10:14:33.400000,27598.35,27550,12500,27555,23332,27540,13216,27535,18264
2020-06-02 10:14:33.900000,27598.35,27545,12924,27550,20576,27540,110,27535,14451
2020-06-02 10:14:34.600000,27598.35,27545,24824,27550,20576,27540,110,27535,14451
2020-06-02 10:14:34.990000,27598.35,27545,24824,27550,20576,27535,14451,27530,17877
2020-06-02 10:14:35.660000,27598.35,27545,10000,27550,18522,27540,10139,27535,18264
2020-06-02 10:14:36.090000,27598.35,27545,10000,27550,18522,27540,10139,27535,18264
2020-06-02 10:14:36.680000,27598.35,27545,10000,27550,18623,27540,10139,27535,18264
2020-06-02 10:14:36.850000,27598.35,27545,10000,27550,18624,27540,10139,27535,18264
2020-06-02 10:14:37.650000,27598.35,27545,10000,27550,18624,27540,10139,27535,18264
2020-06-02 10:14:38.290000,27598.35,27550,18624,27555,20552,27540,6200,27535,18264
2020-06-02 10:14:38.580000,27598.35,27545,4924,27550,18624,27540,6200,27535,18264
2020-06-02 10:14:38.990000,27598.35,27545,7024,27550,18624,27540,6200,27535,18264
2020-06-02 10:14:39.190000,27598.35,27540,1704,27545,12924,27535,13542,27530,37977
2020-06-02 10:14:39.900000,27598.35,27540,1401,27545,12924,27535,13542,27530,37977
2020-06-02 10:14:40.080000,27598.35,27545,7924,27550,18624,27540,6200,27535,18264
2020-06-02 10:14:40.600000,27609.2,27550,18624,27555,20552,27540,6136,27535,18264
2020-06-02 10:14:41.100000,27609.2,27545,300,27550,18624,27540,7853,27535,18264
2020-06-02 10:14:41.400000,27609.2,27545,300,27550,18624,27540,7853,27535,18264
2020-06-02 10:14:41.910000,27609.2,27545,8124,27550,18624,27540,7853,27535,18264
2020-06-02 10:14:42.100000,27609.2,27545,300,27550,18624,27540,7853,27535,18264
2020-06-02 10:14:42.400000,27609.2,27545,300,27550,18624,27540,7853,27535,18264
2020-06-02 10:14:43.050000,27609.2,27545,5224,27550,18624,27540,7853,27535,18264
2020-06-02 10:14:43.180000,27609.2,27545,300,27550,18624,27540,7953,27535,18264
2020-06-02 10:14:43.520000,27609.2,27545,300,27550,18624,27540,7961,27535,18264
2020-06-02 10:14:44.040000,27609.2,27545,300,27550,18624,27540,7961,27535,18264
2020-06-02 10:14:44.490000,27609.2,27550,11518,27555,23552,27540,13962,27535,18264
2020-06-02 10:14:45.150000,27609.2,27550,9718,27555,18498,27540,13962,27535,18364
2020-06-02 10:14:45.900000,27609.2,27545,20,27550,9718,27540,13962,27535,38364
2020-06-02 10:14:46.600000,27609.2,27550,4718,27555,18498,27540,18962,27535,38364
2020-06-02 10:14:47.270000,27609.2,27550,4718,27555,18498,27545,6200,27540,18962
2020-06-02 10:14:47.490000,27609.2,27550,4718,27555,18498,27545,6200,27540,21462
2020-06-02 10:14:47.890000,27609.2,27550,227,27555,18498,27545,9200,27540,21462
2020-06-02 10:14:48.300000,27609.2,27550,9327,27555,18498,27540,21462,27535,38364
2020-06-02 10:14:48.690000,27609.2,27550,10048,27555,18498,27540,21962,27535,18364
2020-06-02 10:14:49.390000,27609.2,27550,7148,27555,18498,27545,6200,27540,21962
2020-06-02 10:14:49.610000,27609.2,27550,948,27555,18498,27545,6200,27540,21962
2020-06-02 10:14:49.990000,27609.2,27550,948,27555,18498,27545,6200,27540,21962
2020-06-02 10:14:50.390000,27609.2,27550,948,27555,18498,27545,6000,27540,21962
2020-06-02 10:14:51.390000,27611.2,27550,948,27555,18498,27545,5900,27540,21962
2020-06-02 10:14:51.910000,27611.2,27550,948,27555,18498,27545,5800,27540,22062
2020-06-02 10:14:52.190000,27611.2,27550,948,27555,18498,27545,10854,27540,22062
2020-06-02 10:14:52.600000,27611.2,27550,3848,27555,18498,27545,10854,27540,22062
2020-06-02 10:14:53.050000,27611.2,27550,3848,27555,18498,27545,10854,27540,22062
2020-06-02 10:14:53.300000,27611.2,27550,948,27555,18498,27545,10854,27540,22069
2020-06-02 10:14:53.490000,27611.2,27550,3647,27555,18498,27545,10753,27540,22069
2020-06-02 10:14:54.050000,27611.2,27550,847,27555,18498,27545,10754,27540,22069
2020-06-02 10:14:54.390000,27611.2,27550,847,27555,18498,27545,13754,27540,22069
2020-06-02 10:14:54.690000,27611.2,27550,14847,27555,18498,27545,5054,27540,17069
2020-06-02 10:14:55.100000,27611.2,27550,6847,27555,23552,27540,25196,27535,18364
2020-06-02 10:14:55.720000,27611.2,27550,11847,27555,23552,27540,20196,27535,18364
2020-06-02 10:14:56.300000,27611.2,27550,6847,27555,18498,27545,3127,27540,22069
2020-06-02 10:14:56.740000,27611.2,27550,6847,27555,18498,27545,8826,27540,22069
2020-06-02 10:14:57.190000,27611.2,27550,6848,27555,18498,27545,8926,27540,22069
2020-06-02 10:14:57.720000,27611.2,27550,6848,27555,18498,27545,8926,27540,22069
2020-06-02 10:14:57.990000,27611.2,27550,1,27555,18498,27545,8926,27540,22069
2020-06-02 10:14:58.390000,27611.2,27550,6201,27555,18498,27545,3227,27540,22069
2020-06-02 10:14:58.800000,27611.2,27550,6201,27555,18498,27545,8926,27540,22069
2020-06-02 10:14:59.330000,27611.2,27550,6201,27555,18498,27545,9426,27540,21569
2020-06-02 10:14:59.480000,27611.2,27550,6201,27555,18498,27545,9426,27540,21569
2020-06-02 10:14:59.890000,27611.2,27550,9001,27555,18498,27545,3127,27540,21569
2020-06-02 10:15:00.420000,27610.2,27555,7426,27560,18719,27550,3126,27545,16556
2020-06-02 10:15:00.690000,27610.2,27555,8724,27560,18719,27550,8386,27545,16556
2020-06-02 10:15:01.450000,27610.2,27555,2045,27560,18719,27550,11395,27545,16556
2020-06-02 10:15:01.890000,27610.2,27555,10226,27560,18719,27550,3132,27545,16556
2020-06-02 10:15:02.800000,27610.2,27555,15406,27560,23773,27550,3,27545,14947
2020-06-02 10:15:03.590000,27610.2,27555,7606,27560,18719,27550,3116,27545,16556
2020-06-02 10:15:04.190000,27610.2,27555,15306,27560,23773,27545,14947,27540,21697
2020-06-02 10:15:04.800000,27610.2,27555,15206,27560,23773,27545,14947,27540,21697
2020-06-02 10:15:05.390000,27610.2,27555,20460,27560,18721,27545,11834,27540,24810
2020-06-02 10:15:06.200000,27610.2,27555,7606,27560,23775,27550,5260,27545,19669
2020-06-02 10:15:06.500000,27610.2,27555,2047,27560,23775,27550,11084,27545,19669
2020-06-02 10:15:07.190000,27610.2,27555,2747,27560,23775,27550,11084,27545,19669
2020-06-02 10:15:08.090000,27610.2,27555,8126,27560,23775,27550,11184,27545,19669
2020-06-02 10:15:08.810000,27610.2,27550,18,27555,15981,27545,16556,27540,25010
2020-06-02 10:15:09.290000,27610.2,27550,18972,27555,18935,27540,16897,27535,41481
2020-06-02 10:15:09.930000,27613.15,27550,18969,27555,18935,27540,16897,27535,21481
2020-06-02 10:15:10.390000,27613.15,27550,18969,27555,18935,27540,16897,27535,21481
2020-06-02 10:15:11.000000,27613.15,27545,4924,27550,24987,27540,9899,27535,21481
2020-06-02 10:15:11.680000,27613.15,27545,4924,27550,24987,27540,12899,27535,21481
2020-06-02 10:15:12.110000,27613.15,27550,22969,27555,17035,27540,15913,27535,21481
2020-06-02 10:15:13.000000,27613.15,27545,4684,27550,22970,27540,15943,27535,21481
2020-06-02 10:15:13.540000,27613.15,27545,4578,27550,25994,27540,3793,27535,21481
2020-06-02 10:15:14.000000,27613.15,27545,4578,27550,25994,27540,9959,27535,21481
2020-06-02 10:15:14.600000,27613.15,27545,4578,27550,25994,27540,9958,27535,21481
2020-06-02 10:15:15.000000,27613.15,27550,22970,27555,17035,27540,16088,27535,21481
2020-06-02 10:15:15.650000,27613.15,27550,7217,27555,25089,27540,24201,27535,18368
2020-06-02 10:15:15.990000,27613.15,27545,48,27550,17271,27540,16080,27535,21481
2020-06-02 10:15:16.700000,27613.15,27545,6248,27550,17271,27540,16080,27535,21481
2020-06-02 10:15:17.490000,27613.15,27545,6248,27550,20303,27540,3914,27535,21481
2020-06-02 10:15:17.880000,27613.15,27545,48,27550,17271,27540,16088,27535,21481
2020-06-02 10:15:18.990000,27613.15,27545,48,27550,7217,27540,24201,27535,18368
2020-06-02 10:15:19.590000,27613.15,27545,48,27550,12271,27540,16088,27535,21511
2020-06-02 10:15:20.350000,27598.52,27545,48,27550,17272,27540,16088,27535,21511
2020-06-02 10:15:21.370000,27598.52,27545,48,27550,17272,27540,75944,27535,21511
2020-06-02 10:15:21.590000,27598.52,27545,6248,27550,17272,27540,75944,27535,21511
2020-06-02 10:15:22.400000,27598.52,27545,6248,27550,20273,27540,77759,27535,21511
2020-06-02 10:15:22.590000,27598.52,27545,6248,27550,17272,27540,77759,27535,21611
2020-06-02 10:15:22.990000,27598.52,27545,6248,27550,17272,27540,77759,27535,21611
2020-06-02 10:15:23.510000,27598.52,27545,6248,27550,17272,27540,77759,27535,21611
2020-06-02 10:15:23.600000,27598.52,27545,6248,27550,20322,27540,68585,27535,21611
2020-06-02 10:15:24.290000,27598.52,27545,6249,27550,21022,27540,77753,27535,21611
2020-06-02 10:15:25.490000,27598.52,27545,49,27550,21022,27540,77753,27535,21611
2020-06-02 10:15:25.990000,27598.52,27545,6249,27550,21022,27540,77953,27535,21611
2020-06-02 10:15:26.490000,27598.52,27545,49,27550,21022,27540,77953,27535,21611
2020-06-02 10:15:27.150000,27598.52,27550,7918,27555,24390,27545,181,27540,86167
2020-06-02 10:15:27.580000,27598.52,27550,20672,27555,19336,27540,78054,27535,21611
2020-06-02 10:15:28.320000,27598.52,27545,6200,27550,20682,27540,78054,27535,21611
2020-06-02 10:15:28.690000,27598.52,27545,6210,27550,20682,27540,71926,27535,21611
2020-06-02 10:15:29.320000,27598.52,27545,6210,27550,20682,27540,71926,27535,21611
2020-06-02 10:15:30.100000,27598.52,27545,6210,27550,20682,27540,78077,27535,21611
2020-06-02 10:15:30.400000,27602.33,27545,6210,27550,20742,27540,71941,27535,21611
2020-06-02 10:15:30.790000,27602.33,27545,6210,27550,20742,27540,71941,27535,21611
2020-06-02 10:15:31.440000,27602.33,27545,6211,27550,23765,27540,71941,27535,21611
2020-06-02 10:15:31.580000,27602.33,27545,13965,27550,18767,27540,65909,27535,18498
2020-06-02 10:15:32.080000,27602.33,27545,18945,27550,18767,27540,65849,27535,13776
2020-06-02 10:15:32.690000,27602.33,27545,5000,27550,20742,27540,77990,27535,16889
2020-06-02 10:15:33.290000,27602.33,27550,20742,27555,19335,27540,77990,27535,21611
2020-06-02 10:15:33.600000,27602.33,27550,18042,27555,19335,27540,77990,27535,21611
2020-06-02 10:15:34.190000,27602.33,27550,18042,27555,19335,27540,77990,27535,21611
2020-06-02 10:15:34.600000,27602.33,27550,18042,27555,19335,27540,77990,27535,21611
2020-06-02 10:15:35.020000,27602.33,27550,18042,27555,19335,27540,77990,27535,21611
2020-06-02 10:15:35.490000,27602.33,27545,16244,27550,18798,27540,65849,27535,13776
2020-06-02 10:15:36.190000,27602.33,27545,16244,27550,18798,27540,65849,27535,13776
2020-06-02 10:15:36.690000,27602.33,27545,16244,27550,18798,27540,65849,27535,13776
2020-06-02 10:15:37.600000,27602.33,27540,1375,27545,22153,27535,6399,27530,21010
2020-06-02 10:15:38.130000,27602.33,27540,1375,27545,22153,27535,6399,27530,21010
2020-06-02 10:15:38.690000,27602.33,27545,22153,27550,17098,27535,6399,27530,21010
2020-06-02 10:15:39.270000,27602.33,27540,19254,27545,17099,27535,6369,27530,12897
2020-06-02 10:15:39.600000,27602.33,27540,19254,27545,17099,27535,6369,27530,12897
2020-06-02 10:15:40.360000,27615.19,27540,19354,27545,17099,27535,6369,27530,12897
2020-06-02 10:15:40.690000,27615.19,27540,22266,27545,17099,27535,6369,27530,12867
2020-06-02 10:15:41.280000,27615.19,27540,22266,27545,17099,27535,205,27530,12867
2020-06-02 10:15:41.800000,27615.19,27540,20666,27545,17099,27535,305,27530,12867
2020-06-02 10:15:42.330000,27615.19,27540,20666,27545,17099,27535,305,27530,12867
2020-06-02 10:15:42.600000,27615.19,27535,16717,27540,20112,27530,5315,27525,13576
2020-06-02 10:15:42.990000,27615.19,27535,19717,27540,20112,27530,5315,27525,13546
2020-06-02 10:15:43.590000,27615.19,27535,14353,27540,20112,27530,5315,27525,13546
2020-06-02 10:15:44.090000,27615.19,27535,17358,27540,20112,27530,5315,27525,13546
2020-06-02 10:15:44.590000,27615.19,27535,17358,27540,20112,27530,5315,27525,13546
2020-06-02 10:15:45.090000,27615.19,27535,17058,27540,20112,27530,5315,27525,13546
2020-06-02 10:15:45.610000,27615.19,27540,17066,27545,17199,27535,6164,27530,11330
2020-06-02 10:15:46.090000,27615.19,27540,14166,27545,17199,27535,6164,27530,11330
2020-06-02 10:15:46.610000,27615.19,27540,14166,27545,17199,27535,6164,27530,11430
2020-06-02 10:15:46.980000,27615.19,27540,22116,27545,17199,27535,6164,27530,11430
2020-06-02 10:15:47.390000,27615.19,27540,20416,27545,17199,27535,6164,27530,11430
2020-06-02 10:15:47.690000,27615.19,27540,20416,27545,17199,27535,6164,27530,11430
2020-06-02 10:15:48.200000,27615.19,27540,20416,27545,17199,27535,6163,27530,11430
2020-06-02 10:15:48.590000,27615.19,27540,14216,27545,17199,27535,6163,27530,11440
2020-06-02 10:15:49.140000,27615.19,27540,14216,27545,17200,27535,6068,27530,11440
2020-06-02 10:15:49.590000,27615.19,27540,14216,27545,17200,27535,6068,27530,11440
2020-06-02 10:15:50.090000,27618.18,27540,50,27545,20354,27535,6068,27530,19553
2020-06-02 10:15:50.870000,27618.18,27545,20354,27550,19033,27540,6087,27535,8968
2020-06-02 10:15:51.300000,27618.18,27545,14345,27550,19033,27540,6082,27535,12079
2020-06-02 10:15:52.090000,27618.18,27545,14345,27550,19033,27540,6200,27535,12078
2020-06-02 10:15:52.590000,27618.18,27545,14345,27550,19033,27540,6200,27535,12078
2020-06-02 10:15:53.090000,27618.18,27545,7944,27550,19033,27540,6200,27535,12078
2020-06-02 10:15:53.590000,27618.18,27550,22187,27555,19743,27540,6200,27535,19913
2020-06-02 10:15:54.090000,27618.18,27550,22187,27555,19743,27545,5699,27540,9200
2020-06-02 10:15:54.690000,27618.18,27550,22187,27555,19743,27545,5699,27540,12216
2020-06-02 10:15:55.190000,27618.18,27550,22287,27555,19743,27540,9200,27535,19923
2020-06-02 10:15:55.680000,27618.18,27545,3154,27550,21833,27540,6200,27535,16810
2020-06-02 10:15:56.180000,27618.18,27545,3154,27550,19033,27540,6200,27535,16810
2020-06-02 10:15:56.790000,27618.18,27550,22187,27555,19743,27540,9200,27535,19923
2020-06-02 10:15:57.290000,27618.18,27550,22397,27555,19743,27545,5699,27540,9200
2020-06-02 10:15:57.790000,27618.18,27550,22397,27555,19743,27540,9200,27535,19923
2020-06-02 10:15:58.290000,27618.18,27550,22397,27555,19743,27540,9200,27535,19923
2020-06-02 10:15:58.700000,27618.18,27550,22397,27555,19743,27545,5678,27540,9200
2020-06-02 10:15:59.310000,27618.18,27550,22397,27555,19743,27540,9200,27535,19923
2020-06-02 10:15:59.590000,27598.7,27545,3154,27550,22043,27540,9200,27535,16910
2020-06-02 10:16:00.000000,27598.7,27545,16935,27550,19243,27540,6200,27535,12218
2020-06-02 10:16:00.390000,27598.7,27545,16935,27550,19243,27540,6200,27535,12218
2020-06-02 10:16:00.890000,27598.7,27545,16935,27550,19243,27535,12218,27530,19584
2020-06-02 10:16:01.390000,27598.7,27545,16935,27550,19243,27535,12219,27530,20179
2020-06-02 10:16:01.890000,27598.7,27545,19947,27550,19243,27535,12219,27530,20169
2020-06-02 10:16:02.480000,27598.7,27545,3154,27550,19243,27540,6200,27535,16941
2020-06-02 10:16:02.790000,27598.7,27545,3154,27550,19243,27540,6200,27535,16941
2020-06-02 10:16:03.290000,27598.7,27545,17035,27550,19243,27540,6200,27535,12219
2020-06-02 10:16:03.700000,27598.7,27545,14135,27550,19243,27540,6200,27535,12219
2020-06-02 10:16:04.090000,27598.7,27545,20049,27550,18543,27535,12219,27530,20169
2020-06-02 10:16:04.590000,27598.7,27545,20049,27550,18543,27540,2,27535,9209
2020-06-02 10:16:05.090000,27598.7,27540,3725,27545,15095,27535,6209,27530,17056
2020-06-02 10:16:05.700000,27598.7,27540,16925,27545,13995,27535,6219,27530,12056
2020-06-02 10:16:06.200000,27598.7,27540,16925,27545,13995,27535,6249,27530,12056
2020-06-02 10:16:06.700000,27598.7,27540,14624,27545,13995,27535,6249,27530,12056
2020-06-02 10:16:07.120000,27598.7,27540,19963,27545,13995,27535,286,27530,12056
2020-06-02 10:16:07.590000,27598.7,27540,15424,27545,13995,27535,286,27530,12056
2020-06-02 10:16:08.200000,27598.7,27540,14624,27545,13995,27535,3349,27530,12056
2020-06-02 10:16:09.150000,27598.7,27540,14635,27545,13995,27535,9312,27530,12056
2020-06-02 10:16:09.290000,27598.7,27540,14635,27545,13995,27535,9282,27530,12056
2020-06-02 10:16:09.700000,27598.7,27535,20809,27540,14216,27530,6041,27525,13577
2020-06-02 10:16:10.340000,27610.72,27530,13162,27535,24002,27525,5936,27520,13905
2020-06-02 10:16:10.990000,27610.72,27530,2923,27535,18039,27525,5936,27520,18905
2020-06-02 10:16:11.700000,27610.72,27535,23762,27540,14216,27525,5836,27520,21928
2020-06-02 10:16:12.430000,27610.72,27535,12482,27540,14216,27530,5080,27525,11841
2020-06-02 10:16:12.990000,27610.72,27535,23723,27540,14216,27525,8836,27520,21928
2020-06-02 10:16:13.490000,27610.72,27535,23723,27540,14216,27530,5080,27525,8836
2020-06-02 10:16:13.990000,27610.72,27535,20863,27540,14216,27530,5080,27525,8836
2020-06-02 10:16:14.490000,27610.72,27535,20863,27540,14216,27525,8836,27520,21928
2020-06-02 10:16:14.900000,27610.72,27535,20863,27540,14216,27530,5080,27525,8836
2020-06-02 10:16:15.480000,27610.72,27535,20863,27540,14216,27530,5080,27525,8936
2020-06-02 10:16:15.690000,27610.72,27535,20863,27540,14216,27525,8936,27520,21928
2020-06-02 10:16:16.190000,27610.72,27530,13162,27535,20740,27525,258,27520,13815
2020-06-02 10:16:17.080000,27610.72,27525,11872,27530,16737,27520,6320,27515,13701
2020-06-02 10:16:17.790000,27610.72,27525,19696,27530,16737,27520,6320,27515,13701
2020-06-02 10:16:18.400000,27610.72,27525,19696,27530,16737,27520,120,27515,9064
2020-06-02 10:16:18.990000,27610.72,27525,10471,27530,16737,27520,6320,27515,12069
2020-06-02 10:16:19.490000,27610.72,27530,19660,27535,18040,27520,6320,27515,19904
2020-06-02 10:16:20.290000,27614.13,27530,19160,27535,18040,27520,9320,27515,19904
2020-06-02 10:16:20.690000,27614.13,27530,21960,27535,18040,27520,6320,27515,16791
2020-06-02 10:16:21.360000,27614.13,27525,7713,27530,19037,27520,9331,27515,12069
2020-06-02 10:16:21.790000,27614.13,27530,21930,27535,18040,27525,30,27520,9311
2020-06-02 10:16:22.600000,27614.13,27530,16042,27535,18040,27525,5738,27520,15395
2020-06-02 10:16:23.190000,27614.13,27530,19074,27535,19855,27525,5798,27520,12311
2020-06-02 10:16:23.790000,27614.13,27535,22748,27540,17216,27525,8858,27520,23470
2020-06-02 10:16:24.520000,27614.13,27530,7893,27535,22655,27525,5358,27520,15357
2020-06-02 10:16:24.890000,27614.13,27535,22748,27540,17216,27525,8358,27520,23470
2020-06-02 10:16:25.500000,27614.13,27535,22748,27540,17216,27525,8358,27520,23470
2020-06-02 10:16:26.100000,27614.13,27535,25548,27540,17216,27525,5358,27520,20357
2020-06-02 10:16:26.780000,27614.13,27535,22748,27540,17216,27525,5458,27520,23470
2020-06-02 10:16:27.280000,27614.13,27535,25088,27540,17216,27525,5458,27520,23490
2020-06-02 10:16:27.890000,27614.13,27535,20644,27540,17216,27525,5458,27520,23490
2020-06-02 10:16:28.690000,27614.13,27530,8044,27535,20640,27525,5458,27520,15377
2020-06-02 10:16:29.100000,27614.13,27530,18511,27535,17940,27525,190,27520,12331
2020-06-02 10:16:29.700000,27614.13,27530,19211,27535,17940,27525,5458,27520,12331
2020-06-02 10:16:30.190000,27613.4,27530,19211,27535,17940,27525,5458,27520,12361
2020-06-02 10:16:30.740000,27613.4,27530,19211,27535,17940,27525,190,27520,12362
2020-06-02 10:16:31.100000,27613.4,27530,19021,27535,17940,27520,9361,27515,19984
2020-06-02 10:16:31.490000,27613.4,27530,16321,27535,17940,27525,5268,27520,12361
2020-06-02 10:16:32.090000,27613.4,27530,17121,27535,17940,27525,5268,27520,12361
2020-06-02 10:16:32.390000,27613.4,27530,16121,27535,17940,27525,5268,27520,12361
2020-06-02 10:16:33.280000,27613.4,27530,13073,27535,17940,27525,5268,27520,15476
2020-06-02 10:16:33.490000,27613.4,27530,13073,27535,17940,27525,5298,27520,15476
2020-06-02 10:16:33.800000,27613.4,27530,13073,27535,17940,27525,5298,27520,15476
2020-06-02 10:16:34.380000,27613.4,27530,13073,27535,17940,27525,30,27520,15506
2020-06-02 10:16:34.980000,27613.4,27530,18997,27535,17940,27525,25,27520,12391
2020-06-02 10:16:35.500000,27613.4,27525,4765,27530,18997,27520,9541,27515,15292
2020-06-02 10:16:36.000000,27613.4,27530,18997,27535,17915,27520,9541,27515,20014
2020-06-02 10:16:36.530000,27613.4,27530,16297,27535,17915,27520,9541,27515,20014
2020-06-02 10:16:36.800000,27613.4,27530,16297,27535,17915,27520,9541,27515,20014
2020-06-02 10:16:37.450000,27613.4,27530,16297,27535,18015,27520,9541,27515,20014
2020-06-02 10:16:37.590000,27613.4,27530,18997,27535,18015,27525,1,27520,9541
2020-06-02 10:16:37.980000,27613.4,27525,4758,27530,16297,27520,9541,27515,15292
2020-06-02 10:16:38.620000,27613.4,27525,2424,27530,13873,27520,9541,27515,16901
2020-06-02 10:16:38.890000,27613.4,27525,15953,27530,13873,27520,9541,27515,12179
2020-06-02 10:16:39.610000,27613.4,27525,15953,27530,13873,27520,9541,27515,12179
2020-06-02 10:16:39.800000,27613.4,27525,18964,27530,13873,27520,3341,27515,9174
2020-06-02 10:16:40.300000,27607.87,27525,18964,27530,13873,27520,3341,27515,9174
2020-06-02 10:16:40.690000,27607.87,27525,18964,27530,13873,27520,9541,27515,9174
2020-06-02 10:16:41.190000,27607.87,27525,18964,27530,13873,27520,3341,27515,9174
2020-06-02 10:16:41.590000,27607.87,27525,18964,27530,13873,27520,3341,27515,9174
2020-06-02 10:16:42.250000,27607.87,27525,4744,27530,16297,27520,9541,27515,15331
2020-06-02 10:16:42.690000,27607.87,27525,4744,27530,16332,27520,9458,27515,15331
2020-06-02 10:16:43.420000,27607.87,27525,4744,27530,16332,27520,9458,27515,15331
2020-06-02 10:16:43.680000,27607.87,27525,4744,27530,16332,27520,9458,27515,15331
2020-06-02 10:16:44.340000,27607.87,27525,6,27530,16332,27520,9458,27515,20053
2020-06-02 10:16:44.590000,27607.87,27530,16332,27535,17988,27520,9458,27515,20053
2020-06-02 10:16:44.890000,27607.87,27530,16332,27535,17988,27520,9821,27515,20053
2020-06-02 10:16:45.330000,27607.87,27530,16332,27535,17988,27520,10038,27515,19993
2020-06-02 10:16:45.500000,27607.87,27530,16332,27535,17988,27525,5268,27520,13038
2020-06-02 10:16:46.000000,27607.87,27530,10984,27535,17988,27525,5268,27520,13038
2020-06-02 10:16:46.500000,27607.87,27530,736,27535,20412,27525,5268,27520,21128
2020-06-02 10:16:47.000000,27607.87,27530,736,27535,20412,27525,5268,27520,24241
2020-06-02 10:16:47.510000,27607.87,27535,20412,27540,17026,27525,5268,27520,24241
2020-06-02 10:16:48.000000,27607.87,27535,20412,27540,17026,27525,5268,27520,24241
2020-06-02 10:16:48.530000,27607.87,27535,20412,27540,17026,27530,6200,27525,8268
2020-06-02 10:16:48.790000,27607.87,27535,20422,27540,17026,27530,6200,27525,8268
2020-06-02 10:16:49.200000,27607.87,27535,7948,27540,19990,27530,6200,27525,11294
2020-06-02 10:16:49.700000,27607.87,27535,15336,27540,17566,27525,11294,27520,24241
2020-06-02 10:16:50.200000,27611.07,27530,4800,27535,18363,27525,5231,27520,16128
2020-06-02 10:16:50.790000,27611.07,27535,18225,27540,17566,27525,5231,27520,24241
2020-06-02 10:16:51.390000,27611.07,27535,18225,27540,17566,27525,5231,27520,24241
2020-06-02 10:16:52.390000,27611.07,27535,18225,27540,17566,27525,5231,27520,24241
2020-06-02 10:16:53.290000,27611.07,27535,18225,27540,17566,27530,60,27525,5231
2020-06-02 10:16:53.700000,27611.07,27535,18225,27540,17566,27530,60,27525,8231
2020-06-02 10:16:54.340000,27611.07,27535,18225,27540,17566,27530,60,27525,8601
2020-06-02 10:16:55.090000,27611.07,27535,18225,27540,17566,27530,60,27525,8601
2020-06-02 10:16:55.490000,27611.07,27530,17775,27535,13339,27525,370,27520,13038
2020-06-02 10:16:55.990000,27611.07,27530,17775,27535,13339,27525,5601,27520,13038
2020-06-02 10:16:56.490000,27611.07,27530,17775,27535,13339,27525,370,27520,13038
2020-06-02 10:16:57.370000,27611.07,27530,17775,27535,13339,27525,370,27520,13038
2020-06-02 10:16:57.700000,27611.07,27525,14945,27530,14589,27520,10038,27515,12158
2020-06-02 10:16:58.200000,27611.07,27525,20204,27530,14589,27520,3838,27515,12158
2020-06-02 10:16:58.700000,27611.07,27525,17145,27530,14589,27520,10038,27515,12178
2020-06-02 10:16:59.090000,27611.07,27525,20181,27530,14589,27520,3838,27515,12178
2020-06-02 10:16:59.590000,27611.07,27525,20181,27530,14589,27520,3838,27515,12178
2020-06-02 10:16:59.990000,27611.07,27525,20181,27530,14589,27520,10038,27515,12178
2020-06-02 10:17:00.650000,27602.39,27525,20182,27530,14589,27520,3838,27515,9164
2020-06-02 10:17:00.880000,27602.39,27525,13991,27530,14589,27520,10038,27515,9164
2020-06-02 10:17:01.400000,27602.39,27525,4739,27530,19505,27520,13038,27515,15307
2020-06-02 10:17:01.990000,27602.39,27525,1,27530,19505,27520,13038,27515,20029
2020-06-02 10:17:02.490000,27602.39,27525,4738,27530,19505,27520,13038,27515,15307
2020-06-02 10:17:02.900000,27602.39,27530,19505,27535,13339,27520,13038,27515,20029
2020-06-02 10:17:03.290000,27602.39,27525,4738,27530,19505,27520,13038,27515,15307
2020-06-02 10:17:03.800000,27602.39,27530,19505,27535,13339,27520,10068,27515,16916
2020-06-02 10:17:04.400000,27602.39,27525,1916,27530,18489,27520,10068,27515,16916
2020-06-02 10:17:04.990000,27602.39,27525,1916,27530,18489,27520,10068,27515,16916
2020-06-02 10:17:05.690000,27602.39,27530,20405,27535,13339,27520,10068,27515,16916
2020-06-02 10:17:06.290000,27602.39,27530,19505,27535,13339,27525,5230,27520,13068
2020-06-02 10:17:06.900000,27602.39,27530,19505,27535,13339,27520,13134,27515,20029
2020-06-02 10:17:07.490000,27602.39,27530,19505,27535,13339,27525,5230,27520,13134
2020-06-02 10:17:07.790000,27602.39,27530,19505,27535,13339,27525,5230,27520,13134
2020-06-02 10:17:08.290000,27602.39,27530,19505,27535,13344,27525,5230,27520,13134
2020-06-02 10:17:08.690000,27602.39,27530,19505,27535,13344,27525,4230,27520,13134
2020-06-02 10:17:09.100000,27602.39,27530,19505,27535,13344,27525,4230,27520,13134
2020-06-02 10:17:09.540000,27602.39,27530,19505,27535,13344,27525,4230,27520,13134
2020-06-02 10:17:09.900000,27604.41,27530,50,27535,18260,27525,7230,27520,24330
2020-06-02 10:17:10.400000,27604.41,27535,18260,27540,17631,27525,7230,27520,24330
2020-06-02 10:17:11.890000,27604.41,27535,18260,27540,17631,27525,7230,27520,24300
2020-06-02 10:17:12.290000,27604.41,27535,4953,27540,19547,27530,9000,27525,13369
2020-06-02 10:17:12.990000,27604.41,27535,215,27540,19547,27530,8990,27525,22730
2020-06-02 10:17:13.390000,27604.41,27540,19547,27545,18740,27530,8990,27525,22730
2020-06-02 10:17:13.780000,27604.41,27540,19547,27545,18740,27530,12290,27525,22730
2020-06-02 10:17:14.270000,27604.41,27540,22247,27545,18740,27530,12290,27525,22730
2020-06-02 10:17:14.600000,27604.41,27540,19547,27545,18740,27530,12290,27525,22730
2020-06-02 10:17:14.990000,27604.41,27540,19547,27545,18740,27530,11443,27525,22730
2020-06-02 10:17:15.780000,27604.41,27540,19547,27545,18740,27530,11443,27525,22730
2020-06-02 10:17:16.380000,27604.41,27540,19547,27545,18740,27535,5963,27530,11443
2020-06-02 10:17:16.690000,27604.41,27540,626,27545,20656,27535,8963,27530,22580
2020-06-02 10:17:17.100000,27604.41,27540,626,27545,20656,27535,5963,27530,22580
2020-06-02 10:17:17.600000,27604.41,27540,3326,27545,20656,27535,5963,27530,19467
2020-06-02 10:17:18.060000,27604.41,27545,20656,27550,17777,27540,6200,27535,8963
2020-06-02 10:17:18.490000,27604.41,27545,20656,27550,17777,27540,6200,27535,8963
2020-06-02 10:17:19.030000,27604.41,27545,20656,27550,17777,27535,8963,27530,22780
2020-06-02 10:17:19.200000,27604.41,27545,13821,27550,17777,27535,12058,27530,22780
2020-06-02 10:17:19.490000,27604.41,27545,18823,27550,17777,27535,8963,27530,22780
2020-06-02 10:17:20.130000,27604.41,27545,13121,27550,17777,27540,6200,27535,8963
2020-06-02 10:17:20.300000,27604.41,27545,13121,27550,17777,27535,11987,27530,22780
2020-06-02 10:17:20.800000,27610.4,27545,15821,27550,17777,27535,11987,27530,22780
2020-06-02 10:17:21.300000,27610.4,27545,15821,27550,17777,27535,11987,27530,22780
2020-06-02 10:17:21.590000,27610.4,27545,15821,27550,17777,27535,8963,27530,22780
2020-06-02 10:17:22.110000,27610.4,27545,18910,27550,17777,27535,8963,27530,22780
2020-06-02 10:17:22.490000,27610.4,27540,60,27545,18850,27535,8963,27530,22780
2020-06-02 10:17:23.000000,27610.4,27540,270,27545,18640,27535,8963,27530,22780
2020-06-02 10:17:23.610000,27610.4,27540,270,27545,18640,27535,8963,27530,22780
2020-06-02 10:17:23.720000,27610.4,27540,270,27545,18640,27535,8963,27530,22980
2020-06-02 10:17:24.300000,27610.4,27540,270,27545,18640,27535,8963,27530,22980
2020-06-02 10:17:24.690000,27610.4,27540,270,27545,18640,27535,13602,27530,22980
2020-06-02 10:17:25.390000,27610.4,27540,4886,27545,14024,27535,10602,27530,19867
2020-06-02 10:17:25.800000,27610.4,27540,270,27545,15940,27535,13602,27530,22980
2020-06-02 10:17:26.340000,27610.4,27540,15886,27545,14024,27535,10602,27530,14867
2020-06-02 10:17:26.800000,27610.4,27540,19333,27545,14024,27535,1,27530,11843
2020-06-02 10:17:27.410000,27610.4,27540,16324,27545,14024,27535,5964,27530,14932
2020-06-02 10:17:27.890000,27610.4,27540,16324,27545,14024,27535,5964,27530,14932
2020-06-02 10:17:29.360000,27610.4,27540,270,27545,19078,27535,5964,27530,23045
2020-06-02 10:17:29.800000,27598.07,27540,270,27545,19078,27535,5964,27530,23045
2020-06-02 10:17:30.470000,27598.07,27540,270,27545,19078,27535,5964,27530,23045
2020-06-02 10:17:30.690000,27598.07,27540,270,27545,19078,27535,5969,27530,23045
2020-06-02 10:17:31.590000,27598.07,27540,275,27545,19078,27535,5969,27530,23045
2020-06-02 10:17:32.090000,27598.07,27540,19029,27545,14024,27535,5969,27530,14932
2020-06-02 10:17:32.690000,27598.07,27540,275,27545,19078,27535,5969,27530,23045
2020-06-02 10:17:33.200000,27598.07,27540,275,27545,19078,27535,6128,27530,23045
2020-06-02 10:17:33.590000,27598.07,27540,275,27545,19078,27535,6128,27530,23050
2020-06-02 10:17:34.030000,27598.07,27540,18929,27545,14024,27535,6128,27530,14937
2020-06-02 10:17:34.290000,27598.07,27540,16329,27545,14024,27535,6128,27530,14937
2020-06-02 10:17:34.900000,27598.07,27540,275,27545,19078,27535,6128,27530,23050
2020-06-02 10:17:35.500000,27598.07,27540,253,27545,19078,27535,6128,27530,23050
2020-06-02 10:17:36.170000,27598.07,27540,253,27545,19078,27535,6128,27530,23050
2020-06-02 10:17:36.680000,27598.07,27545,20278,27550,17777,27535,6128,27530,23050
2020-06-02 10:17:37.180000,27598.07,27545,18869,27550,17777,27535,6328,27530,23050
2020-06-02 10:17:37.680000,27598.07,27545,20269,27550,17777,27535,6328,27530,23050
2020-06-02 10:17:39.000000,27598.07,27545,20269,27550,17777,27540,90,27535,6328
2020-06-02 10:17:39.500000,27598.07,27545,17589,27550,17777,27540,150,27535,6328
2020-06-02 10:17:40.000000,27598.07,27545,19389,27550,17777,27540,144,27535,6328
2020-06-02 10:17:40.500000,27612.96,27545,17589,27550,17777,27540,144,27535,9328
2020-06-02 10:17:42.390000,27612.96,27540,12254,27545,12535,27535,6328,27530,14937
2020-06-02 10:17:42.880000,27612.96,27540,21507,27545,12535,27535,364,27530,11848
2020-06-02 10:17:43.560000,27612.96,27540,9710,27545,12535,27535,6327,27530,14898
2020-06-02 10:17:43.990000,27612.96,27540,4910,27545,12535,27535,6327,27530,19898
2020-06-02 10:17:44.650000,27612.96,27540,15910,27545,12535,27535,6327,27530,14898
2020-06-02 10:17:45.090000,27612.96,27545,17445,27550,17777,27535,6327,27530,19898
2020-06-02 10:17:45.700000,27612.96,27540,9710,27545,15135,27535,6327,27530,14898
2020-06-02 10:17:46.290000,27612.96,27540,9710,27545,15285,27535,6327,27530,14898
2020-06-02 10:17:46.700000,27612.96,27540,9710,27545,15285,27535,6827,27530,14898
2020-06-02 10:17:47.600000,27612.96,27540,15910,27545,15285,27535,6827,27530,14898
2020-06-02 10:17:47.880000,27612.96,27545,20195,27550,17777,27540,2487,27535,9827
2020-06-02 10:17:48.490000,27612.96,27545,17595,27550,17777,27540,8372,27535,12834
2020-06-02 10:17:48.990000,27612.96,27545,17595,27550,17777,27540,2172,27535,9827
2020-06-02 10:17:49.380000,27612.96,27545,17595,27550,17777,27540,2172,27535,9827
2020-06-02 10:17:49.880000,27612.96,27545,17595,27550,17777,27540,8372,27535,12858
2020-06-02 10:17:52.260000,27593.01,27545,17595,27550,17777,27540,8372,27535,12858
2020-06-02 10:17:52.690000,27593.01,27545,14506,27550,17777,27540,2172,27535,12858
2020-06-02 10:17:53.080000,27593.01,27545,17278,27550,17827,27540,2172,27535,9827
2020-06-02 10:17:53.580000,27593.01,27540,19259,27545,14113,27535,6827,27530,14898
2020-06-02 10:17:54.080000,27593.01,27540,22222,27545,14113,27535,864,27530,14898
2020-06-02 10:17:54.690000,27593.01,27540,22222,27545,14113,27535,864,27530,14898
2020-06-02 10:17:54.990000,27593.01,27540,17986,27545,14113,27535,6827,27530,11598
2020-06-02 10:17:55.520000,27593.01,27540,21050,27545,14113,27535,1364,27530,8548
2020-06-02 10:17:55.790000,27593.01,27540,20350,27545,14113,27535,1364,27530,8548
2020-06-02 10:17:56.690000,27593.01,27540,20350,27545,14113,27535,1364,27530,8548
2020-06-02 10:17:57.100000,27593.01,27540,20290,27545,14113,27535,1364,27530,8548
2020-06-02 10:17:57.490000,27593.01,27540,20234,27545,14113,27535,1364,27530,8548
2020-06-02 10:17:58.400000,27593.01,27540,20234,27545,14114,27535,1364,27530,8548
2020-06-02 10:17:58.690000,27593.01,27540,23297,27545,14114,27535,1364,27530,8548
2020-06-02 10:17:59.490000,27593.01,27540,23237,27545,14114,27535,1364,27530,8548
2020-06-02 10:17:59.890000,27593.01,27540,23237,27545,14114,27535,1364,27530,8548
2020-06-02 10:18:00.990000,27603.06,27540,23237,27545,14114,27530,8548,27525,18102
2020-06-02 10:18:01.600000,27603.06,27540,23237,27545,14114,27535,71,27530,8548
2020-06-02 10:18:02.100000,27603.06,27540,18057,27545,14114,27535,6034,27530,11616
2020-06-02 10:18:02.690000,27603.06,27540,18057,27545,14114,27535,6034,27530,11616
2020-06-02 10:18:03.690000,27603.06,27540,11857,27545,14114,27535,6034,27530,11616
2020-06-02 10:18:04.190000,27603.06,27540,3162,27545,18009,27535,9034,27530,19729
2020-06-02 10:18:04.690000,27603.06,27540,1654,27545,18009,27535,9034,27530,19729
2020-06-02 10:18:05.190000,27603.06,27540,6454,27545,18009,27535,9034,27530,14729
2020-06-02 10:18:05.690000,27603.06,27540,1654,27545,18009,27535,9034,27530,19729
2020-06-02 10:18:06.190000,27603.06,27540,1654,27545,18129,27535,9034,27530,19729
2020-06-02 10:18:06.690000,27603.06,27540,1654,27545,18129,27535,9034,27530,19729
2020-06-02 10:18:07.130000,27603.06,27540,1654,27545,18129,27535,9034,27530,19729
2020-06-02 10:18:07.280000,27603.06,27540,1654,27545,18129,27535,6034,27530,16616
2020-06-02 10:18:07.780000,27603.06,27540,1654,27545,18129,27535,6034,27530,16616
2020-06-02 10:18:08.600000,27603.06,27540,6454,27545,18129,27535,8974,27530,14729
2020-06-02 10:18:09.390000,27603.06,27540,928,27545,18129,27535,8974,27530,19729
2020-06-02 10:18:09.950000,27587.97,27545,17029,27550,17827,27540,5272,27535,8974
2020-06-02 10:18:10.390000,27587.97,27545,17188,27550,17827,27540,5272,27535,8974
2020-06-02 10:18:10.800000,27587.97,27545,17188,27550,17827,27540,5272,27535,8974
2020-06-02 10:18:11.090000,27587.97,27545,17188,27550,17827,27535,8974,27530,19729
2020-06-02 10:18:11.690000,27587.97,27545,18788,27550,17827,27535,8974,27530,19729
2020-06-02 10:18:12.300000,27587.97,27545,17188,27550,17827,27535,8824,27530,19729
2020-06-02 10:18:12.800000,27587.97,27545,17188,27550,17827,27540,5263,27535,8824
2020-06-02 10:18:13.470000,27587.97,27545,5518,27550,21722,27540,5263,27535,14969
2020-06-02 10:18:13.890000,27587.97,27545,5518,27550,21722,27540,5263,27535,11956
2020-06-02 10:18:14.480000,27587.97,27545,5518,27550,21722,27540,463,27535,15069
2020-06-02 10:18:15.090000,27587.97,27545,5483,27550,21722,27540,463,27535,16678
2020-06-02 10:18:15.480000,27587.97,27545,5483,27550,21722,27540,463,27535,16678
2020-06-02 10:18:16.120000,27587.97,27545,14116,27550,17827,27540,463,27535,11956
2020-06-02 10:18:16.390000,27587.97,27545,14116,27550,17827,27535,11956,27530,19929
2020-06-02 10:18:16.890000,27587.97,27545,14116,27550,17827,27535,11956,27530,19929
2020-06-02 10:18:17.690000,27587.97,27545,14116,27550,17827,27540,6199,27535,11956
2020-06-02 10:18:17.890000,27587.97,27545,16616,27550,17827,27540,2,27535,8783
2020-06-02 10:18:18.300000,27587.97,27545,19527,27550,17827,27540,2,27535,5751
2020-06-02 10:18:18.800000,27587.97,27545,17127,27550,17827,27540,2,27535,5751
2020-06-02 10:18:19.090000,27587.97,27545,17127,27550,17827,27540,2,27535,5751
2020-06-02 10:18:19.720000,27587.97,27545,14116,27550,17827,27540,2,27535,8751
2020-06-02 10:18:20.500000,27607.14,27545,14816,27550,17827,27540,2,27535,8751
2020-06-02 10:18:20.900000,27607.14,27540,25,27545,14116,27535,8751,27530,19929
2020-06-02 10:18:21.360000,27607.14,27545,14116,27550,17827,27535,8751,27530,19929
2020-06-02 10:18:21.700000,27607.14,27545,17158,27550,17827,27535,8751,27530,19929
2020-06-02 10:18:22.000000,27607.14,27540,396,27545,14116,27535,8751,27530,19929
2020-06-02 10:18:22.290000,27607.14,27545,14116,27550,17827,27535,8751,27530,19929
2020-06-02 10:18:22.860000,27607.14,27545,5518,27550,21722,27540,6085,27535,11864
2020-06-02 10:18:23.110000,27607.14,27545,5518,27550,21722,27540,6085,27535,11864
2020-06-02 10:18:23.790000,27607.14,27545,5518,27550,21722,27540,6085,27535,8751
2020-06-02 10:18:24.390000,27607.14,27545,14116,27550,17827,27540,6085,27535,8901
2020-06-02 10:18:25.010000,27607.14,27545,15616,27550,17827,27535,8901,27530,19929
2020-06-02 10:18:25.290000,27607.14,27545,14116,27550,17827,27535,8901,27530,19929
2020-06-02 10:18:25.680000,27607.14,27545,14321,27550,17827,27535,8901,27530,19929
2020-06-02 10:18:26.090000,27607.14,27545,17127,27550,17827,27535,8901,27530,19929
2020-06-02 10:18:26.590000,27607.14,27545,17127,27550,17827,27535,5901,27530,19929
2020-06-02 10:18:26.790000,27607.14,27545,17727,27550,17827,27535,2901,27530,19929
2020-06-02 10:18:27.390000,27607.14,27545,19527,27550,17827,27535,2901,27530,19929
2020-06-02 10:18:28.390000,27607.14,27545,17727,27550,17827,27535,2901,27530,19929
2020-06-02 10:18:29.170000,27607.14,27545,17127,27550,17827,27535,2931,27530,19929
2020-06-02 10:18:29.490000,27607.14,27545,17127,27550,17827,27535,5931,27530,19929
2020-06-02 10:18:29.790000,27607.14,27545,17134,27550,17827,27535,5931,27530,19929
2020-06-02 10:18:30.290000,27607.14,27540,5,27545,17129,27535,5931,27530,19959
2020-06-02 10:18:30.680000,27585.41,27540,5,27545,17129,27535,5931,27530,19959
2020-06-02 10:18:31.200000,27585.41,27545,17129,27550,17827,27535,8149,27530,19959
2020-06-02 10:18:31.990000,27585.41,27545,17129,27550,17827,27535,8149,27530,19959
2020-06-02 10:18:32.290000,27585.41,27545,14123,27550,17827,27535,8149,27530,19959
2020-06-02 10:18:32.810000,27585.41,27545,5490,27550,21722,27540,6067,27535,12871
2020-06-02 10:18:33.090000,27585.41,27545,16523,27550,17827,27540,6067,27535,8149
2020-06-02 10:18:33.490000,27585.41,27545,16523,27550,17827,27535,8149,27530,19959
