time,nav,sell1,sell1_cnt,sell2,sell2_cnt,buy1,buy1_cnt,buy2,buy2_cnt
2020-06-10 10:38:01.300000,0.0,29165,5000,29170,24955,29160,7051,29155,17641
2020-06-10 10:38:01.690000,0.0,29170,24955,29175,19468,29160,7051,29155,17641
2020-06-10 10:38:02.190000,0.0,29170,21929,29175,19468,29160,7051,29155,17641
2020-06-10 10:38:02.890000,0.0,29170,6876,29175,24522,29160,11904,29155,22787
2020-06-10 10:38:03.500000,0.0,29170,150,29175,24522,29165,3800,29160,10904
2020-06-10 10:38:04.090000,0.0,29170,150,29175,24522,29165,3800,29160,10904
2020-06-10 10:38:04.500000,0.0,29170,150,29175,24522,29165,3800,29160,10904
2020-06-10 10:38:04.890000,0.0,29170,2150,29175,24522,29165,3800,29160,10904
2020-06-10 10:38:05.300000,0.0,29170,150,29175,24522,29165,4800,29160,10904
2020-06-10 10:38:06.000000,0.0,29175,4459,29180,25923,29170,5000,29165,13987
2020-06-10 10:38:06.390000,0.0,29175,6459,29180,25923,29165,13987,29160,16883
2020-06-10 10:38:06.800000,0.0,29175,23512,29180,20869,29165,9134,29160,11737
2020-06-10 10:38:08.860000,0.0,29175,8453,29180,25923,29165,9134,29160,21736
2020-06-10 10:38:09.160000,0.0,29175,8453,29180,25923,29170,205,29165,9134
2020-06-10 10:38:09.300000,0.0,29175,8453,29180,25923,29170,205,29165,13987
2020-06-10 10:38:09.410000,0.0,29175,4563,29180,25813,29170,5205,29165,13987
2020-06-10 10:38:09.640000,0.0,29175,4563,29180,25813,29170,5153,29165,13987
2020-06-10 10:38:10.550000,29209.46,29175,4563,29180,25813,29170,5153,29165,13987
2020-06-10 10:38:11.090000,29209.46,29175,6563,29180,25813,29170,153,29165,13987
2020-06-10 10:38:11.620000,29209.46,29175,4563,29180,25813,29170,5153,29165,13987
2020-06-10 10:38:12.090000,29209.46,29175,4563,29180,25813,29170,5153,29165,13987
2020-06-10 10:38:12.610000,29209.46,29175,6563,29180,25813,29170,5153,29165,13987
2020-06-10 10:38:12.800000,29209.46,29175,8563,29180,25813,29170,153,29165,13987
2020-06-10 10:38:13.190000,29209.46,29175,4563,29180,25813,29170,5153,29165,13987
2020-06-10 10:38:13.720000,29209.46,29175,381,29180,25813,29170,5153,29165,13987
2020-06-10 10:38:14.090000,29209.46,29175,2381,29180,25813,29170,5153,29165,13987
2020-06-10 10:38:15.500000,29209.46,29180,5750,29185,27544,29175,4619,29170,14545
2020-06-10 10:38:15.890000,29209.46,29180,5750,29185,27544,29175,4619,29170,14545
2020-06-10 10:38:16.390000,29209.46,29180,877,29185,22490,29175,11472,29170,9692
2020-06-10 10:38:17.000000,29209.46,29180,877,29185,7953,29175,14844,29170,19691
2020-06-10 10:38:17.900000,29209.46,29180,877,29185,17952,29175,14844,29170,9692
2020-06-10 10:38:18.030000,29209.46,29180,877,29185,23006,29175,9991,29170,14545
2020-06-10 10:38:18.390000,29209.46,29180,2777,29185,23056,29175,9988,29170,14545
2020-06-10 10:38:18.980000,29209.46,29180,902,29185,23056,29175,9988,29170,14545
2020-06-10 10:38:19.200000,29209.46,29180,902,29185,23056,29175,12488,29170,14545
2020-06-10 10:38:19.500000,29209.46,29180,862,29185,23056,29175,12488,29170,14545
2020-06-10 10:38:20.010000,29209.46,29180,862,29185,23056,29175,12488,29170,14546
2020-06-10 10:38:20.400000,29209.46,29180,862,29185,18002,29175,17341,29170,9693
2020-06-10 10:38:21.590000,29187.95,29180,7635,29185,26061,29175,7116,29170,14546
2020-06-10 10:38:22.700000,29187.95,29180,1662,29185,26101,29175,7116,29170,14546
2020-06-10 10:38:23.200000,29187.95,29180,862,29185,26101,29175,12969,29170,9693
2020-06-10 10:38:23.760000,29187.95,29180,2762,29185,26101,29175,7116,29170,14546
2020-06-10 10:38:24.090000,29187.95,29180,2762,29185,26101,29175,9116,29170,14546
2020-06-10 10:38:24.400000,29187.95,29180,2762,29185,26101,29175,7116,29170,14546
2020-06-10 10:38:24.820000,29187.95,29180,2973,29185,26101,29175,7116,29170,14546
2020-06-10 10:38:25.000000,29187.95,29180,2973,29185,26101,29175,7116,29170,14546
2020-06-10 10:38:25.200000,29187.95,29180,2973,29185,26101,29175,8116,29170,14546
2020-06-10 10:38:25.500000,29187.95,29180,1073,29185,21047,29175,14939,29170,9693
2020-06-10 10:38:25.980000,29187.95,29185,3043,29190,27301,29180,5000,29175,14939
2020-06-10 10:38:26.400000,29187.95,29185,19942,29190,27301,29180,5000,29175,14939
2020-06-10 10:38:27.030000,29187.95,29185,19942,29190,27301,29180,5000,29175,14939
2020-06-10 10:38:27.200000,29187.95,29185,9943,29190,27301,29180,5000,29175,14939
2020-06-10 10:38:27.490000,29187.95,29185,19942,29190,27301,29175,14939,29170,9693
2020-06-10 10:38:27.900000,29187.95,29185,9943,29190,27301,29175,7586,29170,24545
2020-06-10 10:38:28.530000,29187.95,29185,9942,29190,27301,29175,7586,29170,24545
2020-06-10 10:38:28.900000,29187.95,29185,14996,29190,22247,29175,7586,29170,24545
2020-06-10 10:38:29.290000,29187.95,29180,4873,29185,28012,29175,5586,29170,14546
2020-06-10 10:38:29.700000,29187.95,29180,1900,29185,26112,29175,5606,29170,14548
2020-06-10 10:38:30.060000,29187.95,29180,1900,29185,26112,29175,5616,29170,14548
2020-06-10 10:38:30.290000,29187.95,29180,1900,29185,26112,29175,5616,29170,14568
2020-06-10 10:38:31.090000,29205.38,29180,1900,29185,26112,29175,5616,29170,14568
2020-06-10 10:38:31.290000,29205.38,29180,1900,29185,26112,29175,5616,29170,14568
2020-06-10 10:38:31.590000,29205.38,29180,1900,29185,26112,29175,4616,29170,14568
2020-06-10 10:38:31.990000,29205.38,29180,1800,29185,26112,29175,4616,29170,14568
2020-06-10 10:38:32.290000,29205.38,29180,1800,29185,26112,29175,4616,29170,14578
2020-06-10 10:38:32.790000,29205.38,29180,6673,29185,26112,29175,4616,29170,14578
2020-06-10 10:38:33.100000,29205.38,29175,2471,29180,8673,29170,14578,29165,18305
2020-06-10 10:38:33.600000,29205.38,29180,8673,29185,26112,29175,29,29170,10725
2020-06-10 10:38:34.200000,29205.38,29180,18672,29185,26112,29175,65,29170,15578
2020-06-10 10:38:34.790000,29205.38,29180,1800,29185,26112,29175,5045,29170,15578
2020-06-10 10:38:35.370000,29205.38,29185,26098,29190,22247,29175,7045,29170,14578
2020-06-10 10:38:35.700000,29205.38,29185,26098,29190,22247,29175,5045,29170,14578
2020-06-10 10:38:36.350000,29205.38,29180,6873,29185,26798,29175,45,29170,14578
2020-06-10 10:38:36.600000,29205.38,29180,13823,29185,21744,29170,10725,29165,23158
2020-06-10 10:38:36.990000,29205.38,29180,8769,29185,26798,29170,10725,29165,23158
2020-06-10 10:38:37.790000,29205.38,29175,10,29180,26841,29170,10725,29165,13159
2020-06-10 10:38:38.190000,29205.38,29175,6092,29180,24941,29170,5686,29165,13159
2020-06-10 10:38:38.690000,29205.38,29175,10,29180,24941,29170,5686,29165,13159
2020-06-10 10:38:39.040000,29205.38,29175,1910,29180,24941,29170,5666,29165,13159
2020-06-10 10:38:39.290000,29205.38,29175,6092,29180,24941,29170,5666,29165,13159
2020-06-10 10:38:39.690000,29205.38,29175,6092,29180,24941,29170,3166,29165,14159
2020-06-10 10:38:40.210000,29205.38,29175,310,29180,24941,29170,3166,29165,14159
2020-06-10 10:38:41.120000,29192.97,29175,310,29180,24941,29170,3166,29165,14159
2020-06-10 10:38:41.300000,29192.97,29175,10,29180,24941,29170,3166,29165,14159
2020-06-10 10:38:41.790000,29192.97,29180,9888,29185,26098,29175,20,29170,10019
2020-06-10 10:38:42.490000,29192.97,29180,26841,29185,21044,29170,5166,29165,13159
2020-06-10 10:38:43.100000,29192.97,29180,26841,29185,21044,29170,3166,29165,13159
2020-06-10 10:38:43.600000,29192.97,29175,4182,29180,26841,29165,13590,29160,20609
2020-06-10 10:38:43.990000,29192.97,29175,6082,29180,24941,29170,5000,29165,13590
2020-06-10 10:38:44.490000,29192.97,29180,24941,29185,21064,29170,5000,29165,14590
2020-06-10 10:38:45.400000,29192.97,29180,24941,29185,21064,29170,5002,29165,14590
2020-06-10 10:38:45.850000,29192.97,29170,2498,29175,21235,29165,9737,29160,15463
2020-06-10 10:38:46.300000,29192.97,29170,2498,29175,21235,29165,9938,29160,15463
2020-06-10 10:38:46.990000,29192.97,29170,26177,29175,19191,29165,632,29160,10610
2020-06-10 10:38:47.390000,29192.97,29170,26177,29175,19191,29165,632,29160,10610
2020-06-10 10:38:48.100000,29192.97,29170,9224,29175,24245,29165,279,29160,11610
2020-06-10 10:38:48.690000,29192.97,29170,7224,29175,24245,29165,279,29160,16463
2020-06-10 10:38:49.100000,29192.97,29170,9224,29175,24245,29165,279,29160,16463
2020-06-10 10:38:49.580000,29192.97,29170,9224,29175,24245,29165,279,29160,16463
2020-06-10 10:38:50.100000,29198.89,29170,9201,29175,24245,29165,279,29160,11610
2020-06-10 10:38:50.720000,29198.89,29170,9201,29175,24245,29165,359,29160,11610
2020-06-10 10:38:50.890000,29198.89,29170,26048,29175,19191,29160,11610,29155,15146
2020-06-10 10:38:51.300000,29198.89,29170,9195,29175,24245,29160,16463,29155,20292
2020-06-10 10:38:51.720000,29198.89,29170,9195,29175,24245,29160,16463,29155,20292
2020-06-10 10:38:52.500000,29198.89,29170,9195,29175,24245,29160,11610,29155,25145
2020-06-10 10:38:52.800000,29198.89,29170,9195,29175,24245,29160,11610,29155,25145
2020-06-10 10:38:53.300000,29198.89,29170,9195,29175,24245,29165,30,29160,11610
2020-06-10 10:38:53.390000,29198.89,29170,9195,29175,24245,29165,30,29160,11620
2020-06-10 10:38:54.310000,29198.89,29165,5370,29170,29083,29160,32,29155,15146
2020-06-10 10:38:54.690000,29198.89,29165,26292,29170,20960,29160,32,29155,10293
2020-06-10 10:38:55.190000,29198.89,29165,29319,29170,19760,29155,7420,29150,15807
2020-06-10 10:38:55.690000,29198.89,29165,7439,29170,24814,29160,5000,29155,13273
2020-06-10 10:38:56.190000,29198.89,29170,6726,29175,24385,29165,31,29160,7000
2020-06-10 10:38:56.890000,29198.89,29170,7326,29175,24385,29165,18,29160,11853
2020-06-10 10:38:57.590000,29198.89,29170,6726,29175,24385,29165,18,29160,11853
2020-06-10 10:38:58.090000,29198.89,29170,8526,29175,24385,29165,18,29160,7000
2020-06-10 10:38:59.130000,29198.89,29170,8526,29175,24385,29165,18,29160,7020
2020-06-10 10:38:59.500000,29198.89,29170,6726,29175,24385,29165,18,29160,12873
2020-06-10 10:39:00.090000,29198.89,29170,6726,29175,24385,29165,169,29160,12873
2020-06-10 10:39:00.730000,29182.59,29170,4726,29175,24385,29165,3969,29160,12873
2020-06-10 10:39:01.300000,29182.59,29170,4726,29175,24385,29165,3969,29160,12873
2020-06-10 10:39:01.800000,29182.59,29170,6726,29175,24385,29165,169,29160,12893
2020-06-10 10:39:02.300000,29182.59,29170,8526,29175,24385,29165,169,29160,8040
2020-06-10 10:39:02.830000,29182.59,29170,8526,29175,24385,29165,169,29160,8040
2020-06-10 10:39:03.300000,29182.59,29170,26579,29175,19331,29165,169,29160,8040
2020-06-10 10:39:03.840000,29182.59,29165,4970,29170,26579,29160,40,29155,15170
2020-06-10 10:39:04.090000,29182.59,29170,26579,29175,19331,29160,5040,29155,15170
2020-06-10 10:39:04.500000,29182.59,29170,9726,29175,24385,29160,11893,29155,20316
2020-06-10 10:39:04.920000,29182.59,29170,9726,29175,24385,29160,11893,29155,20316
2020-06-10 10:39:05.300000,29182.59,29170,11426,29175,24385,29160,8060,29155,25169
2020-06-10 10:39:05.590000,29182.59,29170,26579,29175,19331,29160,8060,29155,15170
2020-06-10 10:39:06.200000,29182.59,29170,24779,29175,19331,29160,8060,29155,15170
2020-06-10 10:39:06.700000,29182.59,29170,14780,29175,19331,29165,20,29160,8060
2020-06-10 10:39:07.390000,29182.59,29170,24779,29175,19331,29165,20,29160,8060
2020-06-10 10:39:08.000000,29182.59,29170,24779,29175,19331,29160,8060,29155,15170
2020-06-10 10:39:08.790000,29182.59,29170,24779,29175,19331,29160,8060,29155,15170
2020-06-10 10:39:09.790000,29182.59,29170,24779,29175,19331,29160,6060,29155,15170
2020-06-10 10:39:10.090000,29182.59,29165,4970,29170,24779,29160,5060,29155,15170
2020-06-10 10:39:10.700000,29182.59,29165,4970,29170,24779,29160,5060,29155,15170
2020-06-10 10:39:11.000000,29188.34,29165,4970,29170,24779,29160,5060,29155,15170
2020-06-10 10:39:11.290000,29188.34,29170,24779,29175,19331,29160,5060,29155,15170
2020-06-10 10:39:11.700000,29188.34,29165,4970,29170,24779,29160,5060,29155,15170
2020-06-10 10:39:12.260000,29188.34,29170,24779,29175,19351,29160,5060,29155,15170
2020-06-10 10:39:12.590000,29188.34,29165,6970,29170,24779,29160,5060,29155,15170
2020-06-10 10:39:13.280000,29188.34,29165,6970,29170,24779,29160,5020,29155,16170
2020-06-10 10:39:13.500000,29188.34,29170,24779,29175,19351,29160,5020,29155,16170
2020-06-10 10:39:13.900000,29188.34,29170,9726,29175,24405,29160,7020,29155,26169
2020-06-10 10:39:14.430000,29188.34,29170,9726,29175,24405,29165,1,29160,5020
2020-06-10 10:39:14.790000,29188.34,29170,9726,29175,24405,29165,1,29160,7020
2020-06-10 10:39:15.530000,29188.34,29170,19725,29175,24405,29165,1,29160,11873
2020-06-10 10:39:15.790000,29188.34,29170,24779,29175,19351,29160,7020,29155,15170
2020-06-10 10:39:16.290000,29188.34,29165,4970,29170,24779,29160,20,29155,15170
2020-06-10 10:39:16.590000,29188.34,29165,6770,29170,24779,29160,20,29155,16170
2020-06-10 10:39:16.900000,29188.34,29165,13824,29170,19725,29160,20,29155,11317
2020-06-10 10:39:17.560000,29188.34,29160,6334,29165,26833,29155,5444,29150,15827
2020-06-10 10:39:17.790000,29188.34,29160,6334,29165,26833,29155,5444,29150,15827
2020-06-10 10:39:17.900000,29188.34,29155,2056,29160,8334,29150,15827,29145,20175
2020-06-10 10:39:18.290000,29188.34,29160,6334,29165,26833,29155,731,29150,15827
2020-06-10 10:39:18.590000,29188.34,29160,8334,29165,26833,29155,731,29150,15827
2020-06-10 10:39:19.090000,29188.34,29160,8334,29165,26833,29155,5731,29150,16827
2020-06-10 10:39:19.490000,29188.34,29165,26833,29170,19725,29155,5761,29150,16827
2020-06-10 10:39:20.150000,29202.6,29165,19979,29170,24779,29155,12614,29150,11974
2020-06-10 10:39:20.370000,29202.6,29165,25033,29170,19725,29155,5761,29150,16827
2020-06-10 10:39:20.700000,29202.6,29165,25029,29170,19725,29155,5749,29150,15857
2020-06-10 10:39:21.490000,29202.6,29165,25029,29170,19725,29155,5750,29150,15857
2020-06-10 10:39:22.290000,29202.6,29165,24975,29170,19725,29155,6767,29150,15857
2020-06-10 10:39:22.900000,29202.6,29165,9922,29170,24779,29155,8767,29150,25856
2020-06-10 10:39:23.490000,29202.6,29165,11722,29170,24779,29155,8767,29150,25856
2020-06-10 10:39:23.900000,29202.6,29160,1,29165,11722,29155,8767,29150,25856
2020-06-10 10:39:24.200000,29202.6,29160,1,29165,26775,29155,6767,29150,15857
2020-06-10 10:39:24.600000,29202.6,29160,4615,29165,26775,29155,7310,29150,15857
2020-06-10 10:39:24.990000,29202.6,29160,1,29165,26795,29155,7310,29150,15857
2020-06-10 10:39:25.880000,29202.6,29160,4615,29165,26795,29155,7310,29150,15857
2020-06-10 10:39:26.190000,29202.6,29160,1,29165,26795,29155,7310,29150,15857
2020-06-10 10:39:26.800000,29202.6,29160,1,29165,26795,29155,7280,29150,15857
2020-06-10 10:39:27.400000,29202.6,29160,1,29165,26795,29155,7280,29150,15857
2020-06-10 10:39:27.990000,29202.6,29165,24995,29170,19725,29160,2600,29155,7280
2020-06-10 10:39:28.190000,29202.6,29165,24995,29170,19725,29160,100,29155,8280
2020-06-10 10:39:28.400000,29202.6,29165,24995,29170,19725,29160,100,29155,8280
2020-06-10 10:39:29.100000,29202.6,29165,24995,29170,19725,29155,8280,29150,15827
2020-06-10 10:39:29.680000,29202.6,29160,4614,29165,24995,29155,8281,29150,15827
2020-06-10 10:39:29.760000,29202.6,29160,4614,29165,24995,29155,8281,29150,15877
2020-06-10 10:39:29.990000,29202.6,29165,24995,29170,19725,29155,8281,29150,15877
2020-06-10 10:39:30.290000,29202.6,29160,4614,29165,24995,29155,7281,29150,15877
2020-06-10 10:39:30.690000,29209.95,29165,24995,29170,19725,29155,7281,29150,16267
2020-06-10 10:39:31.270000,29209.95,29165,24995,29170,19725,29155,7281,29150,16267
2020-06-10 10:39:31.490000,29209.95,29160,4604,29165,24995,29155,2331,29150,16217
2020-06-10 10:39:31.900000,29209.95,29160,4604,29165,24995,29155,7331,29150,17217
2020-06-10 10:39:32.300000,29209.95,29160,6604,29165,24995,29155,2317,29150,17217
2020-06-10 10:39:32.900000,29209.95,29160,6624,29165,24979,29155,2317,29150,17217
2020-06-10 10:39:33.490000,29209.95,29160,13478,29165,19925,29155,2317,29150,10364
2020-06-10 10:39:34.100000,29209.95,29160,6624,29165,24979,29155,2318,29150,17217
2020-06-10 10:39:34.690000,29209.95,29160,23477,29165,19925,29150,10364,29145,15029
2020-06-10 10:39:35.300000,29209.95,29155,5000,29160,26509,29150,1825,29145,15029
2020-06-10 10:39:35.800000,29209.95,29155,5000,29160,26509,29150,6825,29145,15029
2020-06-10 10:39:36.430000,29209.95,29155,4999,29160,26509,29150,6825,29145,15029
2020-06-10 10:39:36.690000,29209.95,29155,4999,29160,26509,29150,1825,29145,16029
2020-06-10 10:39:37.100000,29209.95,29155,13853,29160,20555,29150,1252,29145,11176
2020-06-10 10:39:37.610000,29209.95,29155,4999,29160,25609,29150,6252,29145,16029
2020-06-10 10:39:38.100000,29209.95,29155,6999,29160,25609,29150,1252,29145,15999
2020-06-10 10:39:38.570000,29209.95,29155,6999,29160,25609,29150,1252,29145,11146
2020-06-10 10:39:38.690000,29209.95,29155,6999,29160,25609,29150,6252,29145,15999
2020-06-10 10:39:39.100000,29209.95,29155,4999,29160,25609,29150,6252,29145,15999
2020-06-10 10:39:39.640000,29209.95,29160,25609,29165,19925,29150,6252,29145,15999
2020-06-10 10:39:39.800000,29209.95,29160,25609,29165,19925,29150,6252,29145,15999
2020-06-10 10:39:40.190000,29209.95,29160,25609,29165,19925,29150,6252,29145,15999
2020-06-10 10:39:40.660000,29185.45,29160,24709,29165,19925,29150,8252,29145,14999
2020-06-10 10:39:41.100000,29185.45,29160,24709,29165,19925,29150,8252,29145,14999
2020-06-10 10:39:41.500000,29185.45,29160,6624,29165,24979,29150,13106,29145,20145
2020-06-10 10:39:42.000000,29185.45,29160,6624,29165,24979,29150,9253,29145,24998
2020-06-10 10:39:42.390000,29185.45,29160,6624,29165,25434,29155,5000,29150,14106
2020-06-10 10:39:42.880000,29185.45,29160,6624,29165,25434,29155,5000,29150,14106
2020-06-10 10:39:43.300000,29185.45,29155,2500,29160,6624,29150,14106,29145,20145
2020-06-10 10:39:43.950000,29185.45,29160,6624,29165,25434,29150,14106,29145,20145
2020-06-10 10:39:44.300000,29185.45,29160,7424,29165,25434,29150,9253,29145,24998
2020-06-10 10:39:44.690000,29185.45,29160,6624,29165,25434,29150,14101,29145,20145
2020-06-10 10:39:45.690000,29185.45,29160,6624,29165,25434,29150,14101,29145,20145
2020-06-10 10:39:46.190000,29185.45,29160,23477,29165,20380,29150,9248,29145,15019
2020-06-10 10:39:46.800000,29185.45,29160,23477,29165,20380,29150,9248,29145,15019
2020-06-10 10:39:47.190000,29185.45,29160,23477,29165,20380,29150,9229,29145,15019
2020-06-10 10:39:47.590000,29185.45,29160,23477,29165,20380,29150,9229,29145,15019
2020-06-10 10:39:48.300000,29185.45,29160,26491,29165,20380,29155,17,29150,6229
2020-06-10 10:39:48.690000,29185.45,29160,26491,29165,20380,29150,6229,29145,15019
2020-06-10 10:39:49.140000,29185.45,29155,12053,29160,21437,29150,1229,29145,10166
2020-06-10 10:39:49.500000,29185.45,29155,4999,29160,26491,29150,3749,29145,15019
2020-06-10 10:39:49.800000,29185.45,29160,26491,29165,20380,29150,3738,29145,16019
2020-06-10 10:39:50.300000,29185.45,29155,4999,29160,26491,29150,3738,29145,16019
2020-06-10 10:39:51.090000,29175.29,29160,26491,29165,20380,29150,3738,29145,16019
2020-06-10 10:39:51.890000,29175.29,29160,26491,29165,20380,29150,3739,29145,16019
2020-06-10 10:39:52.280000,29175.29,29155,4999,29160,26491,29150,3739,29145,16019
2020-06-10 10:39:53.090000,29175.29,29155,4999,29160,26491,29150,3719,29145,16019
2020-06-10 10:39:55.420000,29175.29,29150,2496,29155,8799,29145,16019,29140,31970
2020-06-10 10:39:55.700000,29175.29,29155,6999,29160,24691,29150,2500,29145,16019
2020-06-10 10:39:56.500000,29175.29,29150,16,29155,13853,29145,11166,29140,36823
2020-06-10 10:39:56.990000,29175.29,29150,16,29155,23852,29145,11166,29140,26824
2020-06-10 10:39:57.600000,29175.29,29150,16,29155,13853,29145,11166,29140,36823
2020-06-10 10:39:57.900000,29175.29,29150,16,29155,13853,29145,11166,29140,36823
2020-06-10 10:39:58.190000,29175.29,29150,16,29155,26875,29145,8660,29140,26824
2020-06-10 10:39:59.100000,29175.29,29150,13,29155,26875,29145,8660,29140,26824
2020-06-10 10:39:59.290000,29175.29,29150,4739,29155,26875,29145,5660,29140,26824
2020-06-10 10:39:59.600000,29175.29,29150,16738,29155,26575,29145,1860,29140,26824
2020-06-10 10:40:00.100000,29175.29,29150,6739,29155,26575,29145,5640,29140,26824
2020-06-10 10:40:00.850000,29188.64,29150,5023,29155,26575,29145,1840,29140,22971
2020-06-10 10:40:01.190000,29188.64,29150,1,29155,26575,29145,5640,29140,27824
2020-06-10 10:40:01.690000,29188.64,29150,6723,29155,26575,29145,5640,29140,27824
2020-06-10 10:40:02.380000,29188.64,29150,6723,29155,26575,29145,5640,29140,27784
2020-06-10 10:40:02.690000,29188.64,29150,1,29155,26575,29145,5590,29140,27784
2020-06-10 10:40:03.290000,29188.64,29155,8499,29160,25191,29150,2502,29145,7590
2020-06-10 10:40:03.690000,29188.64,29155,6999,29160,25191,29150,2501,29145,7590
2020-06-10 10:40:04.100000,29188.64,29155,12053,29160,20137,29145,7590,29140,36783
2020-06-10 10:40:04.400000,29188.64,29155,4999,29160,25191,29150,5000,29145,13443
2020-06-10 10:40:05.080000,29188.64,29155,4999,29160,25191,29150,5000,29145,13444
2020-06-10 10:40:05.300000,29188.64,29155,4998,29160,25191,29150,5090,29145,13444
2020-06-10 10:40:05.690000,29188.64,29160,10138,29165,25434,29155,3152,29150,9624
2020-06-10 10:40:06.210000,29188.64,29160,7124,29165,25434,29155,2500,29150,14477
2020-06-10 10:40:06.690000,29188.64,29160,7124,29165,25434,29155,2500,29150,14477
2020-06-10 10:40:07.190000,29188.64,29160,5124,29165,25430,29155,7496,29150,14477
2020-06-10 10:40:08.080000,29188.64,29160,5124,29165,25430,29155,7496,29150,15477
2020-06-10 10:40:08.390000,29188.64,29160,5124,29165,25430,29155,7496,29150,15480
2020-06-10 10:40:08.800000,29188.64,29160,5124,29165,25430,29155,7496,29150,15480
2020-06-10 10:40:09.220000,29188.64,29160,520,29165,25430,29155,7496,29150,15480
2020-06-10 10:40:09.600000,29188.64,29160,5107,29165,25430,29155,7496,29150,15480
2020-06-10 10:40:09.990000,29188.64,29165,10377,29170,26318,29155,14349,29150,19626
2020-06-10 10:40:10.490000,29188.06,29165,5367,29170,26338,29160,5000,29155,16888
2020-06-10 10:40:10.890000,29188.06,29165,5367,29170,26338,29160,5000,29155,16888
2020-06-10 10:40:11.300000,29188.06,29165,5367,29170,26338,29160,5000,29155,16888
2020-06-10 10:40:11.800000,29188.06,29165,7367,29170,26338,29160,5000,29155,17888
2020-06-10 10:40:12.390000,29188.06,29165,5367,29170,26338,29160,10000,29155,17938
2020-06-10 10:40:13.100000,29188.06,29165,7367,29170,26338,29160,2500,29155,17938
2020-06-10 10:40:13.600000,29188.06,29160,353,29165,7367,29155,17938,29150,19626
2020-06-10 10:40:13.990000,29188.06,29165,5367,29170,26338,29155,17938,29150,19626
2020-06-10 10:40:14.390000,29188.06,29165,9167,29170,26338,29155,13085,29150,24479
2020-06-10 10:40:14.890000,29188.06,29165,7367,29170,26338,29160,40,29155,17955
2020-06-10 10:40:15.500000,29188.06,29165,7367,29170,26338,29160,40,29155,17955
2020-06-10 10:40:16.100000,29188.06,29165,5371,29170,26338,29160,5040,29155,17955
2020-06-10 10:40:16.690000,29188.06,29165,459,29170,26638,29160,5040,29155,16955
2020-06-10 10:40:17.170000,29188.06,29165,459,29170,11585,29160,11893,29155,22101
2020-06-10 10:40:17.590000,29188.06,29170,21584,29175,27558,29160,11893,29155,12102
2020-06-10 10:40:18.190000,29188.06,29170,5082,29175,27558,29165,3800,29160,15219
2020-06-10 10:40:18.800000,29188.06,29170,6082,29175,27558,29160,15219,29155,22101
2020-06-10 10:40:19.310000,29188.06,29170,18881,29175,27558,29160,15219,29155,12102
2020-06-10 10:40:19.800000,29188.06,29170,8882,29175,27558,29160,15219,29155,22101
2020-06-10 10:40:20.380000,29188.06,29170,8882,29175,27558,29160,10366,29155,26954
2020-06-10 10:40:20.800000,29199.53,29170,23935,29175,22504,29160,10366,29155,26954
2020-06-10 10:40:21.390000,29199.53,29165,4912,29170,26966,29160,5040,29155,16955
2020-06-10 10:40:21.890000,29199.53,29165,4874,29170,26967,29160,7040,29155,16955
2020-06-10 10:40:22.480000,29199.53,29165,4874,29170,26167,29160,5040,29155,16955
2020-06-10 10:40:22.890000,29199.53,29160,2460,29165,6774,29155,17955,29150,19626
2020-06-10 10:40:23.550000,29199.53,29160,2460,29165,6774,29155,17956,29150,19626
2020-06-10 10:40:23.800000,29199.53,29160,1272,29165,6774,29155,17956,29150,19626
2020-06-10 10:40:24.190000,29199.53,29160,572,29165,23827,29155,13103,29150,14480
2020-06-10 10:40:24.590000,29199.53,29160,6976,29165,24945,29155,9564,29150,14480
2020-06-10 10:40:25.110000,29199.53,29160,872,29165,24945,29155,9564,29150,14480
2020-06-10 10:40:25.500000,29199.53,29160,2372,29165,28395,29155,9564,29150,14480
2020-06-10 10:40:26.150000,29199.53,29160,572,29165,23341,29155,15427,29150,9627
2020-06-10 10:40:26.390000,29199.53,29160,572,29165,23341,29155,15427,29150,9627
2020-06-10 10:40:26.700000,29199.53,29160,572,29165,23341,29155,15427,29150,9637
2020-06-10 10:40:27.390000,29199.53,29160,2372,29165,28395,29155,10574,29150,14490
2020-06-10 10:40:28.290000,29199.53,29160,572,29165,28395,29155,9574,29150,14490
2020-06-10 10:40:28.700000,29199.53,29160,2372,29165,28395,29155,9574,29150,14490
2020-06-10 10:40:29.000000,29199.53,29160,572,29165,23341,29155,14427,29150,9637
2020-06-10 10:40:29.390000,29199.53,29160,572,29165,13342,29155,14427,29150,19636
2020-06-10 10:40:30.000000,29199.53,29160,561,29165,28395,29155,10574,29150,14560
2020-06-10 10:40:30.590000,29189.38,29160,2361,29165,28395,29155,10574,29150,14560
2020-06-10 10:40:31.200000,29189.38,29160,1461,29165,28395,29155,9574,29150,14560
2020-06-10 10:40:31.790000,29189.38,29160,7265,29165,28395,29155,2574,29150,14560
2020-06-10 10:40:32.200000,29189.38,29160,7265,29165,28395,29155,2574,29150,14560
2020-06-10 10:40:32.590000,29189.38,29155,268,29160,27325,29150,9707,29145,15368
2020-06-10 10:40:33.110000,29189.38,29155,7527,29160,26764,29150,7173,29145,15368
2020-06-10 10:40:33.590000,29189.38,29155,561,29160,26764,29150,7183,29145,15368
2020-06-10 10:40:34.090000,29189.38,29160,9711,29165,28395,29155,1921,29150,7183
2020-06-10 10:40:34.590000,29189.38,29160,9700,29165,28395,29155,6921,29150,13036
2020-06-10 10:40:35.200000,29189.38,29160,9700,29165,28395,29155,1921,29150,13036
2020-06-10 10:40:35.700000,29189.38,29160,6693,29165,28435,29155,6921,29150,13036
2020-06-10 10:40:36.100000,29189.38,29160,5093,29165,28435,29155,6921,29150,13036
2020-06-10 10:40:36.490000,29189.38,29160,300,29165,28435,29155,8921,29150,22035
2020-06-10 10:40:37.090000,29189.38,29160,300,29165,28435,29155,11306,29150,12190
2020-06-10 10:40:37.490000,29189.38,29160,300,29165,28435,29155,11306,29150,12190
2020-06-10 10:40:37.790000,29189.38,29160,300,29165,28435,29155,8921,29150,14526
2020-06-10 10:40:38.170000,29189.38,29160,300,29165,28435,29155,9921,29150,14526
2020-06-10 10:40:38.590000,29189.38,29160,300,29165,28435,29155,9921,29150,14526
2020-06-10 10:40:38.700000,29189.38,29160,300,29165,25417,29155,9921,29150,14526
2020-06-10 10:40:39.290000,29189.38,29160,300,29165,8364,29155,14874,29150,19672
2020-06-10 10:40:39.700000,29189.38,29160,300,29165,8364,29155,14874,29150,19672
2020-06-10 10:40:39.990000,29189.38,29165,8364,29170,25167,29160,117,29155,14874
2020-06-10 10:40:40.290000,29189.38,29165,8364,29170,25167,29160,117,29155,14874
2020-06-10 10:40:40.840000,29186.13,29165,3490,29170,25167,29160,7000,29155,13874
2020-06-10 10:40:41.200000,29186.13,29165,3490,29170,10114,29160,11853,29155,19020
2020-06-10 10:40:41.790000,29186.13,29170,10114,29175,26737,29165,3017,29160,14182
2020-06-10 10:40:42.400000,29186.13,29170,5083,29175,26737,29165,517,29160,12893
2020-06-10 10:40:42.990000,29186.13,29170,6683,29175,26737,29165,517,29160,12893
2020-06-10 10:40:43.160000,29186.13,29170,5083,29175,26737,29165,517,29160,12893
2020-06-10 10:40:44.290000,29186.13,29170,361,29175,26737,29165,4317,29160,12893
2020-06-10 10:40:44.700000,29186.13,29170,361,29175,7159,29165,13824,29160,17934
2020-06-10 10:40:45.290000,29186.13,29175,5152,29180,28838,29170,5000,29165,13824
2020-06-10 10:40:45.790000,29186.13,29175,6652,29180,28838,29170,4995,29165,13824
2020-06-10 10:40:46.290000,29186.13,29170,7714,29175,7152,29165,14824,29160,17934
2020-06-10 10:40:46.690000,29186.13,29170,2500,29175,7152,29165,14824,29160,17934
2020-06-10 10:40:46.990000,29186.13,29175,5152,29180,28838,29170,4922,29165,14824
2020-06-10 10:40:47.290000,29186.13,29175,154,29180,28838,29170,4922,29165,14824
2020-06-10 10:40:47.690000,29186.13,29175,154,29180,28838,29170,4922,29165,14824
2020-06-10 10:40:48.130000,29186.13,29175,1754,29180,28838,29170,4922,29165,13824
2020-06-10 10:40:48.260000,29186.13,29180,7151,29185,27479,29175,4846,29170,14247
2020-06-10 10:40:48.690000,29186.13,29180,7151,29185,27479,29170,14247,29165,18970
2020-06-10 10:40:49.240000,29186.13,29180,7151,29185,27479,29175,4846,29170,14247
2020-06-10 10:40:49.600000,29186.13,29175,4318,29180,25804,29170,10394,29165,13824
2020-06-10 10:40:50.100000,29186.13,29175,7498,29180,28848,29170,8394,29165,13824
2020-06-10 10:40:50.800000,29190.12,29175,2800,29180,28848,29170,4922,29165,13824
2020-06-10 10:40:50.990000,29190.12,29175,9398,29180,28848,29170,4922,29165,13824
2020-06-10 10:40:51.400000,29190.12,29175,9398,29180,28848,29170,4922,29165,13824
2020-06-10 10:40:51.880000,29190.12,29175,2780,29180,28848,29170,4922,29165,14824
2020-06-10 10:40:52.830000,29190.12,29175,4380,29180,28847,29170,6922,29165,14824
2020-06-10 10:40:52.990000,29190.12,29175,4380,29180,28847,29170,6922,29165,14874
2020-06-10 10:40:53.490000,29190.12,29175,2780,29180,10750,29170,6932,29165,24873
2020-06-10 10:40:54.020000,29190.12,29175,2785,29180,8750,29170,11785,29165,19020
2020-06-10 10:40:55.100000,29190.12,29180,2566,29185,28479,29175,2061,29170,11785
2020-06-10 10:40:55.600000,29190.12,29180,4164,29185,28479,29175,2061,29170,12785
2020-06-10 10:40:56.690000,29190.12,29180,4164,29185,28479,29175,2061,29170,15270
2020-06-10 10:40:57.300000,29190.12,29180,2564,29185,23425,29175,8914,29170,9417
2020-06-10 10:40:57.890000,29190.12,29180,2564,29185,23425,29175,8977,29170,9417
2020-06-10 10:40:58.690000,29190.12,29180,8728,29185,23917,29175,3137,29170,14270
2020-06-10 10:40:59.500000,29190.12,29175,3000,29180,15782,29170,9457,29165,23883
2020-06-10 10:41:00.300000,29190.12,29175,2500,29180,10728,29170,15310,29165,19070
2020-06-10 10:41:01.100000,29201.84,29175,4100,29180,25781,29170,8457,29165,13924
2020-06-10 10:41:01.800000,29201.84,29175,9098,29180,28801,29170,50,29165,13924
2020-06-10 10:41:02.490000,29201.84,29175,11366,29180,28801,29170,4872,29165,13924
2020-06-10 10:41:03.190000,29201.84,29175,2768,29180,28801,29170,4872,29165,13924
2020-06-10 10:41:03.940000,29201.84,29175,9396,29180,28881,29170,4872,29165,14924
2020-06-10 10:41:04.690000,29201.84,29175,4398,29180,28881,29170,4872,29165,14924
2020-06-10 10:41:05.590000,29201.84,29175,2798,29180,10808,29170,11725,29165,19070
2020-06-10 10:41:05.890000,29201.84,29175,4398,29180,28869,29170,4872,29165,13884
2020-06-10 10:41:06.190000,29201.84,29175,2790,29180,25861,29170,4872,29165,13884
2020-06-10 10:41:06.590000,29201.84,29175,4390,29180,25861,29170,4872,29165,13884
2020-06-10 10:41:07.060000,29201.84,29175,9388,29180,25861,29170,5872,29165,13884
2020-06-10 10:41:07.300000,29201.84,29175,2790,29180,10808,29170,4872,29165,23883
2020-06-10 10:41:07.890000,29201.84,29175,4290,29180,28893,29170,4872,29165,13884
2020-06-10 10:41:08.390000,29201.84,29175,9288,29180,28893,29170,4872,29165,13884
2020-06-10 10:41:08.800000,29201.84,29175,2790,29180,28893,29170,4872,29165,14884
2020-06-10 10:41:09.090000,29201.84,29175,3390,29180,28893,29170,4872,29165,14884
2020-06-10 10:41:09.780000,29201.84,29175,10688,29180,28893,29165,14884,29160,20566
2020-06-10 10:41:09.970000,29201.84,29175,10788,29180,28893,29165,14884,29160,20566
2020-06-10 10:41:11.000000,29192.73,29175,10788,29180,28893,29165,14884,29160,20566
2020-06-10 10:41:11.390000,29192.73,29175,10788,29180,28893,29170,4902,29165,14884
2020-06-10 10:41:11.860000,29192.73,29175,10788,29180,28893,29170,4902,29165,14914
2020-06-10 10:41:12.190000,29192.73,29175,10788,29180,28893,29170,4902,29165,14914
2020-06-10 10:41:12.500000,29192.73,29175,10788,29180,28893,29170,4902,29165,14914
2020-06-10 10:41:12.690000,29192.73,29170,7280,29175,25841,29165,8061,29160,15450
2020-06-10 10:41:13.090000,29192.73,29170,4050,29175,24349,29165,8061,29160,15450
2020-06-10 10:41:13.690000,29192.73,29170,1492,29175,9296,29165,10061,29160,26449
2020-06-10 10:41:14.190000,29192.73,29175,9296,29180,27293,29170,5000,29165,14914
2020-06-10 10:41:14.700000,29192.73,29175,7296,29180,27293,29170,5000,29165,13914
2020-06-10 10:41:15.090000,29192.73,29175,7296,29180,27293,29170,5000,29165,13914
2020-06-10 10:41:16.000000,29192.73,29175,7296,29180,27293,29170,6000,29165,13914
2020-06-10 10:41:17.290000,29192.73,29175,5696,29180,27293,29165,15835,29160,21596
2020-06-10 10:41:17.680000,29192.73,29175,5696,29180,27293,29165,15835,29160,21596
2020-06-10 10:41:17.890000,29192.73,29175,9296,29180,27293,29165,15835,29160,21596
2020-06-10 10:41:18.720000,29192.73,29175,9326,29180,27293,29165,10982,29160,25449
2020-06-10 10:41:19.090000,29192.73,29175,9326,29180,27293,29165,16835,29160,20596
2020-06-10 10:41:19.500000,29192.73,29175,7726,29180,27293,29170,4795,29165,16835
2020-06-10 10:41:19.890000,29210.39,29175,8626,29180,27293,29170,4795,29165,16835
2020-06-10 10:41:20.280000,29210.39,29175,5726,29180,27293,29170,4915,29165,16840
2020-06-10 10:41:20.790000,29210.39,29175,1928,29180,27307,29170,4915,29165,15840
2020-06-10 10:41:21.430000,29210.39,29175,2448,29180,27287,29170,4915,29165,15840
2020-06-10 10:41:21.700000,29210.39,29175,7446,29180,27287,29170,4915,29165,15840
2020-06-10 10:41:22.290000,29210.39,29175,2465,29180,27288,29170,5896,29165,15840
2020-06-10 10:41:22.920000,29210.39,29175,2465,29180,27288,29170,5896,29165,15840
2020-06-10 10:41:23.200000,29210.39,29175,2465,29180,27288,29170,5896,29165,15810
2020-06-10 10:41:23.700000,29210.39,29175,2465,29180,27288,29170,5896,29165,15810
2020-06-10 10:41:24.090000,29210.39,29175,7463,29180,27288,29170,4896,29165,15810
2020-06-10 10:41:25.200000,29210.39,29175,765,29180,27288,29170,4936,29165,15810
2020-06-10 10:41:25.590000,29210.39,29175,765,29180,22234,29170,12789,29165,10957
2020-06-10 10:41:26.120000,29210.39,29175,765,29180,22234,29170,12789,29165,10957
2020-06-10 10:41:26.490000,29210.39,29175,2465,29180,27288,29170,5936,29165,15810
2020-06-10 10:41:27.240000,29210.39,29175,2465,29180,27288,29170,5936,29165,15810
2020-06-10 10:41:27.400000,29210.39,29175,9463,29180,27288,29170,141,29165,15810
2020-06-10 10:41:27.790000,29210.39,29175,9463,29180,27288,29170,4936,29165,15810
2020-06-10 10:41:28.320000,29210.39,29175,9463,29180,27288,29170,141,29165,15810
2020-06-10 10:41:28.490000,29210.39,29175,9463,29180,27288,29170,141,29165,16810
2020-06-10 10:41:28.990000,29210.39,29170,700,29175,9463,29165,16810,29160,20616
2020-06-10 10:41:29.590000,29210.39,29175,7463,29180,27288,29170,4795,29165,16810
2020-06-10 10:41:30.200000,29209.68,29175,7463,29180,27288,29170,4794,29165,16830
2020-06-10 10:41:30.590000,29209.68,29170,1049,29175,9463,29165,16830,29160,20616
2020-06-10 10:41:31.090000,29209.68,29175,9463,29180,27288,29170,4794,29165,16830
2020-06-10 10:41:31.490000,29209.68,29175,2465,29180,27288,29170,4794,29165,15830
2020-06-10 10:41:31.900000,29209.68,29175,2505,29180,27288,29170,4794,29165,15830
2020-06-10 10:41:32.520000,29209.68,29175,2545,29180,27288,29170,4794,29165,15830
2020-06-10 10:41:33.090000,29209.68,29175,2545,29180,27288,29170,5794,29165,15830
2020-06-10 10:41:33.790000,29209.68,29175,9543,29180,27288,29165,15830,29160,20616
2020-06-10 10:41:34.200000,29209.68,29175,7543,29180,27288,29170,4794,29165,15830
2020-06-10 10:41:34.600000,29209.68,29175,835,29180,27288,29170,4794,29165,15830
2020-06-10 10:41:34.990000,29209.68,29175,2535,29180,27288,29170,5794,29165,15830
2020-06-10 10:41:35.900000,29209.68,29175,7533,29180,27288,29165,15830,29160,20616
2020-06-10 10:41:36.290000,29209.68,29175,7533,29180,27288,29170,4794,29165,15830
2020-06-10 10:41:36.600000,29209.68,29175,7533,29180,27288,29165,15830,29160,20616
2020-06-10 10:41:37.290000,29209.68,29175,24586,29180,22234,29165,9977,29160,15470
2020-06-10 10:41:37.600000,29209.68,29175,27609,29180,22234,29165,9977,29160,15470
2020-06-10 10:41:38.290000,29209.68,29170,4722,29175,27609,29165,9977,29160,15470
2020-06-10 10:41:38.800000,29209.68,29170,6422,29175,27609,29165,2523,29160,15470
2020-06-10 10:41:39.100000,29209.68,29165,2500,29170,8422,29160,15470,29155,19969
2020-06-10 10:41:39.490000,29209.68,29165,2500,29170,8422,29160,15470,29155,19969
2020-06-10 10:41:39.790000,29209.68,29170,8422,29175,27609,29160,15470,29155,19969
2020-06-10 10:41:40.300000,29209.68,29170,18421,29175,27609,29160,14470,29155,9970
2020-06-10 10:41:40.490000,29206.71,29170,26495,29175,22555,29160,9617,29155,14823
2020-06-10 10:41:40.790000,29206.71,29170,23475,29175,22555,29160,9617,29155,14823
2020-06-10 10:41:41.440000,29206.71,29170,23475,29175,22555,29160,9617,29155,14823
2020-06-10 10:41:41.600000,29206.71,29165,6874,29170,26483,29160,30,29155,14823
2020-06-10 10:41:42.100000,29206.71,29170,26483,29175,20855,29160,5030,29155,14823
2020-06-10 10:41:43.100000,29206.71,29160,2500,29165,11928,29155,10970,29150,25449
2020-06-10 10:41:43.580000,29206.71,29160,2500,29165,21927,29155,8970,29150,15450
2020-06-10 10:41:43.990000,29206.71,29160,8904,29165,24928,29155,180,29150,15462
2020-06-10 10:41:44.660000,29206.71,29160,25917,29165,19874,29150,8609,29145,16420
2020-06-10 10:41:44.890000,29206.71,29155,4998,29160,28919,29150,6124,29145,16420
2020-06-10 10:41:45.490000,29206.71,29155,8158,29160,26459,29150,6124,29145,16420
2020-06-10 10:41:45.890000,29206.71,29160,10306,29165,24928,29155,40,29150,12977
2020-06-10 10:41:46.300000,29206.71,29160,26459,29165,19874,29150,6124,29145,27419
2020-06-10 10:41:46.800000,29206.71,29160,24659,29165,19874,29155,60,29150,6124
2020-06-10 10:41:47.190000,29206.71,29160,6604,29165,24928,29155,5000,29150,12977
2020-06-10 10:41:47.490000,29206.71,29160,4604,29165,24928,29155,5000,29150,12977
2020-06-10 10:41:48.300000,29206.71,29165,9875,29170,24783,29160,7500,29155,14338
2020-06-10 10:41:48.600000,29206.71,29165,9875,29170,24783,29160,7500,29155,14339
2020-06-10 10:41:48.890000,29206.71,29165,6874,29170,24783,29160,7500,29155,14339
2020-06-10 10:41:49.190000,29206.71,29165,6874,29170,24783,29160,7500,29155,15339
2020-06-10 10:41:49.740000,29206.71,29165,6874,29170,24783,29160,7500,29155,15409
2020-06-10 10:41:49.990000,29206.71,29160,733,29165,23712,29155,6071,29150,15462
2020-06-10 10:41:50.490000,29181.52,29160,733,29165,23712,29155,6071,29150,15512
2020-06-10 10:41:51.390000,29181.52,29160,733,29165,8659,29155,12926,29150,20658
2020-06-10 10:41:51.990000,29181.52,29160,715,29165,8659,29155,12926,29150,20658
2020-06-10 10:41:52.490000,29181.52,29165,6859,29170,24783,29155,12976,29150,20608
2020-06-10 10:41:52.990000,29181.52,29165,6859,29170,24783,29160,5000,29155,12976
2020-06-10 10:41:53.390000,29181.52,29165,6874,29170,24783,29155,12976,29150,20608
2020-06-10 10:41:53.950000,29181.52,29165,6874,29170,24933,29155,12976,29150,20608
2020-06-10 10:41:54.190000,29181.52,29165,8474,29170,24933,29155,12976,29150,20608
2020-06-10 10:41:55.190000,29181.52,29165,6874,29170,24933,29155,12976,29150,20608
2020-06-10 10:41:55.590000,29181.52,29165,8274,29170,24933,29155,12976,29150,20608
2020-06-10 10:41:56.090000,29181.52,29165,6874,29170,24933,29155,12976,29150,20608
2020-06-10 10:41:57.310000,29181.52,29165,6874,29170,24933,29155,12976,29150,20608
2020-06-10 10:41:57.490000,29181.52,29165,23827,29170,19879,29155,8123,29150,15462
2020-06-10 10:41:57.900000,29181.52,29160,4604,29165,26863,29155,53,29150,15462
2020-06-10 10:41:58.420000,29181.52,29165,26863,29170,19879,29155,7053,29150,15462
2020-06-10 10:41:58.700000,29181.52,29165,7410,29170,24933,29155,11906,29150,20608
2020-06-10 10:41:59.090000,29181.52,29165,4359,29170,24933,29160,5000,29155,11906
2020-06-10 10:41:59.490000,29181.52,29165,4359,29170,24933,29160,5000,29155,12906
2020-06-10 10:41:59.960000,29181.52,29165,4359,29170,24933,29155,12906,29150,20608
2020-06-10 10:42:00.120000,29205.77,29165,4359,29170,24933,29155,12907,29150,20578
2020-06-10 10:42:00.400000,29205.77,29165,4859,29170,24933,29160,5000,29155,12943
2020-06-10 10:42:00.700000,29205.77,29165,4359,29170,24933,29155,12943,29150,20578
2020-06-10 10:42:01.090000,29205.77,29165,4359,29170,24933,29155,12943,29150,20578
2020-06-10 10:42:01.590000,29205.77,29160,4604,29165,24335,29155,6090,29150,15432
2020-06-10 10:42:02.100000,29205.77,29160,4604,29165,23635,29155,2592,29150,15432
2020-06-10 10:42:02.710000,29205.77,29165,23635,29170,19879,29155,2591,29150,15432
2020-06-10 10:42:02.990000,29205.77,29160,4604,29165,23635,29150,15432,29145,21566
2020-06-10 10:42:03.290000,29205.77,29160,4604,29165,25620,29150,16432,29145,21566
2020-06-10 10:42:03.740000,29205.77,29160,26360,29165,20566,29150,11579,29145,16420
2020-06-10 10:42:04.100000,29205.77,29160,26360,29165,20566,29150,11579,29145,16420
2020-06-10 10:42:04.490000,29205.77,29160,26360,29165,20566,29155,423,29150,11579
2020-06-10 10:42:04.990000,29205.77,29160,26360,29165,20566,29150,11579,29145,16420
2020-06-10 10:42:05.990000,29205.77,29160,24660,29165,20566,29150,11579,29145,16420
2020-06-10 10:42:07.400000,29205.77,29160,24660,29165,20566,29150,11579,29145,16390
2020-06-10 10:42:08.020000,29205.77,29155,4998,29160,24660,29150,11579,29145,16390
2020-06-10 10:42:08.790000,29205.77,29155,4998,29160,24660,29150,11561,29145,16390
2020-06-10 10:42:09.600000,29205.77,29155,4998,29160,24660,29150,11561,29145,16390
2020-06-10 10:42:10.490000,29185.49,29155,4998,29160,24660,29150,11875,29145,16390
2020-06-10 10:42:10.990000,29185.49,29160,4604,29165,25620,29155,10397,29150,16957
2020-06-10 10:42:11.400000,29185.49,29160,13558,29165,20566,29150,12104,29145,26389
2020-06-10 10:42:12.400000,29185.49,29160,13558,29165,20566,29150,12109,29145,26389
2020-06-10 10:42:12.800000,29185.49,29155,1,29160,21657,29150,12109,29145,16390
2020-06-10 10:42:13.330000,29185.49,29155,1,29160,21657,29150,12109,29145,16390
2020-06-10 10:42:13.690000,29185.49,29155,4999,29160,24708,29150,12109,29145,16390
2020-06-10 10:42:14.290000,29185.49,29155,4999,29160,24708,29150,12109,29145,16390
2020-06-10 10:42:14.600000,29185.49,29155,1,29160,24708,29150,12109,29145,16390
2020-06-10 10:42:15.100000,29185.49,29155,1,29160,14709,29150,12109,29145,26389
2020-06-10 10:42:15.490000,29185.49,29155,1,29160,24708,29150,12109,29145,16390
2020-06-10 10:42:15.960000,29185.49,29155,1,29160,14709,29150,12109,29145,26389
2020-06-10 10:42:16.190000,29185.49,29160,6604,29165,25620,29150,16962,29145,21536
2020-06-10 10:42:16.490000,29185.49,29160,6604,29165,25620,29150,16963,29145,21536
2020-06-10 10:42:16.920000,29185.49,29160,4604,29165,25620,29150,16963,29145,21536
2020-06-10 10:42:17.190000,29185.49,29160,4604,29165,25620,29155,5000,29150,16963
2020-06-10 10:42:17.960000,29185.49,29160,4604,29165,25620,29155,5000,29150,16963
2020-06-10 10:42:18.300000,29185.49,29160,4604,29165,25620,29150,16963,29145,21536
2020-06-10 10:42:19.000000,29185.49,29160,4604,29165,25620,29155,5000,29150,16963
2020-06-10 10:42:19.390000,29185.49,29155,535,29160,13658,29150,12110,29145,26389
2020-06-10 10:42:19.890000,29185.49,29155,3034,29160,26673,29150,12110,29145,16390
2020-06-10 10:42:20.500000,29181.89,29160,16674,29165,19366,29150,12120,29145,26389
2020-06-10 10:42:20.990000,29181.89,29160,26673,29165,19366,29150,12120,29145,16400
2020-06-10 10:42:21.890000,29181.89,29160,26673,29165,19366,29155,1000,29150,12120
2020-06-10 10:42:22.390000,29181.89,29160,26673,29165,19366,29150,12120,29145,16401
2020-06-10 10:42:22.690000,29181.89,29160,26673,29165,19366,29150,12149,29145,16372
2020-06-10 10:42:23.190000,29181.89,29160,26673,29165,19366,29150,12231,29145,16372
2020-06-10 10:42:23.500000,29181.89,29160,16674,29165,19366,29150,12231,29145,26371
2020-06-10 10:42:23.800000,29181.89,29155,4998,29160,26673,29150,1952,29145,16372
2020-06-10 10:42:24.480000,29181.89,29150,4990,29155,25595,29145,2803,29140,26470
2020-06-10 10:42:24.690000,29181.89,29150,4990,29155,25595,29145,6603,29140,26470
2020-06-10 10:42:25.190000,29181.89,29145,2500,29150,13944,29140,21617,29135,30751
2020-06-10 10:42:25.590000,29181.89,29145,2490,29150,13944,29140,22617,29135,30751
2020-06-10 10:42:26.090000,29181.89,29145,6849,29150,26949,29140,17604,29135,20752
2020-06-10 10:42:26.590000,29181.89,29150,6990,29155,25595,29145,10,29140,27457
2020-06-10 10:42:27.000000,29181.89,29150,6990,29155,25595,29145,10,29140,27457
2020-06-10 10:42:27.550000,29181.89,29150,6990,29155,25595,29145,10,29140,27457
2020-06-10 10:42:27.690000,29181.89,29150,4990,29155,25595,29145,3810,29140,27457
2020-06-10 10:42:28.090000,29181.89,29150,4990,29155,25595,29145,20,29140,27457
2020-06-10 10:42:28.530000,29181.89,29150,4990,29155,25595,29145,3820,29140,27457
2020-06-10 10:42:28.690000,29181.89,29155,25595,29160,19619,29145,3820,29140,26457
2020-06-10 10:42:29.090000,29181.89,29155,25595,29160,19619,29145,3820,29140,26457
2020-06-10 10:42:29.590000,29181.89,29150,4990,29155,25595,29145,3820,29140,26457
2020-06-10 10:42:30.090000,29207.52,29145,331,29150,4990,29140,27457,29135,25898
2020-06-10 10:42:30.640000,29207.52,29150,4990,29155,25595,29145,3910,29140,27457
2020-06-10 10:42:31.800000,29207.52,29150,4990,29155,25595,29145,110,29140,27457
2020-06-10 10:42:32.720000,29207.52,29150,4990,29155,25595,29140,27457,29135,25898
2020-06-10 10:42:33.000000,29207.52,29150,4990,29155,25595,29145,3800,29140,27457
2020-06-10 10:42:33.390000,29207.52,29150,4990,29155,25595,29140,27457,29135,25898
2020-06-10 10:42:33.840000,29207.52,29150,4990,29155,25595,29145,3800,29140,27457
2020-06-10 10:42:34.200000,29207.52,29155,25595,29160,19620,29145,3800,29140,27957
2020-06-10 10:42:34.590000,29207.52,29155,19551,29160,19620,29145,5805,29140,26957
2020-06-10 10:42:35.090000,29207.52,29155,19551,29160,19620,29145,14424,29140,27179
2020-06-10 10:42:35.590000,29207.52,29155,4498,29160,24674,29145,19277,29140,32325
2020-06-10 10:42:36.090000,29207.52,29155,4498,29160,24674,29150,4794,29145,20277
2020-06-10 10:42:36.500000,29207.52,29150,2500,29155,14497,29145,20277,29140,22326
2020-06-10 10:42:37.000000,29207.52,29150,2017,29155,14497,29145,20278,29140,22326
2020-06-10 10:42:37.510000,29207.52,29155,9552,29160,19620,29150,483,29145,15425
2020-06-10 10:42:37.700000,29207.52,29155,19551,29160,19620,29150,523,29145,15425
2020-06-10 10:42:38.090000,29207.52,29155,14497,29160,24674,29150,523,29145,20278
2020-06-10 10:42:38.590000,29207.52,29155,4498,29160,24674,29150,523,29145,20278
2020-06-10 10:42:39.000000,29207.52,29155,4498,29160,24675,29150,523,29145,20278
2020-06-10 10:42:39.500000,29207.52,29155,4499,29160,24675,29150,523,29145,20278
2020-06-10 10:42:39.790000,29207.52,29155,2499,29160,24675,29150,5317,29145,20278
2020-06-10 10:42:40.000000,29207.52,29155,2499,29160,24675,29150,5317,29145,20278
2020-06-10 10:42:41.700000,29186.48,29155,6299,29160,24675,29150,523,29145,20278
2020-06-10 10:42:42.200000,29186.48,29155,4499,29160,24675,29150,523,29145,20278
2020-06-10 10:42:42.780000,29186.48,29155,2499,29160,24675,29150,5317,29145,20278
2020-06-10 10:42:42.990000,29186.48,29155,1,29160,24675,29150,5317,29145,20278
2020-06-10 10:42:43.400000,29186.48,29155,5001,29160,24675,29150,523,29145,20278
2020-06-10 10:42:44.200000,29186.48,29155,5001,29160,24675,29150,5317,29145,20278
2020-06-10 10:42:44.810000,29186.48,29155,1,29160,24675,29150,5317,29145,20278
2020-06-10 10:42:44.840000,29186.48,29155,1,29160,24675,29150,7317,29145,19278
2020-06-10 10:42:45.090000,29186.48,29155,1,29160,24675,29150,9819,29145,19692
2020-06-10 10:42:45.490000,29186.48,29155,1,29160,24675,29150,7307,29145,21803
2020-06-10 10:42:46.490000,29186.48,29155,1,29160,24675,29150,8307,29145,21803
2020-06-10 10:42:46.960000,29186.48,29155,1,29160,24675,29150,8307,29145,21803
2020-06-10 10:42:47.490000,29186.48,29155,5001,29160,24675,29150,5307,29145,21803
2020-06-10 10:42:48.400000,29186.48,29155,1,29160,24675,29150,7304,29145,21802
2020-06-10 10:42:48.700000,29186.48,29155,1,29160,24675,29150,8304,29145,21802
2020-06-10 10:42:49.090000,29186.48,29155,1,29160,24675,29150,8294,29145,21802
2020-06-10 10:42:49.490000,29186.48,29155,5001,29160,24675,29150,488,29145,21802
2020-06-10 10:42:49.790000,29186.48,29155,5001,29160,24675,29150,5282,29145,21802
2020-06-10 10:42:50.590000,29186.48,29160,2,29165,24504,29155,4999,29150,12135
2020-06-10 10:42:50.990000,29201.11,29160,4551,29165,24504,29150,13135,29145,26948
2020-06-10 10:42:51.490000,29201.11,29165,24504,29170,22034,29155,4999,29150,13135
2020-06-10 10:42:51.900000,29201.11,29165,24504,29170,22034,29155,4999,29150,13135
2020-06-10 10:42:52.400000,29201.11,29160,4551,29165,24504,29150,13135,29145,26948
2020-06-10 10:42:52.990000,29201.11,29160,4551,29165,24504,29150,13135,29145,26948
2020-06-10 10:42:53.790000,29201.11,29160,13305,29165,19450,29150,8282,29145,31811
2020-06-10 10:42:54.370000,29201.11,29160,23304,29165,19450,29150,8282,29145,21812
2020-06-10 10:42:54.460000,29201.11,29160,23304,29165,19450,29155,100,29150,8282
2020-06-10 10:42:54.600000,29201.11,29160,16550,29165,24504,29155,100,29150,13145
2020-06-10 10:42:54.990000,29201.11,29160,21604,29165,19450,29155,100,29150,8292
2020-06-10 10:42:55.990000,29201.11,29160,21604,29165,19450,29155,81,29150,8292
2020-06-10 10:42:57.410000,29201.11,29155,4950,29160,24607,29150,498,29145,21812
2020-06-10 10:42:57.690000,29201.11,29155,6950,29160,24607,29150,498,29145,16959
2020-06-10 10:42:58.190000,29201.11,29155,6950,29160,24607,29150,458,29145,21812
2020-06-10 10:42:58.690000,29201.11,29155,6950,29160,24607,29150,458,29145,22812
2020-06-10 10:42:59.290000,29201.11,29155,16949,29160,24607,29150,458,29145,22812
2020-06-10 10:42:59.900000,29201.11,29155,4950,29160,24607,29150,5252,29145,22812
2020-06-10 10:43:00.290000,29201.11,29155,4950,29160,24607,29150,5252,29145,22812
2020-06-10 10:43:00.660000,29197.66,29160,24607,29165,19450,29150,7252,29145,21812
2020-06-10 10:43:01.100000,29197.66,29160,24607,29165,19450,29150,7252,29145,21822
2020-06-10 10:43:01.680000,29197.66,29160,24607,29165,19450,29150,7252,29145,21822
2020-06-10 10:43:01.890000,29197.66,29160,24607,29165,19450,29150,5252,29145,21822
2020-06-10 10:43:02.300000,29197.66,29155,4950,29160,24607,29150,5252,29145,22822
2020-06-10 10:43:02.600000,29197.66,29155,4950,29160,24607,29150,5262,29145,22822
2020-06-10 10:43:02.890000,29197.66,29155,4950,29160,24607,29150,5262,29145,22822
2020-06-10 10:43:03.990000,29197.66,29155,4950,29160,24607,29150,468,29145,22822
2020-06-10 10:43:04.400000,29197.66,29155,16949,29160,24607,29150,468,29145,22822
2020-06-10 10:43:04.990000,29197.66,29155,6950,29160,24607,29150,5262,29145,22822
2020-06-10 10:43:05.490000,29197.66,29160,24607,29165,19450,29155,1090,29150,7262
2020-06-10 10:43:05.900000,29197.66,29155,10292,29160,14608,29150,7262,29145,31821
2020-06-10 10:43:06.900000,29197.66,29155,10292,29160,24607,29150,8262,29145,21822
2020-06-10 10:43:07.290000,29197.66,29155,7398,29160,9554,29150,13105,29145,26968
2020-06-10 10:43:07.750000,29197.66,29160,4551,29165,24504,29155,7071,29150,13105
2020-06-10 10:43:07.990000,29197.66,29165,24504,29170,22034,29155,7071,29150,13105
2020-06-10 10:43:08.890000,29197.66,29165,24504,29170,22034,29155,7071,29150,13105
2020-06-10 10:43:09.100000,29197.66,29165,24504,29170,22034,29155,7071,29150,13105
2020-06-10 10:43:09.880000,29197.66,29165,24504,29170,22034,29155,7071,29150,13155
2020-06-10 10:43:10.190000,29197.66,29165,21496,29170,22034,29155,9071,29150,15041
2020-06-10 10:43:10.690000,29211.34,29160,4551,29165,24519,29155,9071,29150,15041
2020-06-10 10:43:11.280000,29211.34,29165,19465,29170,27088,29155,15524,29150,10188
2020-06-10 10:43:12.030000,29211.34,29165,6443,29170,27088,29160,5000,29155,16524
2020-06-10 10:43:12.690000,29211.34,29165,13397,29170,22034,29155,11671,29150,25040
2020-06-10 10:43:13.190000,29211.34,29160,4551,29165,26412,29150,15041,29145,26958
2020-06-10 10:43:13.600000,29211.34,29165,26412,29170,22034,29155,4999,29150,16941
2020-06-10 10:43:14.190000,29211.34,29165,21496,29170,22034,29155,6999,29150,16941
2020-06-10 10:43:14.600000,29211.34,29160,4551,29165,21496,29155,7999,29150,16941
2020-06-10 10:43:15.190000,29211.34,29160,4551,29165,24527,29150,16941,29145,26958
2020-06-10 10:43:15.490000,29211.34,29160,4551,29165,24527,29155,4999,29150,15041
2020-06-10 10:43:15.990000,29211.34,29160,4551,29165,24527,29150,15041,29145,26958
2020-06-10 10:43:16.490000,29211.34,29160,4551,29165,24527,29150,16041,29145,26958
2020-06-10 10:43:16.990000,29211.34,29160,4551,29165,24527,29155,4999,29150,17941
2020-06-10 10:43:17.390000,29211.34,29165,19473,29170,27088,29155,13752,29150,13088
2020-06-10 10:43:17.940000,29211.34,29165,19473,29170,27088,29155,11852,29150,13088
2020-06-10 10:43:18.810000,29211.34,29165,14528,29170,22034,29155,6999,29150,26940
2020-06-10 10:43:18.990000,29211.34,29160,361,29165,26527,29155,6999,29150,16941
2020-06-10 10:43:19.390000,29211.34,29160,361,29165,26527,29155,6999,29150,16941
2020-06-10 10:43:19.920000,29211.34,29160,2261,29165,26527,29155,7999,29150,16941
2020-06-10 10:43:20.190000,29211.34,29160,6812,29165,26527,29155,4999,29150,16941
2020-06-10 10:43:20.590000,29188.69,29155,2500,29160,23865,29150,12088,29145,21812
2020-06-10 10:43:21.190000,29188.69,29155,2500,29160,8812,29150,15041,29145,26958
2020-06-10 10:43:21.800000,29188.69,29160,4912,29165,26527,29155,6000,29150,16041
2020-06-10 10:43:22.300000,29188.69,29155,2464,29160,13866,29150,11188,29145,31811
2020-06-10 10:43:23.050000,29188.69,29155,2464,29160,23865,29150,11188,29145,21812
2020-06-10 10:43:23.390000,29188.69,29155,29373,29160,21846,29145,16959,29140,27159
2020-06-10 10:43:23.800000,29188.69,29150,4990,29155,29373,29145,12444,29140,27159
2020-06-10 10:43:24.300000,29188.69,29150,7444,29155,26909,29145,12444,29140,27159
2020-06-10 10:43:24.800000,29188.69,29150,7444,29155,26909,29145,12444,29140,28159
2020-06-10 10:43:25.390000,29188.69,29155,23903,29160,21846,29150,35,29145,15444
2020-06-10 10:43:26.000000,29188.69,29155,6950,29160,26982,29145,21297,29140,33295
2020-06-10 10:43:26.500000,29188.69,29155,24003,29160,21928,29150,10,29145,14444
2020-06-10 10:43:26.890000,29188.69,29155,6950,29160,26982,29145,14444,29140,37148
2020-06-10 10:43:27.290000,29188.69,29155,6950,29160,26982,29145,21297,29140,32295
2020-06-10 10:43:28.310000,29188.69,29155,4950,29160,26982,29145,22297,29140,32295
2020-06-10 10:43:29.390000,29188.69,29155,4950,29160,26982,29145,22347,29140,32295
2020-06-10 10:43:29.510000,29188.69,29155,4950,29160,26982,29145,22347,29140,32295
2020-06-10 10:43:29.890000,29188.69,29155,4950,29160,26982,29150,4794,29145,22347
2020-06-10 10:43:30.480000,29188.69,29155,4950,29160,26982,29145,22347,29140,32295
2020-06-10 10:43:30.580000,29182.04,29155,4950,29160,26982,29145,22347,29140,32295
2020-06-10 10:43:31.590000,29182.04,29155,14004,29160,21928,29145,15494,29140,37148
2020-06-10 10:43:32.000000,29182.04,29155,6950,29160,26982,29145,15494,29140,37148
2020-06-10 10:43:33.200000,29182.04,29155,6950,29160,26982,29145,21047,29140,32295
2020-06-10 10:43:33.790000,29182.04,29155,7850,29160,26982,29145,15494,29140,37148
2020-06-10 10:43:34.200000,29182.04,29155,6950,29160,26982,29145,15494,29140,37148
2020-06-10 10:43:34.670000,29182.04,29155,6950,29160,26982,29145,15494,29140,37168
2020-06-10 10:43:35.650000,29182.04,29155,6950,29160,26982,29145,20447,29140,32315
2020-06-10 10:43:35.780000,29182.04,29155,6950,29160,26982,29145,20347,29140,32315
2020-06-10 10:43:37.290000,29182.04,29150,257,29155,4950,29145,20348,29140,32315
2020-06-10 10:43:37.780000,29182.04,29155,4950,29160,26982,29145,20348,29140,32315
2020-06-10 10:43:38.290000,29182.04,29155,8950,29160,26982,29150,10,29145,20348
2020-06-10 10:43:38.880000,29182.04,29155,14004,29160,21928,29150,10,29145,15495
2020-06-10 10:43:39.290000,29182.04,29155,6950,29160,26982,29145,22148,29140,32315
2020-06-10 10:43:39.790000,29182.04,29155,4950,29160,26982,29145,22148,29140,32315
2020-06-10 10:43:40.490000,29186.08,29155,6950,29160,26982,29145,20348,29140,32315
2020-06-10 10:43:41.010000,29186.08,29155,14004,29160,21928,29145,15495,29140,37168
2020-06-10 10:43:41.290000,29186.08,29155,14004,29160,21928,29145,15495,29140,37168
2020-06-10 10:43:41.590000,29186.08,29155,14004,29160,21928,29145,15495,29140,37168
2020-06-10 10:43:42.010000,29186.08,29155,16949,29160,26982,29145,20348,29140,22316
2020-06-10 10:43:42.290000,29186.08,29155,4950,29160,26982,29145,20348,29140,32315
2020-06-10 10:43:42.590000,29186.08,29155,5950,29160,26982,29145,20348,29140,32315
2020-06-10 10:43:43.060000,29186.08,29155,4950,29160,26982,29145,21248,29140,32315
2020-06-10 10:43:43.490000,29186.08,29155,4950,29160,26982,29150,4794,29145,20348
2020-06-10 10:43:44.090000,29186.08,29155,4950,29160,26982,29145,20330,29140,32315
2020-06-10 10:43:44.990000,29186.08,29155,12104,29160,21928,29145,15477,29140,37168
2020-06-10 10:43:45.590000,29186.08,29155,7050,29160,26983,29145,15477,29140,37168
2020-06-10 10:43:46.200000,29186.08,29155,17049,29160,26983,29145,20330,29140,22316
2020-06-10 10:43:46.790000,29186.08,29155,14949,29160,26983,29145,20330,29140,22316
2020-06-10 10:43:47.770000,29186.08,29155,4950,29160,26983,29145,20330,29140,32315
2020-06-10 10:43:48.590000,29186.08,29155,4948,29160,26983,29150,6794,29145,19330
2020-06-10 10:43:49.290000,29186.08,29155,4948,29160,26983,29150,6794,29145,19330
2020-06-10 10:43:49.900000,29186.08,29155,4948,29160,26983,29150,7794,29145,19330
2020-06-10 10:43:50.410000,29186.08,29155,4948,29160,26622,29150,7433,29145,19330
2020-06-10 10:43:51.080000,29196.91,29160,16623,29165,21391,29155,2500,29150,7433
2020-06-10 10:43:51.520000,29196.91,29160,19568,29165,26445,29150,14895,29145,14533
2020-06-10 10:43:51.990000,29196.91,29160,7669,29165,26445,29150,14895,29145,24532
2020-06-10 10:43:52.570000,29196.91,29160,4634,29165,26445,29150,14895,29145,24522
2020-06-10 10:43:52.790000,29196.91,29160,6834,29165,26445,29150,14895,29145,24522
2020-06-10 10:43:53.100000,29196.91,29160,4634,29165,26445,29150,14895,29145,24522
2020-06-10 10:43:53.520000,29196.91,29160,4634,29165,26445,29150,14895,29145,24522
2020-06-10 10:43:53.990000,29196.91,29160,4634,29165,26445,29155,50,29150,14895
2020-06-10 10:43:54.290000,29196.91,29160,4634,29165,26445,29155,50,29150,14895
2020-06-10 10:43:55.600000,29196.91,29160,6734,29165,26445,29155,50,29150,14895
2020-06-10 10:43:55.900000,29196.91,29155,4948,29160,26818,29150,10042,29145,19376
2020-06-10 10:43:56.190000,29196.91,29155,4948,29160,26818,29150,10042,29145,19376
2020-06-10 10:43:56.740000,29196.91,29155,4948,29160,26818,29150,10042,29145,19376
2020-06-10 10:43:56.800000,29196.91,29155,4948,29160,26818,29150,2150,29145,21781
2020-06-10 10:43:57.750000,29196.91,29155,4948,29160,26818,29150,6583,29145,21781
2020-06-10 10:43:58.290000,29196.91,29155,4948,29160,26818,29150,7583,29145,21781
2020-06-10 10:43:59.280000,29196.91,29155,4948,29160,26818,29150,3150,29145,21781
2020-06-10 10:43:59.690000,29196.91,29155,4948,29160,26818,29150,3150,29145,21781
2020-06-10 10:44:00.100000,29181.13,29155,4948,29160,26818,29150,1150,29145,21781
2020-06-10 10:44:00.600000,29181.13,29155,7148,29160,26818,29145,21781,29140,32315
2020-06-10 10:44:01.190000,29181.13,29155,7148,29160,26818,29145,21781,29140,32315
2020-06-10 10:44:01.800000,29181.13,29155,6948,29160,26818,29145,22781,29140,32305
2020-06-10 10:44:02.190000,29181.13,29155,5748,29160,26818,29150,4433,29145,22781
2020-06-10 10:44:02.600000,29181.13,29155,4948,29160,26818,29150,4433,29145,22781
2020-06-10 10:44:03.800000,29181.13,29160,11765,29165,26445,29155,2500,29150,11619
2020-06-10 10:44:04.300000,29181.13,29160,9965,29165,26445,29155,2500,29150,11619
2020-06-10 10:44:04.800000,29181.13,29160,9965,29165,26445,29155,2500,29150,11619
2020-06-10 10:44:05.190000,29181.13,29160,9665,29165,26445,29155,2500,29150,11619
2020-06-10 10:44:05.490000,29181.13,29160,6634,29165,26445,29150,12619,29145,27227
2020-06-10 10:44:05.800000,29181.13,29160,18833,29165,26445,29150,7766,29145,22081
2020-06-10 10:44:06.300000,29181.13,29160,8834,29165,26445,29150,7766,29145,32080
2020-06-10 10:44:06.800000,29181.13,29165,24445,29170,21935,29160,2416,29155,7000
2020-06-10 10:44:07.390000,29181.13,29165,14446,29170,21935,29160,7041,29155,9334
2020-06-10 10:44:07.990000,29181.13,29165,19391,29170,26989,29160,2041,29155,11853
2020-06-10 10:44:08.590000,29181.13,29165,19391,29170,26989,29160,2041,29155,12853
2020-06-10 10:44:08.890000,29181.13,29165,19391,29170,26989,29160,2026,29155,12853
2020-06-10 10:44:09.190000,29181.13,29165,2002,29170,26989,29160,7026,29155,12853
2020-06-10 10:44:09.480000,29181.13,29165,6361,29170,26989,29160,7026,29155,12853
2020-06-10 10:44:09.800000,29181.13,29165,6361,29170,26989,29160,7026,29155,12853
2020-06-10 10:44:10.420000,29181.13,29170,21935,29175,30659,29165,2500,29160,16339
2020-06-10 10:44:10.690000,29203.48,29170,21935,29175,30659,29165,2500,29160,13879
2020-06-10 10:44:11.550000,29203.48,29170,26989,29175,25605,29160,9026,29155,14567
2020-06-10 10:44:12.000000,29203.48,29170,21935,29175,30659,29160,14879,29155,9714
2020-06-10 10:44:12.590000,29203.48,29170,21955,29175,30659,29160,14879,29155,9714
2020-06-10 10:44:12.890000,29203.48,29170,21955,29175,30659,29160,14879,29155,9714
2020-06-10 10:44:14.080000,29203.48,29170,21955,29175,30659,29165,3782,29160,14879
2020-06-10 10:44:14.420000,29203.48,29170,603,29175,30659,29165,3782,29160,14879
2020-06-10 10:44:14.800000,29203.48,29170,7633,29175,30659,29165,3782,29160,14879
2020-06-10 10:44:15.140000,29203.48,29170,19632,29175,30659,29160,14879,29155,9714
2020-06-10 10:44:15.500000,29203.48,29170,14687,29175,25605,29160,10026,29155,24566
2020-06-10 10:44:15.890000,29203.48,29170,24686,29175,25605,29160,10026,29155,14567
2020-06-10 10:44:16.390000,29203.48,29170,19632,29175,30659,29160,14879,29155,9714
2020-06-10 10:44:16.690000,29203.48,29170,19632,29175,30659,29165,333,29160,14879
2020-06-10 10:44:17.000000,29203.48,29170,24686,29175,25605,29165,333,29160,10026
2020-06-10 10:44:17.290000,29203.48,29170,24686,29175,25605,29165,333,29160,10026
2020-06-10 10:44:17.980000,29203.48,29170,9633,29175,30659,29160,14879,29155,19713
2020-06-10 10:44:18.230000,29203.48,29170,9633,29175,30659,29165,3782,29160,14879
2020-06-10 10:44:18.500000,29203.48,29170,7633,29175,30659,29165,3782,29160,14879
2020-06-10 10:44:19.290000,29203.48,29170,17632,29175,30659,29160,14879,29155,9714
2020-06-10 10:44:19.680000,29203.48,29170,17618,29175,30659,29160,14879,29155,9714
2020-06-10 10:44:20.090000,29203.48,29170,7619,29175,30659,29165,3782,29160,14879
2020-06-10 10:44:20.590000,29207.31,29170,7619,29175,30659,29160,14879,29155,19713
2020-06-10 10:44:21.000000,29207.31,29170,2789,29175,30659,29165,3782,29160,14879
2020-06-10 10:44:21.610000,29207.31,29175,4061,29180,28586,29170,10082,29165,13589
2020-06-10 10:44:22.090000,29207.31,29175,9009,29180,28586,29170,15082,29165,13589
2020-06-10 10:44:22.730000,29207.31,29175,9009,29180,28586,29170,15082,29165,13589
2020-06-10 10:44:22.790000,29207.31,29175,9009,29180,28586,29170,16082,29165,13589
2020-06-10 10:44:23.090000,29207.31,29175,4061,29180,28586,29170,16082,29165,13589
2020-06-10 10:44:24.090000,29207.31,29175,6361,29180,28586,29170,16082,29165,13589
2020-06-10 10:44:24.390000,29207.31,29175,11309,29180,28586,29170,16082,29165,13589
2020-06-10 10:44:24.790000,29207.31,29175,4061,29180,18587,29170,16082,29165,23588
2020-06-10 10:44:25.370000,29207.31,29175,4661,29180,18587,29170,16122,29165,23588
2020-06-10 10:44:25.530000,29207.31,29175,11309,29180,18587,29170,16122,29165,23588
2020-06-10 10:44:25.990000,29207.31,29175,6361,29180,28586,29170,16122,29165,13589
2020-06-10 10:44:26.590000,29207.31,29175,11309,29180,28586,29170,16122,29165,13589
2020-06-10 10:44:26.990000,29207.31,29175,11309,29180,28586,29170,11689,29165,13589
2020-06-10 10:44:27.480000,29207.31,29175,11309,29180,28586,29170,16122,29165,13589
2020-06-10 10:44:28.090000,29207.31,29175,11309,29180,28586,29170,11689,29165,13599
2020-06-10 10:44:28.590000,29207.31,29170,2129,29175,29072,29165,8746,29160,14220
2020-06-10 10:44:28.990000,29207.31,29170,2074,29175,29072,29165,8746,29160,14220
2020-06-10 10:44:29.590000,29207.31,29170,2074,29175,29572,29165,8746,29160,14220
2020-06-10 10:44:30.090000,29207.31,29175,9509,29180,28586,29170,8747,29165,14599
2020-06-10 10:44:30.680000,29200.11,29175,9509,29180,28586,29170,8575,29165,14599
2020-06-10 10:44:31.090000,29200.11,29175,4561,29180,28586,29170,8556,29165,14599
2020-06-10 10:44:31.540000,29200.11,29175,11509,29180,28586,29170,8556,29165,14599
2020-06-10 10:44:31.990000,29200.11,29175,11509,29180,28586,29170,2451,29165,14599
2020-06-10 10:44:32.380000,29200.11,29175,11509,29180,28586,29170,2451,29165,14599
2020-06-10 10:44:32.790000,29200.11,29175,11509,29180,28586,29170,6884,29165,14599
2020-06-10 10:44:33.490000,29200.11,29175,11539,29180,28586,29170,6884,29165,14599
2020-06-10 10:44:35.790000,29200.11,29175,11539,29180,28586,29170,2451,29165,14599
2020-06-10 10:44:36.590000,29200.11,29175,11539,29180,28586,29170,2451,29165,14599
2020-06-10 10:44:37.400000,29200.11,29175,11579,29180,28586,29170,2451,29165,14599
2020-06-10 10:44:39.560000,29200.11,29175,11579,29180,28586,29170,2226,29165,14599
2020-06-10 10:44:39.890000,29200.9,29175,11579,29180,28586,29170,2226,29165,14609
2020-06-10 10:44:40.690000,29200.9,29175,11579,29180,28586,29170,6659,29165,14609
2020-06-10 10:44:41.190000,29200.9,29175,9330,29180,28586,29170,8659,29165,13609
2020-06-10 10:44:41.500000,29200.9,29175,11330,29180,28586,29170,2224,29165,13609
2020-06-10 10:44:42.170000,29200.9,29175,11330,29180,28586,29170,2224,29165,13609
2020-06-10 10:44:42.390000,29200.9,29175,11322,29180,28586,29170,2224,29165,14609
2020-06-10 10:44:42.800000,29200.9,29170,930,29175,26375,29165,9756,29160,16916
2020-06-10 10:44:43.280000,29200.9,29170,5764,29175,29387,29165,20,29160,16916
2020-06-10 10:44:43.590000,29200.9,29170,934,29175,29387,29165,3802,29160,16916
2020-06-10 10:44:44.300000,29200.9,29170,5764,29175,29387,29165,3802,29160,16916
2020-06-10 10:44:44.500000,29200.9,29170,5764,29175,29387,29165,3802,29160,17916
2020-06-10 10:44:45.800000,29200.9,29170,5914,29175,29387,29165,3802,29160,17916
2020-06-10 10:44:46.330000,29200.9,29170,5914,29175,29387,29165,20,29160,17916
2020-06-10 10:44:47.370000,29200.9,29165,5980,29170,25099,29160,7036,29155,14577
2020-06-10 10:44:47.690000,29200.9,29165,7980,29170,25099,29160,2036,29155,14577
2020-06-10 10:44:48.500000,29200.9,29165,7980,29170,25099,29160,2036,29155,14577
2020-06-10 10:44:49.000000,29200.9,29165,23033,29170,20045,29160,2036,29155,10724
2020-06-10 10:44:49.500000,29200.9,29165,5975,29170,25099,29160,2036,29155,15577
2020-06-10 10:44:49.980000,29200.9,29165,7975,29170,25099,29160,2036,29155,15577
2020-06-10 10:44:51.110000,29199.7,29165,5975,29170,25099,29160,2036,29155,15577
2020-06-10 10:44:51.500000,29199.7,29165,7975,29170,25099,29160,2036,29155,15577
2020-06-10 10:44:52.000000,29199.7,29165,7975,29170,25099,29160,2036,29155,15577
2020-06-10 10:44:52.500000,29199.7,29165,5975,29170,25099,29160,7036,29155,15577
2020-06-10 10:44:54.180000,29199.7,29170,25099,29175,24334,29160,7036,29155,14577
2020-06-10 10:44:54.390000,29199.7,29165,4975,29170,22599,29160,7036,29155,14577
2020-06-10 10:44:55.210000,29199.7,29165,4975,29170,22599,29160,7036,29155,14577
2020-06-10 10:44:55.590000,29199.7,29165,4975,29170,22599,29160,7578,29155,15577
2020-06-10 10:44:55.890000,29199.7,29165,4975,29170,22599,29160,7800,29155,15577
2020-06-10 10:44:56.340000,29199.7,29165,5175,29170,22599,29160,7800,29155,15577
2020-06-10 10:44:56.590000,29199.7,29165,8075,29170,22599,29160,2800,29155,15577
2020-06-10 10:44:56.890000,29199.7,29165,8075,29170,22599,29160,2800,29155,15577
2020-06-10 10:44:57.290000,29199.7,29165,6975,29170,22799,29160,2800,29155,15577
2020-06-10 10:44:57.890000,29199.7,29165,6975,29170,22799,29160,2800,29155,15577
2020-06-10 10:44:57.990000,29199.7,29165,6975,29170,22799,29160,2800,29155,15577
2020-06-10 10:44:58.390000,29199.7,29165,4975,29170,22799,29160,7800,29155,15577
2020-06-10 10:44:58.990000,29199.7,29165,5025,29170,22799,29160,7800,29155,15577
2020-06-10 10:44:59.290000,29199.7,29165,6125,29170,22799,29160,7800,29155,15577
2020-06-10 10:44:59.700000,29199.7,29165,7025,29170,22799,29160,7800,29155,15577
2020-06-10 10:45:00.200000,29199.7,29165,5015,29170,22799,29160,7800,29155,15577
2020-06-10 10:45:00.590000,29208.18,29170,22799,29175,24334,29160,7800,29155,14577
2020-06-10 10:45:01.100000,29208.18,29165,4965,29170,23899,29160,7800,29155,14577
2020-06-10 10:45:01.700000,29208.18,29165,4965,29170,22799,29160,7800,29155,14577
2020-06-10 10:45:02.290000,29208.18,29165,4965,29170,22799,29160,7800,29155,15577
2020-06-10 10:45:02.700000,29208.18,29165,26022,29170,17745,29160,2850,29155,8724
2020-06-10 10:45:03.200000,29208.18,29160,1718,29165,25022,29155,5010,29150,14088
2020-06-10 10:45:03.790000,29208.18,29160,7651,29165,25022,29155,10,29150,14138
2020-06-10 10:45:04.380000,29208.18,29165,25022,29170,17745,29155,5010,29150,15138
2020-06-10 10:45:04.880000,29208.18,29160,4541,29165,25022,29155,5010,29150,15138
2020-06-10 10:45:05.400000,29208.18,29165,25022,29170,17745,29155,7010,29150,15138
2020-06-10 10:45:05.990000,29208.18,29165,7469,29170,22799,29155,11913,29150,20234
2020-06-10 10:45:06.490000,29208.18,29165,4362,29170,22799,29160,5000,29155,11913
2020-06-10 10:45:06.990000,29208.18,29165,2362,29170,22799,29160,5000,29155,11913
2020-06-10 10:45:07.800000,29208.18,29165,5462,29170,22799,29155,12913,29150,19234
2020-06-10 10:45:08.190000,29208.18,29165,5362,29170,22799,29155,12913,29150,19234
2020-06-10 10:45:08.590000,29208.18,29165,20415,29170,17745,29155,8060,29150,14088
2020-06-10 10:45:09.080000,29208.18,29165,23431,29170,17745,29155,5060,29150,14088
2020-06-10 10:45:09.690000,29208.18,29160,6541,29165,23431,29155,5060,29150,14088
2020-06-10 10:45:10.190000,29208.18,29160,6541,29165,23431,29155,60,29150,14088
2020-06-10 10:45:10.690000,29207.17,29160,12595,29165,17377,29155,60,29150,10235
2020-06-10 10:45:11.100000,29207.17,29160,7541,29165,22431,29155,60,29150,10235
2020-06-10 10:45:11.490000,29207.17,29160,6541,29165,22431,29155,60,29150,15088
2020-06-10 10:45:11.900000,29207.17,29160,4541,29165,22431,29155,5060,29150,15088
2020-06-10 10:45:12.290000,29207.17,29160,4541,29165,22431,29155,5060,29150,15088
2020-06-10 10:45:12.690000,29207.17,29160,4541,29165,22431,29155,60,29150,15088
2020-06-10 10:45:13.160000,29207.17,29160,4541,29165,22431,29155,60,29150,15088
2020-06-10 10:45:13.290000,29207.17,29160,6541,29165,22431,29155,60,29150,15088
2020-06-10 10:45:13.690000,29207.17,29160,6541,29165,22431,29155,60,29150,10235
2020-06-10 10:45:14.260000,29207.17,29160,6591,29165,22431,29155,61,29150,15088
2020-06-10 10:45:15.290000,29207.17,29160,6591,29165,22431,29155,81,29150,15088
2020-06-10 10:45:15.790000,29207.17,29160,4591,29165,22431,29155,5081,29150,15088
2020-06-10 10:45:16.410000,29207.17,29160,6591,29165,22431,29155,81,29150,15108
2020-06-10 10:45:16.500000,29207.17,29160,6591,29165,22431,29155,81,29150,15108
2020-06-10 10:45:17.190000,29207.17,29160,6591,29165,22431,29155,81,29150,15108
2020-06-10 10:45:17.600000,29207.17,29160,4591,29165,22431,29155,5081,29150,15108
2020-06-10 10:45:17.890000,29207.17,29160,4591,29165,22431,29155,5081,29150,15108
2020-06-10 10:45:18.600000,29207.17,29160,12845,29165,17377,29155,81,29150,10255
2020-06-10 10:45:19.190000,29207.17,29160,25826,29165,17377,29150,4464,29145,13975
2020-06-10 10:45:19.780000,29207.17,29155,6948,29160,25826,29150,31,29145,13975
2020-06-10 10:45:20.490000,29183.0,29155,16927,29160,24626,29150,31,29145,13975
2020-06-10 10:45:20.890000,29183.0,29155,6928,29160,24626,29150,4464,29145,14975
2020-06-10 10:45:21.780000,29183.0,29155,2000,29160,24626,29150,4464,29145,14975
2020-06-10 10:45:22.190000,29183.0,29160,19572,29165,22431,29155,3869,29150,6464
2020-06-10 10:45:22.780000,29183.0,29160,24626,29165,17377,29155,2500,29150,4464
2020-06-10 10:45:23.330000,29183.0,29160,24626,29165,17377,29155,2500,29150,4464
2020-06-10 10:45:23.990000,29183.0,29160,19572,29165,22431,29155,2500,29150,11317
2020-06-10 10:45:24.390000,29183.0,29160,6550,29165,22431,29155,7500,29150,11317
2020-06-10 10:45:24.690000,29183.0,29160,16549,29165,22431,29155,2500,29150,12317
2020-06-10 10:45:25.380000,29183.0,29160,11604,29165,17377,29155,2723,29150,7464
2020-06-10 10:45:25.580000,29183.0,29160,22803,29165,17377,29155,2723,29150,7464
2020-06-10 10:45:25.800000,29183.0,29155,17427,29160,24616,29150,31,29145,13986
2020-06-10 10:45:26.390000,29183.0,29155,4928,29160,24616,29150,31,29145,13986
2020-06-10 10:45:27.020000,29183.0,29155,4928,29160,24616,29150,4464,29145,13986
2020-06-10 10:45:27.490000,29183.0,29155,4928,29160,24616,29150,31,29145,14986
2020-06-10 10:45:28.020000,29183.0,29155,4928,29160,24616,29150,41,29145,14986
2020-06-10 10:45:28.190000,29183.0,29155,4928,29160,25216,29150,41,29145,14986
2020-06-10 10:45:29.190000,29183.0,29160,20162,29165,22541,29155,4438,29150,11327
2020-06-10 10:45:29.480000,29183.0,29160,20162,29165,22541,29155,3856,29150,11327
2020-06-10 10:45:30.140000,29183.0,29160,20162,29165,22541,29155,3856,29150,11357
2020-06-10 10:45:30.200000,29183.0,29160,25216,29165,17487,29155,2500,29150,6504
2020-06-10 10:45:30.690000,29205.18,29160,25216,29165,17487,29150,4504,29145,13986
2020-06-10 10:45:31.220000,29205.18,29155,80,29160,25216,29150,4514,29145,13976
2020-06-10 10:45:31.590000,29205.18,29155,80,29160,25216,29150,4514,29145,13966
2020-06-10 10:45:31.980000,29205.18,29160,20162,29165,22541,29150,11367,29145,9113
2020-06-10 10:45:32.390000,29205.18,29160,20162,29165,22541,29150,12367,29145,9113
2020-06-10 10:45:32.790000,29205.18,29160,25216,29165,17487,29150,7514,29145,13966
2020-06-10 10:45:33.190000,29205.18,29160,25216,29165,17487,29150,7514,29145,13966
2020-06-10 10:45:33.500000,29205.18,29160,25216,29165,17487,29150,4514,29145,13966
2020-06-10 10:45:33.890000,29205.18,29160,25216,29165,17487,29150,4454,29145,13966
2020-06-10 10:45:34.330000,29205.18,29155,4980,29160,25216,29150,4454,29145,13966
2020-06-10 10:45:34.590000,29205.18,29155,6980,29160,25216,29150,60,29145,9113
2020-06-10 10:45:35.090000,29205.18,29155,12632,29160,20162,29150,60,29145,10113
2020-06-10 10:45:35.500000,29205.18,29155,25638,29160,20162,29145,4159,29140,26690
2020-06-10 10:45:36.030000,29205.18,29155,15039,29160,20162,29145,6159,29140,36689
2020-06-10 10:45:36.390000,29205.18,29155,19984,29160,25216,29145,11012,29140,21837
2020-06-10 10:45:37.010000,29205.18,29155,25038,29160,20162,29145,7159,29140,26690
2020-06-10 10:45:37.290000,29205.18,29155,25038,29160,20162,29145,7159,29140,26690
2020-06-10 10:45:37.700000,29205.18,29155,25038,29160,20162,29145,7159,29140,26690
2020-06-10 10:45:38.090000,29205.18,29155,25032,29160,20162,29145,7159,29140,26690
2020-06-10 10:45:38.500000,29205.18,29155,25032,29160,20162,29145,4173,29140,26690
2020-06-10 10:45:39.090000,29205.18,29155,25022,29160,20162,29145,6173,29140,26690
2020-06-10 10:45:39.570000,29205.18,29155,19968,29160,25216,29145,11026,29140,21827
2020-06-10 10:45:39.790000,29205.18,29155,6962,29160,24616,29150,4395,29145,12026
2020-06-10 10:45:40.590000,29205.18,29155,6956,29160,24616,29150,4395,29145,12026
2020-06-10 10:45:41.000000,29202.97,29155,2000,29160,24616,29150,4395,29145,12026
2020-06-10 10:45:41.290000,29202.97,29155,2000,29160,24616,29150,4395,29145,12026
2020-06-10 10:45:41.790000,29202.97,29160,24616,29165,17507,29150,4395,29145,12026
2020-06-10 10:45:42.200000,29202.97,29160,24616,29165,17507,29150,8598,29145,11777
2020-06-10 10:45:42.700000,29202.97,29160,24616,29165,17507,29150,8598,29145,11777
2020-06-10 10:45:43.320000,29202.97,29155,4956,29160,24616,29150,4395,29145,13689
2020-06-10 10:45:43.590000,29202.97,29155,4956,29160,24616,29150,4395,29145,14689
2020-06-10 10:45:43.880000,29202.97,29155,4956,29160,24616,29150,4405,29145,14689
2020-06-10 10:45:44.290000,29202.97,29160,24616,29165,17507,29155,3202,29150,6405
2020-06-10 10:45:44.950000,29202.97,29160,19562,29165,22561,29155,2500,29150,11258
2020-06-10 10:45:45.200000,29202.97,29160,50,29165,22561,29155,7500,29150,11258
2020-06-10 10:45:45.590000,29202.97,29160,4550,29165,22561,29155,7500,29150,11258
2020-06-10 10:45:45.990000,29202.97,29160,6550,29165,22561,29155,7536,29150,11258
2020-06-10 10:45:46.380000,29202.97,29160,50,29165,22561,29155,7536,29150,11258
2020-06-10 10:45:46.700000,29202.97,29165,4492,29170,22804,29160,5000,29155,16999
2020-06-10 10:45:47.200000,29202.97,29165,2492,29170,22804,29160,5000,29155,17999
2020-06-10 10:45:47.490000,29202.97,29165,23054,29170,17750,29155,7536,29150,14031
2020-06-10 10:45:47.880000,29202.97,29165,14491,29170,22804,29155,14389,29150,9178
2020-06-10 10:45:48.630000,29202.97,29165,22573,29170,17750,29155,7536,29150,14031
2020-06-10 10:45:48.990000,29202.97,29165,17861,29170,22804,29155,15399,29150,9178
2020-06-10 10:45:49.770000,29202.97,29165,4837,29170,22804,29160,5000,29155,15399
2020-06-10 10:45:50.200000,29205.2,29165,2837,29170,22804,29160,5000,29155,15399
2020-06-10 10:45:50.790000,29205.2,29165,2837,29170,22804,29160,5000,29155,15399
2020-06-10 10:45:52.190000,29205.2,29165,3237,29170,22804,29155,15399,29150,19177
2020-06-10 10:45:52.990000,29205.2,29165,20290,29170,17750,29155,10546,29150,14031
2020-06-10 10:45:53.790000,29205.2,29165,14836,29170,22804,29155,10546,29150,14031
2020-06-10 10:45:54.290000,29205.2,29165,14836,29170,22804,29155,15399,29150,9178
2020-06-10 10:45:54.790000,29205.2,29165,2837,29170,22804,29160,4898,29155,15399
2020-06-10 10:45:55.330000,29205.2,29165,20290,29170,17750,29155,10346,29150,14031
2020-06-10 10:45:55.580000,29205.2,29165,4837,29170,22804,29160,4898,29155,15199
2020-06-10 10:45:56.290000,29205.2,29165,2837,29170,22844,29160,4898,29155,15199
2020-06-10 10:45:58.190000,29205.2,29165,2837,29170,22844,29160,4898,29155,15199
2020-06-10 10:45:58.580000,29205.2,29165,2837,29170,22844,29160,4898,29155,15199
2020-06-10 10:45:59.080000,29205.2,29170,4759,29175,29914,29165,8506,29160,11751
2020-06-10 10:45:59.690000,29205.2,29175,15355,29180,23850,29170,1278,29165,16907
2020-06-10 10:46:00.400000,29205.2,29175,25354,29180,23850,29165,15530,29160,14512
2020-06-10 10:46:00.990000,29184.11,29180,9309,29185,30196,29170,13974,29165,24935
2020-06-10 10:46:01.710000,29184.11,29180,9309,29185,30196,29170,6394,29165,31985
2020-06-10 10:46:02.190000,29184.11,29175,4956,29180,27772,29165,21986,29160,19668
2020-06-10 10:46:02.890000,29184.11,29175,7356,29180,27372,29170,10,29165,18133
2020-06-10 10:46:03.490000,29184.11,29175,22409,29180,22818,29170,10,29165,18133
2020-06-10 10:46:04.220000,29184.11,29175,22009,29180,22818,29170,10,29165,18143
2020-06-10 10:46:04.690000,29184.11,29175,25025,29180,22818,29165,12550,29160,14522
2020-06-10 10:46:05.300000,29184.11,29175,25025,29180,22818,29165,14550,29160,14522
2020-06-10 10:46:05.600000,29184.11,29175,9972,29180,27872,29165,19403,29160,19668
2020-06-10 10:46:06.100000,29184.11,29175,25425,29180,22818,29165,15531,29160,14522
2020-06-10 10:46:06.600000,29184.11,29175,25025,29180,22818,29165,15531,29160,14522
2020-06-10 10:46:06.890000,29184.11,29175,25025,29180,22818,29165,15531,29160,14522
2020-06-10 10:46:07.280000,29184.11,29175,25025,29180,22818,29165,15531,29160,14522
2020-06-10 10:46:07.860000,29184.11,29175,4956,29180,27872,29170,4394,29165,20384
2020-06-10 10:46:08.100000,29184.11,29175,22309,29180,22798,29165,15531,29160,14522
2020-06-10 10:46:08.600000,29184.11,29175,7276,29180,27852,29165,15531,29160,24521
2020-06-10 10:46:09.100000,29184.11,29175,4976,29180,27852,29170,4394,29165,20384
2020-06-10 10:46:09.390000,29184.11,29175,320,29180,27852,29170,4394,29165,19384
2020-06-10 10:46:10.020000,29184.11,29175,5002,29180,27852,29170,4394,29165,21978
2020-06-10 10:46:10.300000,29184.11,29175,1,29180,27852,29170,4394,29165,21978
2020-06-10 10:46:10.690000,29184.11,29175,5300,29180,27852,29170,4394,29165,21978
2020-06-10 10:46:11.050000,29203.55,29175,5300,29180,27932,29170,4394,29165,22978
2020-06-10 10:46:11.390000,29203.55,29175,5300,29180,27932,29170,4375,29165,22978
2020-06-10 10:46:11.800000,29203.55,29175,22353,29180,22878,29165,18125,29160,14522
2020-06-10 10:46:12.300000,29203.55,29170,333,29175,7300,29165,18125,29160,24521
2020-06-10 10:46:12.690000,29203.55,29170,333,29175,12354,29165,18125,29160,24521
2020-06-10 10:46:13.230000,29203.55,29170,633,29175,25053,29165,18145,29160,14522
2020-06-10 10:46:13.420000,29203.55,29170,333,29175,25663,29165,18145,29160,14522
2020-06-10 10:46:13.800000,29203.55,29170,333,29175,25663,29165,18145,29160,14542
2020-06-10 10:46:14.220000,29203.55,29170,633,29175,25663,29165,18145,29160,14543
2020-06-10 10:46:14.480000,29203.55,29170,333,29175,25886,29165,18145,29160,14543
2020-06-10 10:46:14.800000,29203.55,29170,333,29175,25886,29165,18145,29160,14543
2020-06-10 10:46:15.340000,29203.55,29170,5713,29175,25886,29165,14557,29160,14543
2020-06-10 10:46:15.480000,29203.55,29170,333,29175,25886,29165,14557,29160,14543
2020-06-10 10:46:15.800000,29203.55,29170,313,29175,25886,29165,14557,29160,14543
2020-06-10 10:46:16.370000,29203.55,29170,293,29175,25886,29165,14557,29160,14543
2020-06-10 10:46:16.440000,29203.55,29170,5673,29175,25886,29165,14557,29160,15543
2020-06-10 10:46:16.800000,29203.55,29170,5673,29175,25886,29165,14557,29160,15563
2020-06-10 10:46:17.370000,29203.55,29170,5668,29175,25886,29165,14557,29160,15563
2020-06-10 10:46:17.690000,29203.55,29170,288,29175,25886,29165,14557,29160,15563
2020-06-10 10:46:18.410000,29203.55,29170,288,29175,25886,29165,14545,29160,14563
2020-06-10 10:46:18.800000,29203.55,29175,8833,29180,27937,29170,4087,29165,19398
2020-06-10 10:46:19.190000,29203.55,29175,5833,29180,27937,29170,4087,29165,19398
2020-06-10 10:46:19.690000,29203.55,29175,5893,29180,27937,29170,4087,29165,19398
2020-06-10 10:46:19.980000,29203.55,29175,5838,29180,27937,29170,4087,29165,20398
2020-06-10 10:46:20.580000,29187.85,29175,5838,29180,27937,29170,4085,29165,22698
2020-06-10 10:46:21.190000,29187.85,29175,838,29180,27937,29170,4085,29165,22698
2020-06-10 10:46:22.190000,29187.85,29175,1338,29180,27937,29170,4085,29165,22698
2020-06-10 10:46:22.750000,29187.85,29175,6343,29180,27937,29170,4085,29165,22698
2020-06-10 10:46:23.290000,29187.85,29175,1343,29180,27937,29170,4085,29165,22698
2020-06-10 10:46:23.720000,29187.85,29175,820,29180,27937,29170,4085,29165,21698
2020-06-10 10:46:24.180000,29187.85,29175,1420,29180,27937,29170,4085,29165,21698
2020-06-10 10:46:24.390000,29187.85,29175,6420,29180,27937,29170,4085,29165,21698
2020-06-10 10:46:24.680000,29187.85,29175,820,29180,27937,29170,4085,29165,21698
2020-06-10 10:46:25.340000,29187.85,29175,820,29180,27937,29170,5085,29165,21698
2020-06-10 10:46:25.500000,29187.85,29175,6420,29180,27937,29170,4085,29165,21698
2020-06-10 10:46:26.000000,29187.85,29175,6420,29180,27937,29170,4085,29165,21698
2020-06-10 10:46:26.890000,29187.85,29175,820,29180,27937,29170,4085,29165,21698
2020-06-10 10:46:27.450000,29187.85,29175,1420,29180,27937,29170,4085,29165,21698
2020-06-10 10:46:27.680000,29187.85,29175,820,29180,27937,29170,4085,29165,21698
2020-06-10 10:46:28.090000,29187.85,29175,820,29180,27937,29170,4085,29165,21698
2020-06-10 10:46:28.890000,29187.85,29180,19873,29185,29696,29175,4200,29170,14533
2020-06-10 10:46:29.390000,29187.85,29180,5374,29185,29696,29175,4200,29170,14533
2020-06-10 10:46:30.090000,29187.85,29180,20573,29185,29696,29175,4200,29170,14533
2020-06-10 10:46:30.680000,29187.85,29180,20573,29185,29696,29175,4200,29170,14533
2020-06-10 10:46:30.890000,29184.94,29180,20593,29185,29696,29175,4200,29170,14533
2020-06-10 10:46:31.290000,29184.94,29180,20593,29185,29696,29170,14533,29165,26824
2020-06-10 10:46:31.640000,29184.94,29175,1,29180,20593,29170,14534,29165,26824
2020-06-10 10:46:31.990000,29184.94,29175,5701,29180,24947,29170,9681,29165,21678
2020-06-10 10:46:32.490000,29184.94,29175,5699,29180,27980,29170,7681,29165,21678
2020-06-10 10:46:32.990000,29184.94,29180,27980,29185,24642,29170,4088,29165,24271
2020-06-10 10:46:33.380000,29184.94,29180,22926,29185,29696,29175,4200,29170,10941
2020-06-10 10:46:33.790000,29184.94,29180,5394,29185,29696,29175,4200,29170,10941
2020-06-10 10:46:34.380000,29184.94,29180,9894,29185,29696,29175,4200,29170,11941
2020-06-10 10:46:34.700000,29184.94,29180,2544,29185,24642,29175,13657,29170,7523
2020-06-10 10:46:35.090000,29184.94,29180,2544,29185,24642,29175,13657,29170,7523
2020-06-10 10:46:35.880000,29184.94,29180,2549,29185,24642,29175,13657,29170,7533
2020-06-10 10:46:36.590000,29184.94,29180,2550,29185,24642,29175,13667,29170,6533
2020-06-10 10:46:37.200000,29184.94,29180,2550,29185,24292,29175,13667,29170,6533
2020-06-10 10:46:37.700000,29184.94,29180,2540,29185,9664,29175,14667,29170,16532
2020-06-10 10:46:38.200000,29184.94,29185,19663,29190,27409,29180,20,29175,14667
2020-06-10 10:46:38.700000,29184.94,29185,4664,29190,27409,29180,4928,29175,12063
2020-06-10 10:46:39.090000,29184.94,29185,21763,29190,27409,29180,4716,29175,12063
2020-06-10 10:46:39.490000,29184.94,29185,21763,29190,27409,29180,4716,29175,12063
2020-06-10 10:46:40.070000,29184.94,29185,29863,29190,22355,29180,20,29175,5210
2020-06-10 10:46:40.240000,29184.94,29185,29863,29190,22355,29175,5210,29170,13464
2020-06-10 10:46:41.040000,29206.76,29185,29863,29190,22355,29175,4210,29170,13464
2020-06-10 10:46:41.590000,29206.76,29185,29913,29190,22355,29175,4210,29170,13564
2020-06-10 10:46:42.090000,29206.76,29185,29913,29190,22355,29175,4210,29170,13564
2020-06-10 10:46:42.400000,29206.76,29185,29913,29190,22355,29175,5010,29170,14564
2020-06-10 10:46:42.790000,29206.76,29185,29912,29190,22355,29175,4211,29170,14564
2020-06-10 10:46:43.190000,29206.76,29180,4500,29185,29912,29175,4201,29170,14564
2020-06-10 10:46:43.580000,29206.76,29185,27812,29190,22355,29175,4201,29170,14564
2020-06-10 10:46:43.900000,29206.76,29180,4500,29185,27812,29175,4201,29170,14564
2020-06-10 10:46:44.290000,29206.76,29185,27812,29190,22355,29175,4201,29170,14564
2020-06-10 10:46:44.770000,29206.76,29185,27812,29190,22355,29175,4201,29170,14554
2020-06-10 10:46:45.760000,29206.76,29185,24916,29190,22355,29175,6301,29170,13554
2020-06-10 10:46:46.080000,29206.76,29185,24921,29190,22355,29175,4201,29170,13554
2020-06-10 10:46:46.580000,29206.76,29185,24971,29190,22355,29175,5401,29170,13554
2020-06-10 10:46:47.190000,29206.76,29185,24971,29190,22355,29175,5200,29170,13554
2020-06-10 10:46:47.880000,29206.76,29185,24971,29190,22355,29175,5200,29170,13554
2020-06-10 10:46:48.190000,29206.76,29185,28022,29190,22355,29175,4200,29170,13554
2020-06-10 10:46:49.520000,29206.76,29180,4500,29185,28022,29175,4200,29170,14554
2020-06-10 10:46:49.790000,29206.76,29185,28022,29190,22355,29175,4200,29170,14554
2020-06-10 10:46:50.600000,29202.6,29185,17996,29190,27409,29180,4716,29175,11053
2020-06-10 10:46:51.100000,29202.6,29185,12997,29190,27409,29180,21,29175,4200
2020-06-10 10:46:51.720000,29202.6,29185,4946,29190,27409,29180,4717,29175,11053
2020-06-10 10:46:52.720000,29202.6,29185,4946,29190,27409,29180,4717,29175,11053
2020-06-10 10:46:52.880000,29202.6,29185,9946,29190,27409,29180,4717,29175,11053
2020-06-10 10:46:52.940000,29202.6,29185,4946,29190,27409,29180,4699,29175,12053
2020-06-10 10:46:53.690000,29202.6,29185,5246,29190,27409,29180,4699,29175,12053
2020-06-10 10:46:53.750000,29202.6,29185,5236,29190,27409,29180,4699,29175,12053
2020-06-10 10:46:53.990000,29202.6,29185,5236,29190,27409,29180,4699,29175,12053
2020-06-10 10:46:56.280000,29202.6,29185,3236,29190,27409,29180,4699,29175,12053
2020-06-10 10:46:56.470000,29202.6,29185,3254,29190,27409,29180,4699,29175,12053
2020-06-10 10:46:57.460000,29202.6,29185,10354,29190,27409,29180,4699,29175,12053
2020-06-10 10:46:57.550000,29202.6,29185,3254,29190,27409,29180,4699,29175,12063
2020-06-10 10:46:58.490000,29202.6,29185,3274,29190,27409,29180,4699,29175,12065
2020-06-10 10:46:59.190000,29202.6,29185,3274,29190,27409,29180,4699,29175,12066
2020-06-10 10:46:59.890000,29202.6,29185,3290,29190,27409,29180,4699,29175,12066
2020-06-10 10:47:00.170000,29202.6,29185,3290,29190,27409,29180,4699,29175,12066
2020-06-10 10:47:00.390000,29202.6,29185,3290,29190,27409,29180,4699,29175,12066
2020-06-10 10:47:00.890000,29199.79,29185,2970,29190,27409,29180,4699,29175,12066
2020-06-10 10:47:01.490000,29199.79,29185,2970,29190,27409,29180,4701,29175,12066
2020-06-10 10:47:01.890000,29199.79,29185,2970,29190,27409,29180,4631,29175,12066
2020-06-10 10:47:02.480000,29199.79,29185,2970,29190,5770,29180,13968,29175,16811
2020-06-10 10:47:03.190000,29199.79,29185,2970,29190,5770,29180,13968,29175,16811
2020-06-10 10:47:03.690000,29199.79,29185,2970,29190,790,29180,14968,29175,16811
2020-06-10 10:47:04.190000,29199.79,29185,2580,29190,5770,29180,14978,29175,16811
2020-06-10 10:47:04.800000,29199.79,29190,5770,29195,27571,29185,3782,29180,14978
2020-06-10 10:47:05.390000,29199.79,29190,5770,29195,27571,29185,3792,29180,14978
2020-06-10 10:47:05.910000,29199.79,29190,24923,29195,22517,29180,4639,29175,13823
2020-06-10 10:47:06.300000,29199.79,29190,24933,29195,22517,29180,4639,29175,13823
2020-06-10 10:47:06.980000,29199.79,29190,27945,29195,22517,29180,4639,29175,13823
2020-06-10 10:47:07.560000,29199.79,29190,19879,29195,27571,29180,11492,29175,8970
2020-06-10 10:47:07.760000,29199.79,29190,2800,29195,27571,29185,5000,29180,11492
2020-06-10 10:47:07.980000,29199.79,29190,800,29195,17992,29185,13727,29180,6639
2020-06-10 10:47:08.390000,29199.79,29195,17992,29200,30082,29185,14263,29180,7516
2020-06-10 10:47:08.800000,29199.79,29195,17992,29200,30082,29190,5000,29185,14263
2020-06-10 10:47:09.190000,29199.79,29195,7993,29200,30311,29190,10000,29185,14263
2020-06-10 10:47:09.720000,29199.79,29195,7993,29200,30311,29190,10000,29185,14263
2020-06-10 10:47:09.780000,29199.79,29195,7993,29200,30311,29190,5000,29185,14263
2020-06-10 10:47:10.690000,29223.56,29195,7993,29200,30311,29190,5000,29185,14263
2020-06-10 10:47:11.000000,29223.56,29195,7993,29200,30311,29190,10000,29185,15263
2020-06-10 10:47:11.390000,29223.56,29195,2993,29200,30311,29190,10000,29185,15263
2020-06-10 10:47:12.090000,29223.56,29195,993,29200,30311,29190,10000,29185,15263
2020-06-10 10:47:12.500000,29223.56,29190,7045,29195,26071,29185,5000,29180,12940
2020-06-10 10:47:12.950000,29223.56,29190,7045,29195,26073,29180,12940,29175,18969
2020-06-10 10:47:13.290000,29223.56,29190,4980,29195,26073,29185,5000,29180,12940
2020-06-10 10:47:13.890000,29223.56,29190,4977,29195,26073,29185,5000,29180,12940
2020-06-10 10:47:14.090000,29223.56,29190,4977,29195,26073,29180,13940,29175,18969
2020-06-10 10:47:14.590000,29223.56,29190,6977,29195,26073,29185,5000,29180,13940
2020-06-10 10:47:15.390000,29223.56,29190,2,29195,26071,29185,5000,29180,13940
2020-06-10 10:47:15.790000,29223.56,29190,4979,29195,26071,29185,5000,29180,13940
2020-06-10 10:47:16.590000,29223.56,29190,4979,29195,26071,29185,5003,29180,13940
2020-06-10 10:47:17.290000,29223.56,29190,6979,29195,26071,29185,5000,29180,13940
2020-06-10 10:47:17.900000,29223.56,29190,2,29195,26071,29185,5000,29180,13940
2020-06-10 10:47:19.190000,29223.56,29195,21017,29200,30311,29185,11873,29180,9090
2020-06-10 10:47:19.600000,29223.56,29195,26071,29200,25257,29185,7020,29180,12943
2020-06-10 10:47:19.890000,29229.8,29195,16072,29200,25257,29185,7020,29180,22942
2020-06-10 10:47:20.280000,29229.8,29195,26071,29200,25257,29185,7020,29180,12943
2020-06-10 10:47:20.880000,29229.8,29190,50,29195,26071,29185,5020,29180,13943
2020-06-10 10:47:21.190000,29229.8,29190,46,29195,26071,29185,5020,29180,13943
2020-06-10 10:47:21.690000,29229.8,29190,146,29195,26071,29185,7020,29180,13943
2020-06-10 10:47:22.100000,29229.8,29190,97,29195,16072,29185,7020,29180,23942
2020-06-10 10:47:22.490000,29229.8,29190,97,29195,21017,29185,11873,29180,9090
2020-06-10 10:47:23.030000,29229.8,29195,7993,29200,30311,29190,7203,29185,11873
2020-06-10 10:47:23.190000,29229.8,29195,7993,29200,30311,29190,7203,29185,11876
2020-06-10 10:47:23.390000,29229.8,29195,5993,29200,30311,29190,2300,29185,11876
2020-06-10 10:47:23.690000,29229.8,29195,5993,29200,30311,29190,2300,29185,11876
2020-06-10 10:47:24.500000,29229.8,29195,23046,29200,25257,29190,2300,29185,8023
2020-06-10 10:47:24.660000,29229.8,29195,23046,29200,25277,29190,2300,29185,8023
2020-06-10 10:47:24.890000,29229.8,29195,23046,29200,25277,29190,2300,29185,8023
2020-06-10 10:47:25.100000,29229.8,29195,23046,29200,25277,29190,358,29185,7023
2020-06-10 10:47:25.490000,29229.8,29195,17992,29200,30331,29190,358,29185,11876
2020-06-10 10:47:25.990000,29229.8,29195,26068,29200,25277,29190,358,29185,7023
2020-06-10 10:47:26.670000,29229.8,29195,23046,29200,25278,29190,308,29185,8023
2020-06-10 10:47:26.990000,29229.8,29195,17992,29200,30332,29190,308,29185,12879
2020-06-10 10:47:27.490000,29229.8,29195,17992,29200,30332,29190,308,29185,12859
2020-06-10 10:47:27.890000,29229.8,29195,17992,29200,30332,29190,308,29185,12859
2020-06-10 10:47:29.240000,29229.8,29195,23046,29200,25278,29190,348,29185,8006
2020-06-10 10:47:29.490000,29229.8,29195,17992,29200,30332,29190,348,29185,12859
2020-06-10 10:47:29.890000,29229.8,29195,23046,29200,25278,29190,351,29185,8006
2020-06-10 10:47:30.390000,29229.8,29195,17992,29200,30332,29190,351,29185,12859
2020-06-10 10:47:30.800000,29228.22,29195,23046,29200,25278,29190,351,29185,8006
2020-06-10 10:47:31.500000,29228.22,29195,26080,29200,25278,29190,351,29185,5006
2020-06-10 10:47:31.660000,29228.22,29190,4626,29195,26080,29185,9,29180,13046
2020-06-10 10:47:31.890000,29228.22,29190,4626,29195,26080,29185,9,29180,13046
2020-06-10 10:47:32.520000,29228.22,29190,16625,29195,26080,29185,9,29180,13046
2020-06-10 10:47:32.700000,29228.22,29195,26080,29200,25278,29185,5006,29180,14046
2020-06-10 10:47:33.090000,29228.22,29190,100,29195,26080,29185,5006,29180,14046
2020-06-10 10:47:33.590000,29228.22,29195,26080,29200,25278,29185,5006,29180,14046
2020-06-10 10:47:34.090000,29228.22,29190,4626,29195,26080,29185,5006,29180,14046
2020-06-10 10:47:34.590000,29228.22,29190,4626,29195,26120,29185,9,29180,14046
2020-06-10 10:47:35.090000,29228.22,29190,4626,29195,26120,29185,9,29180,14046
2020-06-10 10:47:35.480000,29228.22,29190,4626,29195,26120,29185,5009,29180,14046
2020-06-10 10:47:36.000000,29228.22,29190,4626,29195,26140,29185,5009,29180,14046
2020-06-10 10:47:36.390000,29228.22,29195,21086,29200,30314,29190,4712,29185,11862
2020-06-10 10:47:36.890000,29228.22,29195,8053,29200,30314,29190,2500,29185,11862
2020-06-10 10:47:37.390000,29228.22,29195,8053,29200,30314,29190,2500,29185,11912
2020-06-10 10:47:37.790000,29228.22,29195,23106,29200,25260,29190,2500,29185,8059
2020-06-10 10:47:38.290000,29228.22,29195,13107,29200,25260,29190,2500,29185,8069
2020-06-10 10:47:38.760000,29228.22,29195,8053,29200,30314,29190,2500,29185,12922
2020-06-10 10:47:39.090000,29228.22,29195,13107,29200,25260,29190,2503,29185,8069
2020-06-10 10:47:39.590000,29228.22,29195,26116,29200,25260,29190,2503,29185,8069
2020-06-10 10:47:40.250000,29228.22,29195,26116,29200,25260,29190,2503,29185,8069
2020-06-10 10:47:40.590000,29215.08,29195,26116,29200,25260,29190,2503,29185,8069
2020-06-10 10:47:41.280000,29215.08,29195,26116,29200,25260,29190,2484,29185,8069
2020-06-10 10:47:41.790000,29215.08,29195,26116,29200,25260,29190,229,29185,7069
2020-06-10 10:47:42.450000,29215.08,29195,26116,29200,25260,29190,229,29185,7069
2020-06-10 10:47:42.640000,29215.08,29195,26116,29200,25260,29185,7069,29180,13056
2020-06-10 10:47:42.890000,29215.08,29195,26116,29200,25260,29190,10,29185,7069
2020-06-10 10:47:43.180000,29215.08,29195,26116,29200,25260,29190,10,29185,7069
2020-06-10 10:47:44.180000,29215.08,29190,4753,29195,26116,29185,5069,29180,14056
2020-06-10 10:47:44.590000,29215.08,29195,26116,29200,25260,29185,5069,29180,14056
2020-06-10 10:47:44.960000,29215.08,29195,26116,29200,25260,29185,5069,29180,14056
2020-06-10 10:47:45.090000,29215.08,29195,26116,29200,25260,29185,5069,29180,14056
2020-06-10 10:47:45.390000,29215.08,29190,4753,29195,26116,29185,5069,29180,14056
2020-06-10 10:47:45.680000,29215.08,29195,26116,29200,25260,29185,5069,29180,14056
2020-06-10 10:47:47.290000,29215.08,29195,26126,29200,25260,29185,5069,29180,14056
2020-06-10 10:47:47.580000,29215.08,29190,4753,29195,26126,29185,5069,29180,14056
2020-06-10 10:47:47.990000,29215.08,29190,1000,29195,26126,29185,5069,29180,14056
2020-06-10 10:47:48.690000,29215.08,29190,1000,29195,26126,29185,3522,29180,14056
2020-06-10 10:47:49.690000,29215.08,29190,5753,29195,26126,29185,3512,29180,14056
2020-06-10 10:47:50.190000,29215.08,29190,5753,29195,26126,29185,5050,29180,14056
2020-06-10 10:47:50.890000,29222.03,29190,1000,29195,26126,29185,5050,29180,13056
2020-06-10 10:47:51.690000,29222.03,29190,5753,29195,26126,29185,5050,29180,13056
2020-06-10 10:47:51.980000,29222.03,29190,5753,29195,26126,29185,53,29180,14056
2020-06-10 10:47:52.890000,29222.03,29190,5753,29195,26126,29185,4986,29180,14056
2020-06-10 10:47:53.390000,29222.03,29190,12807,29195,21072,29180,9204,29175,23839
2020-06-10 10:47:53.790000,29222.03,29190,12807,29195,21072,29180,9204,29175,23839
2020-06-10 10:47:54.590000,29222.03,29190,12803,29195,21072,29185,60,29180,9204
2020-06-10 10:47:55.000000,29222.03,29190,25816,29195,21072,29185,60,29180,9204
2020-06-10 10:47:55.180000,29222.03,29190,25816,29195,21072,29185,60,29180,9207
2020-06-10 10:47:55.790000,29222.03,29185,5040,29190,25816,29180,5759,29175,13840
2020-06-10 10:47:56.110000,29222.03,29185,5040,29190,25816,29180,132,29175,13840
2020-06-10 10:47:56.500000,29222.03,29185,5040,29190,25816,29180,32,29175,13840
2020-06-10 10:47:56.890000,29222.03,29185,5040,29190,25916,29180,32,29175,13840
2020-06-10 10:47:57.180000,29222.03,29185,5040,29190,25916,29180,5032,29175,14840
2020-06-10 10:47:58.000000,29222.03,29185,5040,29190,25916,29180,32,29175,14840
2020-06-10 10:47:58.590000,29222.03,29185,5040,29190,25916,29180,5032,29175,14840
2020-06-10 10:47:59.730000,29222.03,29190,15917,29195,21432,29185,2500,29180,7032
2020-06-10 10:48:00.290000,29222.03,29190,25916,29195,21432,29185,1983,29180,7032
2020-06-10 10:48:00.840000,29205.85,29190,10863,29195,26486,29185,1983,29180,11885
2020-06-10 10:48:01.180000,29205.85,29190,10863,29195,26486,29185,1983,29180,12875
2020-06-10 10:48:01.590000,29205.85,29190,5889,29195,26486,29185,6969,29180,12875
2020-06-10 10:48:02.090000,29205.85,29190,5889,29195,26491,29185,6969,29180,12875
2020-06-10 10:48:02.790000,29205.85,29190,1136,29195,26491,29185,6969,29180,12875
2020-06-10 10:48:03.180000,29205.85,29190,5889,29195,26491,29185,6969,29180,11875
2020-06-10 10:48:03.590000,29205.85,29190,5891,29195,26491,29185,6969,29180,11875
2020-06-10 10:48:04.290000,29205.85,29190,5891,29195,26491,29185,6969,29180,12875
2020-06-10 10:48:04.790000,29205.85,29190,5982,29195,26491,29185,6969,29180,12875
2020-06-10 10:48:05.200000,29205.85,29190,5982,29195,26491,29185,6969,29180,12875
2020-06-10 10:48:05.590000,29205.85,29190,6282,29195,26491,29185,6969,29180,12875
2020-06-10 10:48:06.130000,29205.85,29190,6282,29195,26491,29185,6969,29180,12875
2020-06-10 10:48:06.200000,29205.85,29190,6282,29195,26491,29185,1983,29180,12875
2020-06-10 10:48:07.200000,29205.85,29190,6282,29195,26491,29185,1983,29180,12875
2020-06-10 10:48:08.090000,29205.85,29190,6282,29195,26491,29185,1983,29180,12875
2020-06-10 10:48:08.380000,29205.85,29190,6282,29195,26491,29185,1983,29180,12875
2020-06-10 10:48:08.790000,29205.85,29190,8282,29195,26491,29185,1983,29180,12875
2020-06-10 10:48:09.320000,29205.85,29190,18281,29195,26491,29185,1983,29180,12875
2020-06-10 10:48:09.510000,29205.85,29190,8282,29195,26491,29185,1983,29180,8022
2020-06-10 10:48:09.790000,29205.85,29190,8382,29195,26491,29185,1983,29180,8022
2020-06-10 10:48:10.320000,29205.85,29190,8285,29195,26491,29185,2019,29180,12875
2020-06-10 10:48:10.990000,29232.39,29190,6285,29195,26491,29185,7005,29180,12875
2020-06-10 10:48:12.410000,29232.39,29190,6285,29195,26491,29185,7005,29180,12875
2020-06-10 10:48:12.510000,29232.39,29190,6185,29195,26491,29185,2019,29180,12875
2020-06-10 10:48:12.990000,29232.39,29190,8274,29195,26496,29185,2019,29180,12875
2020-06-10 10:48:13.510000,29232.39,29190,6174,29195,26496,29185,2019,29180,12875
2020-06-10 10:48:13.690000,29232.39,29190,6174,29195,26496,29185,7005,29180,12975
2020-06-10 10:48:14.020000,29232.39,29190,6174,29195,26496,29185,7005,29180,12975
2020-06-10 10:48:14.600000,29232.39,29190,8274,29195,26496,29185,2019,29180,12975
