time,nav,sell1,sell1_cnt,sell2,sell2_cnt,buy1,buy1_cnt,buy2,buy2_cnt
2020-06-12 09:46:50.20,0.0,11610,4509,11615,3333,11600,3420,11595,3390
2020-06-12 09:46:50.70,0.0,11610,5809,11615,3333,11600,3420,11595,3390
2020-06-12 09:46:51.59,0.0,11610,5809,11615,3333,11600,3420,11595,3390
2020-06-12 09:46:52.50,0.0,11605,2540,11610,3269,11600,3420,11595,3390
2020-06-12 09:46:53.59,0.0,11605,3840,11610,3269,11600,3420,11595,3390
2020-06-12 09:46:55.39,11685.34,11610,5809,11615,3333,11600,3430,11595,3390
2020-06-12 09:46:58.63,11685.34,11605,2540,11610,6602,11600,3430,11595,3390
2020-06-12 09:46:58.94,11685.34,11605,5809,11610,4633,11600,10,11595,3390
2020-06-12 09:46:59.42,11685.34,11600,2540,11605,3269,11595,3390,11590,8209
2020-06-12 09:47:00.39,11685.34,11600,3840,11605,6602,11595,3390,11590,8209
2020-06-12 09:47:04.36,11685.34,11600,3840,11605,6602,11590,8209,11585,6384
2020-06-12 09:47:04.98,11685.32,11600,3840,11605,6602,11595,3390,11590,8209
2020-06-12 09:47:05.97,11685.32,11600,5809,11605,4633,11590,8209,11585,6384
2020-06-12 09:47:07.03,11685.32,11600,2540,11605,6602,11590,8209,11585,6384
2020-06-12 09:47:08.08,11685.32,11600,3740,11605,6602,11595,3390,11590,8209
2020-06-12 09:47:08.70,11685.32,11600,3740,11605,6602,11595,3390,11590,8209
2020-06-12 09:47:09.68,11685.32,11600,3740,11605,6602,11590,8209,11585,6384
2020-06-12 09:47:10.78,11685.32,11605,6659,11610,3333,11595,3390,11590,8209
2020-06-12 09:47:11.82,11685.32,11605,4690,11610,5302,11595,3390,11590,11230
2020-06-12 09:47:12.87,11685.32,11605,3390,11610,1969,11600,3420,11595,3390
2020-06-12 09:47:13.93,11685.32,11605,3390,11610,6602,11595,3390,11590,11230
2020-06-12 09:47:14.96,11685.32,11605,4590,11610,3269,11600,3390,11595,3390
2020-06-12 09:47:15.96,11687.17,11605,3390,11610,3269,11600,3390,11595,3390
2020-06-12 09:47:16.40,11687.17,11610,6659,11615,3333,11600,3390,11595,3390
2020-06-12 09:47:18.60,11687.17,11610,6659,11615,3333,11600,3400,11595,3390
2020-06-12 09:47:19.68,11687.17,11605,3390,11610,3269,11600,3400,11595,3390
2020-06-12 09:47:20.01,11687.17,11610,6659,11615,3333,11600,3400,11595,3390
2020-06-12 09:47:20.79,11687.17,11610,4690,11615,1969,11605,2944,11600,3400
2020-06-12 09:47:21.85,11687.17,11610,4690,11615,1969,11605,2944,11600,3400
2020-06-12 09:47:22.91,11687.17,11610,3390,11615,1969,11605,2944,11600,3400
2020-06-12 09:47:23.49,11687.17,11610,3390,11615,1969,11605,2944,11600,3400
2020-06-12 09:47:24.51,11687.17,11615,5359,11620,3333,11605,2944,11600,3400
2020-06-12 09:47:25.54,11684.52,11615,4190,11620,5302,11605,2944,11600,3400
2020-06-12 09:47:26.60,11684.52,11615,6659,11620,3333,11605,2944,11600,3400
2020-06-12 09:47:27.01,11684.52,11610,3390,11615,3269,11605,2944,11600,3400
2020-06-12 09:47:28.16,11684.52,11610,3390,11615,6602,11600,3400,11595,6253
2020-06-12 09:47:29.23,11684.52,11610,3390,11615,3269,11605,2944,11600,3400
2020-06-12 09:47:30.24,11684.52,11610,4690,11615,6602,11605,2944,11600,3400
2020-06-12 09:47:31.26,11684.52,11610,4690,11615,6602,11600,3400,11595,6253
2020-06-12 09:47:31.79,11684.52,11610,3790,11615,3269,11605,2944,11600,3400
2020-06-12 09:47:32.88,11684.52,11610,3890,11615,3269,11605,2944,11600,3400
2020-06-12 09:47:33.97,11684.52,11610,4690,11615,9992,11600,3400,11595,6253
2020-06-12 09:47:35.05,11686.45,11615,6659,11620,6723,11605,3390,11600,3400
2020-06-12 09:47:36.10,11686.45,11615,6659,11620,6723,11605,3390,11600,3400
2020-06-12 09:47:36.69,11686.45,11610,3390,11615,9992,11605,3390,11600,3400
2020-06-12 09:47:37.68,11686.45,11610,3390,11615,6659,11605,3390,11600,3400
2020-06-12 09:47:38.74,11686.45,11610,3390,11615,6659,11605,3390,11600,3400
2020-06-12 09:47:39.30,11686.45,11615,4690,11620,8692,11605,3390,11600,6421
2020-06-12 09:47:40.35,11686.45,11615,4690,11620,8692,11605,1390,11600,3400
2020-06-12 09:47:41.41,11686.45,11610,3390,11615,4690,11605,1390,11600,3400
2020-06-12 09:47:42.47,11686.45,11615,4690,11620,8692,11605,1390,11600,6421
2020-06-12 09:47:46.16,11687.3,11615,4690,11620,8692,11605,1390,11600,6421
2020-06-12 09:47:49.92,11687.3,11615,4690,11620,8692,11605,1390,11600,6471
2020-06-12 09:47:50.30,11687.3,11615,4690,11620,8692,11605,1390,11600,6471
2020-06-12 09:47:51.48,11687.3,11615,4690,11620,8692,11605,1390,11600,6471
2020-06-12 09:47:54.64,11688.24,11615,4690,11620,8692,11605,1370,11600,6471
2020-06-12 09:47:55.72,11688.24,11615,4290,11620,5359,11605,1370,11600,6471
2020-06-12 09:47:56.75,11688.24,11615,4690,11620,8692,11610,79,11605,1370
2020-06-12 09:47:59.42,11688.24,11615,4690,11620,8692,11605,1370,11600,6471
2020-06-12 09:48:01.01,11688.24,11615,4690,11620,8692,11605,1370,11600,6471
2020-06-12 09:48:03.79,11688.24,11615,4690,11620,5359,11605,1370,11600,6471
2020-06-12 09:48:05.69,11688.16,11615,4690,11620,5359,11605,1370,11600,6471
2020-06-12 09:48:06.83,11688.16,11615,4690,11620,8692,11605,1370,11600,6471
2020-06-12 09:48:07.88,11688.16,11615,4690,11620,5359,11605,1370,11600,6471
2020-06-12 09:48:08.91,11688.16,11615,4690,11620,5359,11605,1370,11600,6471
2020-06-12 09:48:09.99,11688.16,11615,4690,11620,8692,11605,1370,11600,6471
2020-06-12 09:48:13.55,11688.16,11615,4690,11620,5359,11605,1370,11600,6471
2020-06-12 09:48:13.91,11688.16,11615,4690,11620,5359,11605,1370,11600,6471
2020-06-12 09:48:15.09,11689.9,11615,4690,11620,8692,11605,1370,11600,6471
2020-06-12 09:48:16.30,11689.9,11610,3311,11615,4690,11605,1370,11600,6471
2020-06-12 09:48:17.51,11689.9,11615,4690,11620,8692,11605,1370,11600,6471
2020-06-12 09:48:18.58,11689.9,11615,4690,11620,8692,11605,1370,11600,3450
2020-06-12 09:48:19.59,11689.9,11615,4690,11620,8692,11605,1420,11600,6471
2020-06-12 09:48:20.69,11689.9,11615,3390,11620,5359,11605,1420,11600,6471
2020-06-12 09:48:21.75,11689.9,11615,4690,11620,5359,11610,3420,11605,1420
2020-06-12 09:48:22.81,11689.9,11615,3390,11620,5359,11610,3420,11605,1420
2020-06-12 09:48:23.86,11689.9,11615,4590,11620,5359,11610,3420,11605,1420
2020-06-12 09:48:24.89,11689.92,11615,3390,11620,5359,11610,3420,11605,1420
2020-06-12 09:48:25.90,11689.92,11615,3690,11620,5359,11610,3420,11605,1420
2020-06-12 09:48:26.20,11689.92,11615,4690,11620,5359,11610,3420,11605,1420
2020-06-12 09:48:27.10,11689.92,11615,3390,11620,5359,11610,3420,11605,4283
2020-06-12 09:48:27.90,11689.92,11615,3390,11620,5359,11610,3420,11605,1420
2020-06-12 09:48:29.13,11689.92,11615,3390,11620,3390,11610,3420,11605,4283
2020-06-12 09:48:29.60,11689.92,11620,3390,11625,8613,11615,2847,11610,3420
2020-06-12 09:48:30.72,11689.92,11620,4690,11625,8613,11615,2847,11610,3420
2020-06-12 09:48:31.79,11689.92,11620,4690,11625,8613,11610,3420,11605,4283
2020-06-12 09:48:34.30,11689.92,11620,4690,11625,5280,11615,2847,11610,3420
2020-06-12 09:48:35.39,11694.0,11620,3390,11625,5280,11615,2847,11610,3420
2020-06-12 09:48:35.89,11694.0,11625,3311,11630,8692,11615,2847,11610,3420
2020-06-12 09:48:37.00,11694.0,11625,4611,11630,8692,11615,2847,11610,3420
2020-06-12 09:48:38.05,11694.0,11620,3390,11625,6580,11615,2847,11610,3420
2020-06-12 09:48:39.08,11694.0,11620,3390,11625,4611,11615,2847,11610,3420
2020-06-12 09:48:40.17,11694.0,11625,4611,11630,8692,11615,2847,11610,6441
2020-06-12 09:48:41.22,11694.0,11625,3311,11630,5359,11620,3390,11615,2847
2020-06-12 09:48:41.80,11694.0,11625,4611,11630,5359,11615,2847,11610,6441
2020-06-12 09:48:42.78,11694.0,11625,4611,11630,8692,11615,2847,11610,6441
2020-06-12 09:48:44.77,11694.0,11625,4611,11630,8692,11615,2847,11610,6441
2020-06-12 09:48:45.80,11695.37,11625,4611,11630,5359,11615,2847,11610,6441
2020-06-12 09:48:47.50,11695.37,11630,3390,11635,8692,11620,3390,11615,5710
2020-06-12 09:48:48.55,11695.37,11630,4690,11635,8692,11620,3390,11615,5710
2020-06-12 09:48:48.89,11695.37,11625,3311,11630,4690,11620,3390,11615,2847
2020-06-12 09:48:50.12,11695.37,11630,4690,11635,8692,11620,3390,11615,5710
2020-06-12 09:48:50.69,11695.37,11630,3390,11635,5359,11625,3390,11620,3390
2020-06-12 09:48:51.69,11695.37,11635,3390,11640,8613,11625,3390,11620,6411
2020-06-12 09:48:52.73,11695.37,11630,3390,11635,6659,11625,3390,11620,3390
2020-06-12 09:48:53.75,11695.37,11630,3390,11635,6659,11625,3390,11620,3390
2020-06-12 09:48:54.09,11695.37,11635,4690,11640,8613,11625,3390,11620,6411
2020-06-12 09:48:54.89,11706.85,11635,3390,11640,8613,11625,3390,11620,6411
2020-06-12 09:48:55.84,11706.85,11635,4690,11640,8613,11625,3390,11620,6411
2020-06-12 09:48:56.90,11706.85,11635,4690,11640,8613,11625,3390,11620,3390
2020-06-12 09:48:57.50,11706.85,11630,3390,11635,6659,11625,3390,11620,3390
2020-06-12 09:48:58.43,11706.85,11630,4690,11635,6659,11620,3390,11615,5710
2020-06-12 09:49:00.56,11706.85,11630,4690,11635,6659,11620,3390,11615,5710
2020-06-12 09:49:01.60,11706.85,11630,4690,11635,6659,11625,3390,11620,3390
2020-06-12 09:49:02.57,11706.85,11630,4690,11635,6659,11625,3390,11620,3390
2020-06-12 09:49:02.99,11706.85,11630,1300,11635,6659,11625,3390,11620,3390
2020-06-12 09:49:03.90,11706.85,11635,4690,11640,8613,11625,3390,11620,6411
2020-06-12 09:49:06.44,11717.93,11635,4690,11640,5280,11625,3390,11620,6411
2020-06-12 09:49:07.52,11717.93,11635,4690,11640,8613,11625,3390,11620,6411
2020-06-12 09:49:11.14,11717.93,11635,3390,11640,8613,11625,3390,11620,6411
2020-06-12 09:49:12.25,11717.93,11640,3311,11645,8692,11630,3390,11625,6253
2020-06-12 09:49:13.32,11717.93,11640,4611,11645,5359,11630,3390,11625,6253
2020-06-12 09:49:13.80,11717.93,11640,4611,11645,8692,11630,3390,11625,6253
2020-06-12 09:49:14.83,11717.93,11640,4611,11645,8692,11630,3390,11625,6253
2020-06-12 09:49:15.91,11727.32,11635,3390,11640,6580,11630,3390,11625,3390
2020-06-12 09:49:16.95,11727.32,11635,3390,11640,6580,11630,3390,11625,3390
2020-06-12 09:49:18.52,11727.32,11640,4611,11645,8692,11630,3390,11625,6253
2020-06-12 09:49:21.19,11727.32,11640,4611,11645,5359,11635,3420,11630,3390
2020-06-12 09:49:21.83,11727.32,11640,3411,11645,5359,11635,3420,11630,3390
2020-06-12 09:49:22.72,11727.32,11645,3390,11650,8693,11635,3420,11630,6411
2020-06-12 09:49:23.81,11727.32,11645,4690,11650,8693,11635,3420,11630,6411
2020-06-12 09:49:26.40,11738.15,11645,4690,11650,8693,11635,3420,11630,6411
2020-06-12 09:49:29.65,11738.15,11645,3390,11650,5360,11640,2847,11635,3420
2020-06-12 09:49:30.70,11738.15,11645,4690,11650,5360,11640,2847,11635,3420
2020-06-12 09:49:31.76,11738.15,11645,4690,11650,8693,11635,3420,11630,6411
2020-06-12 09:49:32.81,11738.15,11645,3390,11650,5360,11640,2847,11635,3420
2020-06-12 09:49:33.31,11738.15,11645,4690,11650,5360,11640,2847,11635,3420
2020-06-12 09:49:34.89,11737.99,11645,4690,11650,5360,11635,3420,11630,6411
2020-06-12 09:49:35.98,11737.99,11645,4690,11650,5360,11635,3420,11630,6411
2020-06-12 09:49:36.50,11737.99,11645,4690,11650,8693,11635,3408,11630,6411
2020-06-12 09:49:37.56,11737.99,11645,4690,11650,8693,11635,3408,11630,3390
2020-06-12 09:49:38.60,11737.99,11645,3390,11650,5360,11640,2847,11635,3408
2020-06-12 09:49:39.09,11737.99,11645,4690,11650,5360,11635,3408,11630,6411
2020-06-12 09:49:40.82,11737.99,11645,4690,11650,5360,11640,3390,11635,3408
2020-06-12 09:49:41.82,11737.99,11650,3391,11655,8613,11640,3390,11635,6271
2020-06-12 09:49:42.79,11737.99,11650,4691,11655,5280,11640,3390,11635,6271
2020-06-12 09:49:43.81,11737.99,11650,4691,11655,8613,11640,3390,11635,6271
2020-06-12 09:49:47.52,11740.49,11650,4691,11655,5280,11640,3390,11635,6271
2020-06-12 09:49:48.01,11740.49,11650,4691,11655,5280,11640,3390,11635,6271
2020-06-12 09:49:49.07,11740.49,11650,3391,11655,5280,11645,3390,11640,3390
2020-06-12 09:49:49.60,11740.49,11650,3391,11655,5280,11645,3390,11640,3390
2020-06-12 09:49:50.60,11740.49,11650,4691,11655,5280,11645,3390,11640,3390
2020-06-12 09:49:51.58,11740.49,11650,3391,11655,5280,11645,3390,11640,3390
2020-06-12 09:49:52.74,11740.49,11650,3391,11655,5280,11645,3390,11640,3390
2020-06-12 09:49:53.74,11740.49,11650,3391,11655,5280,11645,2550,11640,3390
2020-06-12 09:49:54.26,11740.49,11650,3391,11655,3311,11645,2550,11640,6411
2020-06-12 09:49:55.91,11739.59,11650,1,11655,3311,11645,2550,11640,6411
2020-06-12 09:49:56.93,11739.59,11650,1,11655,3311,11645,2550,11640,6411
2020-06-12 09:49:58.41,11739.59,11650,1301,11655,3311,11645,2550,11640,6411
2020-06-12 09:49:59.57,11739.59,11650,5191,11655,3311,11645,2550,11640,3390
2020-06-12 09:50:00.61,11739.59,11650,5191,11655,5280,11640,3390,11635,6271
2020-06-12 09:50:01.67,11739.59,11650,5191,11655,3311,11645,2550,11640,6411
2020-06-12 09:50:03.10,11739.59,11650,5191,11655,3311,11645,2550,11640,6411
2020-06-12 09:50:04.28,11739.59,11650,5191,11655,3311,11645,2550,11640,3390
2020-06-12 09:50:05.31,11739.71,11650,5191,11655,5280,11640,3390,11635,6271
2020-06-12 09:50:05.83,11739.71,11650,5191,11655,3311,11645,3390,11640,3379
2020-06-12 09:50:06.88,11739.71,11650,5191,11655,3311,11640,6400,11635,6271
2020-06-12 09:50:07.91,11739.71,11650,5191,11655,5280,11640,3379,11635,6271
2020-06-12 09:50:11.08,11739.71,11645,3390,11650,5191,11640,3379,11635,6271
2020-06-12 09:50:12.09,11739.71,11645,4690,11650,5191,11640,3379,11635,6271
2020-06-12 09:50:12.50,11739.71,11645,4690,11650,5191,11635,3408,11630,6411
2020-06-12 09:50:14.66,11739.71,11645,4690,11650,7160,11635,3408,11630,6411
2020-06-12 09:50:15.69,11739.17,11645,4690,11650,10493,11635,3408,11630,6411
2020-06-12 09:50:16.22,11739.17,11645,4690,11650,7160,11635,3408,11630,6411
2020-06-12 09:50:18.40,11739.17,11645,4690,11650,5191,11635,3408,11630,6411
2020-06-12 09:50:19.68,11739.17,11645,5190,11650,5191,11635,3408,11630,6411
2020-06-12 09:50:21.53,11739.17,11645,5190,11650,5191,11640,3379,11635,6271
2020-06-12 09:50:23.67,11739.17,11650,5191,11655,5280,11640,3379,11635,6271
2020-06-12 09:50:25.29,11742.69,11645,2777,11650,7160,11640,3379,11635,6271
2020-06-12 09:50:26.34,11742.69,11645,4177,11650,5860,11635,3408,11630,6411
2020-06-12 09:50:26.89,11742.69,11645,4177,11650,3891,11640,3379,11635,6271
2020-06-12 09:50:27.84,11742.69,11645,4124,11650,3891,11640,3379,11635,6271
2020-06-12 09:50:29.29,11742.69,11645,2724,11650,3891,11640,3379,11635,6271
2020-06-12 09:50:30.57,11742.69,11645,3324,11650,3891,11640,3379,11635,6271
2020-06-12 09:50:30.96,11742.69,11645,3263,11650,3891,11640,3380,11635,6271
2020-06-12 09:50:31.88,11742.69,11645,4063,11650,3891,11640,3380,11635,3408
2020-06-12 09:50:32.78,11742.69,11645,4063,11650,3891,11640,3380,11635,6271
2020-06-12 09:50:33.78,11742.69,11645,3263,11650,3891,11640,3380,11635,6571
2020-06-12 09:50:34.82,11742.69,11645,3063,11650,3891,11640,3368,11635,6571
2020-06-12 09:50:35.86,11743.53,11645,2663,11650,3891,11640,3368,11635,6571
2020-06-12 09:50:36.89,11743.53,11650,3891,11655,5280,11640,3368,11635,6571
2020-06-12 09:50:37.42,11743.53,11650,3891,11655,5280,11645,3390,11640,3368
2020-06-12 09:50:38.59,11743.53,11650,501,11655,3311,11645,3390,11640,6389
2020-06-12 09:50:39.70,11743.53,11655,4711,11660,8692,11645,3390,11640,6390
2020-06-12 09:50:40.68,11743.53,11655,4711,11660,5359,11650,3390,11645,3390
2020-06-12 09:50:42.73,11743.53,11660,3390,11665,7965,11650,3390,11645,6253
2020-06-12 09:50:43.79,11743.53,11655,3311,11660,6759,11650,3390,11645,6253
2020-06-12 09:50:44.77,11747.95,11655,3311,11660,4790,11650,3390,11645,6253
2020-06-12 09:50:45.91,11747.95,11660,4790,11665,7965,11650,3390,11645,6253
2020-06-12 09:50:46.94,11747.95,11660,4790,11665,4632,11655,3390,11650,3390
2020-06-12 09:50:48.02,11747.95,11665,2663,11670,8692,11655,3390,11650,6411
2020-06-12 09:50:48.52,11747.95,11665,4063,11670,8692,11655,3390,11650,6411
2020-06-12 09:50:52.22,11747.95,11665,4063,11670,5359,11660,3408,11655,3390
2020-06-12 09:50:53.66,11747.95,11665,2663,11670,5359,11660,3408,11655,3390
2020-06-12 09:50:54.58,11747.95,11665,2663,11670,5359,11660,3408,11655,3390
2020-06-12 09:50:55.59,11749.49,11665,4063,11670,5359,11655,3390,11650,6411
2020-06-12 09:50:56.59,11749.49,11665,4063,11670,8692,11655,3390,11650,6411
2020-06-12 09:50:57.61,11749.49,11660,3390,11665,6032,11650,3390,11645,6253
2020-06-12 09:50:58.65,11749.49,11660,4790,11665,4632,11650,3390,11645,6253
2020-06-12 09:51:00.73,11749.49,11660,4790,11665,4632,11655,3390,11650,6411
2020-06-12 09:51:01.20,11749.49,11660,4790,11665,4632,11650,3390,11645,6253
2020-06-12 09:51:02.29,11749.49,11660,4790,11665,7965,11650,3390,11645,6253
2020-06-12 09:51:04.85,11754.46,11660,4790,11665,7965,11650,3379,11645,6253
2020-06-12 09:51:07.01,11754.46,11655,3311,11660,6759,11645,3390,11640,6390
2020-06-12 09:51:07.49,11754.46,11655,4711,11660,4490,11650,3379,11645,3390
2020-06-12 09:51:08.59,11754.46,11655,4711,11660,4490,11650,3379,11645,6253
2020-06-12 09:51:08.99,11754.46,11660,4490,11665,7965,11650,3379,11645,6253
2020-06-12 09:51:10.18,11754.46,11660,4790,11665,7965,11650,3379,11645,6253
2020-06-12 09:51:11.76,11754.46,11655,3311,11660,6759,11650,3379,11645,6253
2020-06-12 09:51:12.81,11754.46,11655,4711,11660,6459,11645,3390,11640,6390
2020-06-12 09:51:13.87,11754.46,11655,4711,11660,4490,11650,3379,11645,3390
2020-06-12 09:51:14.29,11754.46,11655,4711,11660,4490,11650,3379,11645,6253
2020-06-12 09:51:15.43,11754.87,11660,4490,11665,7965,11650,3379,11645,6253
2020-06-12 09:51:16.48,11754.87,11660,4790,11665,7965,11650,3379,11645,6253
2020-06-12 09:51:17.99,11754.87,11660,4790,11665,4632,11655,3390,11650,3379
2020-06-12 09:51:19.13,11754.87,11660,4790,11665,4632,11655,3390,11650,3379
2020-06-12 09:51:20.19,11754.87,11660,4790,11665,7965,11650,3379,11645,6253
2020-06-12 09:51:21.26,11754.87,11660,4790,11665,4632,11650,3379,11645,6253
2020-06-12 09:51:22.32,11754.87,11660,4790,11665,2663,11655,3390,11650,6400
2020-06-12 09:51:23.36,11754.87,11660,3390,11665,2663,11655,3390,11650,6400
2020-06-12 09:51:23.82,11754.87,11660,4790,11665,2663,11655,3390,11650,6400
2020-06-12 09:51:24.97,11754.37,11660,100,11665,2663,11655,3390,11650,6400
2020-06-12 09:51:26.02,11754.37,11660,4790,11665,2663,11655,3390,11650,3379
2020-06-12 09:51:27.58,11754.37,11660,4790,11665,2663,11655,3390,11650,6400
2020-06-12 09:51:28.11,11754.37,11660,4790,11665,4632,11655,3390,11650,3379
2020-06-12 09:51:31.49,11754.37,11660,4790,11665,4632,11650,3379,11645,6253
2020-06-12 09:51:32.40,11754.37,11660,4790,11665,4632,11655,3390,11650,3379
2020-06-12 09:51:33.18,11754.37,11660,1400,11665,2663,11655,3390,11650,6400
2020-06-12 09:51:34.40,11754.37,11660,1400,11665,2663,11655,3378,11650,6400
2020-06-12 09:51:35.00,11755.87,11660,4790,11665,4632,11655,3378,11650,3379
2020-06-12 09:51:35.98,11755.87,11665,2663,11670,5359,11655,3378,11650,6400
2020-06-12 09:51:37.03,11755.87,11660,3390,11665,6032,11655,3378,11650,3379
2020-06-12 09:51:38.10,11755.87,11660,4790,11665,4632,11655,3378,11650,3379
2020-06-12 09:51:38.70,11755.87,11660,4790,11665,2663,11655,3378,11650,3379
2020-06-12 09:51:39.65,11755.87,11660,4790,11665,4632,11655,3378,11650,3379
2020-06-12 09:51:41.26,11755.87,11655,1326,11660,4390,11650,3379,11645,6253
2020-06-12 09:51:42.82,11755.87,11655,4637,11660,4390,11650,3379,11645,6253
2020-06-12 09:51:43.88,11755.87,11655,4637,11660,6359,11645,3390,11640,6390
2020-06-12 09:51:44.93,11755.87,11655,4637,11660,9692,11645,3390,11640,6390
2020-06-12 09:51:45.40,11758.12,11650,3390,11655,4637,11645,3390,11640,6390
2020-06-12 09:51:46.48,11758.12,11650,4790,11655,3311,11645,3390,11640,6390
2020-06-12 09:51:47.52,11758.12,11650,4790,11655,3311,11645,3390,11640,6390
2020-06-12 09:51:47.99,11758.12,11650,4790,11655,3311,11640,3369,11635,6271
2020-06-12 09:51:49.01,11758.12,11650,4790,11655,3311,11645,3390,11640,6390
2020-06-12 09:51:50.04,11758.12,11650,4790,11655,3311,11645,3390,11640,6390
2020-06-12 09:51:50.43,11758.12,11650,4790,11655,3311,11640,3369,11635,6271
2020-06-12 09:51:51.68,11758.12,11650,4790,11655,5280,11645,3390,11640,6390
2020-06-12 09:51:52.72,11758.12,11650,4790,11655,5280,11640,3369,11635,6271
2020-06-12 09:51:53.26,11758.12,11650,1400,11655,3311,11645,3390,11640,6390
2020-06-12 09:51:55.32,11746.2,11650,4790,11655,3311,11645,3390,11640,3369
2020-06-12 09:51:55.69,11746.2,11650,4790,11655,3311,11645,3390,11640,6390
2020-06-12 09:51:58.94,11746.2,11650,4790,11655,3311,11645,3390,11640,6390
2020-06-12 09:52:01.05,11746.2,11650,3390,11655,3311,11645,3390,11640,6390
2020-06-12 09:52:01.60,11746.2,11655,3311,11660,5359,11645,3390,11640,6390
2020-06-12 09:52:02.67,11746.2,11655,4711,11660,3390,11650,3379,11645,6253
2020-06-12 09:52:03.74,11746.2,11655,1352,11660,3390,11650,3379,11645,6253
2020-06-12 09:52:04.19,11746.2,11655,1359,11660,3390,11650,3368,11645,6253
2020-06-12 09:52:05.33,11745.84,11660,3390,11665,2663,11655,2878,11650,3368
2020-06-12 09:52:06.38,11745.84,11665,2663,11670,8692,11655,2878,11650,6389
2020-06-12 09:52:06.89,11745.84,11660,3390,11665,2663,11655,2878,11650,6389
2020-06-12 09:52:09.28,11745.84,11660,3390,11665,2663,11655,2878,11650,6389
2020-06-12 09:52:10.02,11745.84,11660,3390,11665,2663,11650,3368,11645,6253
2020-06-12 09:52:11.05,11745.84,11660,3390,11665,4632,11650,3368,11645,6253
2020-06-12 09:52:12.14,11745.84,11660,3390,11665,2663,11650,3368,11645,6253
2020-06-12 09:52:13.06,11745.84,11660,3390,11665,2663,11650,6389,11645,6253
2020-06-12 09:52:13.39,11745.84,11660,3390,11665,2663,11650,3368,11645,6253
2020-06-12 09:52:15.31,11748.53,11660,3390,11665,2663,11655,2878,11650,3368
2020-06-12 09:52:16.36,11748.53,11660,3390,11665,4632,11650,3368,11645,6253
2020-06-12 09:52:17.39,11748.53,11655,3311,11660,3390,11650,3368,11645,6253
2020-06-12 09:52:18.50,11748.53,11660,3390,11665,4632,11650,3368,11645,6253
2020-06-12 09:52:19.78,11748.53,11660,3390,11665,7965,11650,3368,11645,6253
2020-06-12 09:52:20.51,11748.53,11655,3311,11660,3390,11650,3368,11645,6253
2020-06-12 09:52:21.22,11748.53,11660,3390,11665,4632,11650,3368,11645,6253
2020-06-12 09:52:22.17,11748.53,11660,3390,11665,2663,11655,2878,11650,3368
2020-06-12 09:52:23.15,11748.53,11660,3390,11665,2663,11655,2878,11650,6389
2020-06-12 09:52:23.68,11748.53,11660,3390,11665,2663,11655,2878,11650,3368
2020-06-12 09:52:25.21,11749.99,11660,3311,11665,2663,11655,2928,11650,3368
2020-06-12 09:52:31.06,11749.99,11665,2663,11670,5359,11655,2928,11650,6389
2020-06-12 09:52:31.42,11749.99,11665,2663,11670,5359,11655,2928,11650,6389
2020-06-12 09:52:32.25,11749.99,11665,2663,11670,3390,11655,2928,11650,6389
2020-06-12 09:52:34.58,11748.63,11665,2663,11670,5359,11655,2916,11650,6389
2020-06-12 09:52:38.48,11748.63,11665,2663,11670,8692,11655,2916,11650,6389
2020-06-12 09:52:40.50,11748.63,11660,3311,11665,2663,11655,2916,11650,6389
2020-06-12 09:52:42.73,11748.63,11660,3311,11665,2663,11655,2916,11650,3368
2020-06-12 09:52:43.71,11748.63,11660,3311,11665,2663,11655,50,11650,3368
2020-06-12 09:52:44.23,11748.63,11660,3312,11665,4632,11655,50,11650,3368
2020-06-12 09:52:45.32,11748.63,11660,3312,11665,7965,11650,3368,11645,6253
2020-06-12 09:52:46.37,11751.27,11660,3312,11665,7965,11650,3368,11645,6253
2020-06-12 09:52:46.78,11751.27,11660,3312,11665,4632,11650,3368,11645,6253
2020-06-12 09:52:47.96,11751.27,11660,3312,11665,2663,11655,2866,11650,3368
2020-06-12 09:52:48.29,11751.27,11660,3312,11665,2663,11655,2866,11650,3368
2020-06-12 09:52:49.45,11751.27,11660,3312,11665,2663,11655,2866,11650,6389
2020-06-12 09:52:49.73,11751.27,11660,3312,11665,4632,11650,3368,11645,6253
2020-06-12 09:52:52.62,11751.27,11660,3312,11665,4632,11650,3368,11645,6253
2020-06-12 09:52:56.38,11749.08,11655,3311,11660,3312,11650,3368,11645,6253
2020-06-12 09:52:56.82,11749.08,11655,3311,11660,3312,11650,3368,11645,3390
2020-06-12 09:52:57.93,11749.08,11655,3311,11660,3312,11645,3390,11640,6390
2020-06-12 09:52:58.90,11749.08,11655,3311,11660,3312,11650,3368,11645,6253
2020-06-12 09:52:59.08,11749.08,11655,3311,11660,5281,11650,3368,11645,3390
2020-06-12 09:53:00.08,11749.08,11660,3312,11665,7965,11650,3368,11645,6253
2020-06-12 09:53:02.69,11749.08,11655,3311,11660,5281,11645,3390,11640,6390
2020-06-12 09:53:03.80,11749.08,11655,3311,11660,5281,11645,3390,11640,6390
2020-06-12 09:53:04.86,11749.08,11655,3311,11660,5281,11645,3379,11640,6390
2020-06-12 09:53:05.39,11749.56,11655,3311,11660,5281,11645,3379,11640,6390
2020-06-12 09:53:06.49,11749.56,11650,3390,11655,3311,11645,3379,11640,6390
2020-06-12 09:53:07.53,11749.56,11650,3390,11655,3311,11640,3369,11635,6271
2020-06-12 09:53:08.60,11749.56,11650,3390,11655,3311,11645,3379,11640,3369
2020-06-12 09:53:09.28,11749.56,11650,3390,11655,3311,11645,3379,11640,6390
2020-06-12 09:53:10.39,11749.56,11650,3390,11655,3311,11645,3379,11640,3369
2020-06-12 09:53:11.39,11749.56,11650,3390,11655,3311,11645,3379,11640,3369
2020-06-12 09:53:12.39,11749.56,11655,3311,11660,8614,11645,3380,11640,6390
2020-06-12 09:53:13.29,11749.56,11655,3311,11660,5281,11650,3368,11645,3380
2020-06-12 09:53:15.03,11750.56,11655,3311,11660,5281,11645,3380,11640,6390
2020-06-12 09:53:17.04,11750.56,11655,3311,11660,8614,11645,3380,11640,6390
2020-06-12 09:53:17.50,11750.56,11650,3390,11655,3311,11645,3380,11640,6390
2020-06-12 09:53:19.73,11750.56,11655,3311,11660,8614,11645,3380,11640,6390
2020-06-12 09:53:20.76,11750.56,11655,3311,11660,8614,11645,3380,11640,6390
2020-06-12 09:53:23.38,11750.56,11650,3390,11655,3311,11645,3380,11640,6390
2020-06-12 09:53:24.76,11749.07,11655,3311,11660,8614,11645,3380,11640,6390
2020-06-12 09:53:28.10,11749.07,11650,3390,11655,5280,11645,3380,11640,3369
2020-06-12 09:53:29.26,11749.07,11650,3390,11655,5280,11640,3369,11635,6271
2020-06-12 09:53:29.62,11749.07,11650,3390,11655,8613,11640,3369,11635,6271
2020-06-12 09:53:30.82,11749.07,11645,2663,11650,3390,11640,2,11635,3408
2020-06-12 09:53:31.88,11749.07,11645,2663,11650,5359,11640,2,11635,3408
2020-06-12 09:53:33.94,11749.07,11640,10,11645,2663,11635,3408,11630,5887
2020-06-12 09:53:34.99,11749.07,11645,2663,11650,3390,11640,2821,11635,6271
2020-06-12 09:53:35.46,11749.21,11645,2663,11650,3390,11640,2821,11635,6271
2020-06-12 09:53:36.54,11749.21,11645,2663,11650,3390,11640,2821,11635,3408
2020-06-12 09:53:37.10,11749.21,11645,2663,11650,3390,11635,3408,11630,5887
2020-06-12 09:53:38.13,11749.21,11645,2663,11650,5359,11635,3408,11630,5887
2020-06-12 09:53:39.13,11749.21,11640,3390,11645,2663,11635,3408,11630,5887
2020-06-12 09:53:39.40,11749.21,11645,2663,11650,8692,11635,3408,11630,5887
2020-06-12 09:53:40.25,11749.21,11640,3390,11645,2663,11635,3408,11630,5887
2020-06-12 09:53:41.30,11749.21,11640,3390,11645,2663,11630,2866,11625,6231
2020-06-12 09:53:42.32,11749.21,11640,3390,11645,2663,11635,3408,11630,5887
2020-06-12 09:53:43.33,11749.21,11640,3390,11645,4632,11630,2866,11625,6231
2020-06-12 09:53:43.80,11749.21,11640,3390,11645,4632,11630,2866,11625,6231
2020-06-12 09:53:46.31,11741.8,11640,3390,11645,2663,11635,3408,11630,5887
2020-06-12 09:53:47.13,11741.8,11640,3390,11645,4632,11630,2866,11625,6231
2020-06-12 09:53:48.14,11741.8,11640,3390,11645,2663,11635,3408,11630,5887
2020-06-12 09:53:49.50,11741.8,11645,2663,11650,8692,11635,3408,11630,5887
2020-06-12 09:53:51.28,11741.8,11640,3390,11645,2663,11635,3408,11630,5887
2020-06-12 09:53:51.80,11741.8,11645,2663,11650,8692,11635,3408,11630,5887
2020-06-12 09:53:52.86,11741.8,11645,2663,11650,8692,11635,3408,11630,5887
2020-06-12 09:53:53.91,11741.8,11640,3311,11645,2663,11635,3408,11630,2866
2020-06-12 09:53:54.94,11741.8,11640,3311,11645,4632,11630,2866,11625,6231
2020-06-12 09:53:55.92,11740.07,11640,3311,11645,4632,11630,2866,11625,6231
2020-06-12 09:53:58.12,11740.07,11635,3311,11640,3311,11630,2866,11625,6231
2020-06-12 09:53:58.62,11740.07,11640,3311,11645,7965,11630,2866,11625,6231
2020-06-12 09:54:02.79,11740.07,11635,3311,11640,3311,11630,2866,11625,6231
2020-06-12 09:54:03.90,11740.07,11640,3311,11645,7965,11630,2855,11625,6231
2020-06-12 09:54:04.91,11740.07,11635,3311,11640,3311,11630,2855,11625,6231
2020-06-12 09:54:05.40,11738.98,11635,3311,11640,3311,11630,2855,11625,6231
2020-06-12 09:54:06.49,11738.98,11635,3311,11640,3311,11630,2855,11625,6231
2020-06-12 09:54:10.18,11738.98,11635,3311,11640,3311,11625,6231,11620,6401
2020-06-12 09:54:11.24,11738.98,11635,3311,11640,5280,11630,2855,11625,6231
2020-06-12 09:54:13.89,11738.98,11635,3311,11640,3311,11630,2855,11625,6231
2020-06-12 09:54:14.49,11738.98,11635,3311,11640,3311,11630,2855,11625,6231
2020-06-12 09:54:15.44,11735.18,11640,3311,11645,7965,11630,2855,11625,6231
2020-06-12 09:54:16.49,11735.18,11640,3311,11645,7965,11630,2855,11625,6231
2020-06-12 09:54:16.92,11735.18,11640,3311,11645,7965,11630,2855,11625,6231
2020-06-12 09:54:18.28,11735.18,11640,3311,11645,4632,11630,2855,11625,6231
2020-06-12 09:54:19.16,11735.18,11640,3311,11645,2663,11635,3408,11630,5876
2020-06-12 09:54:20.60,11735.18,11645,2663,11650,8692,11635,3408,11630,5876
2020-06-12 09:54:22.22,11735.18,11640,3311,11645,2663,11635,3408,11630,5876
2020-06-12 09:54:23.33,11735.18,11645,2663,11650,8692,11635,3408,11630,5876
2020-06-12 09:54:24.91,11733.53,11640,3311,11645,2663,11635,3408,11630,5876
2020-06-12 09:54:25.52,11733.53,11645,2663,11650,8692,11635,3408,11630,5876
2020-06-12 09:54:27.42,11733.53,11640,3311,11645,2663,11635,3408,11630,5876
2020-06-12 09:54:27.77,11733.53,11645,2663,11650,8692,11635,3408,11630,5876
2020-06-12 09:54:29.62,11733.53,11645,2663,11650,5359,11635,3408,11630,5876
2020-06-12 09:54:31.50,11733.53,11645,2663,11650,5359,11635,3408,11630,5876
2020-06-12 09:54:33.28,11733.53,11645,2663,11650,3390,11640,2809,11635,3408
2020-06-12 09:54:33.89,11733.53,11650,3390,11655,8613,11640,2809,11635,6271
2020-06-12 09:54:35.86,11733.38,11650,3390,11655,5280,11645,3379,11640,2809
2020-06-12 09:54:36.25,11733.38,11655,3311,11660,8614,11645,3379,11640,5830
2020-06-12 09:54:40.62,11733.38,11650,3390,11655,5280,11645,3379,11640,2809
2020-06-12 09:54:41.20,11733.38,11650,3390,11655,5280,11640,2809,11635,6271
2020-06-12 09:54:42.18,11733.38,11650,3390,11655,5280,11640,2809,11635,6271
2020-06-12 09:54:43.21,11733.38,11650,3390,11655,8613,11640,2809,11635,6271
2020-06-12 09:54:52.18,11734.12,11650,3390,11655,5280,11645,3379,11640,2809
2020-06-12 09:54:52.49,11734.12,11650,3390,11655,3311,11645,3379,11640,5830
2020-06-12 09:54:53.77,11734.12,11655,3311,11660,8614,11645,3379,11640,5830
2020-06-12 09:54:55.88,11735.77,11650,3390,11655,5280,11645,3379,11640,2809
2020-06-12 09:54:56.94,11735.77,11650,3390,11655,5280,11640,2809,11635,6271
2020-06-12 09:54:58.90,11735.77,11650,3390,11655,5280,11645,3379,11640,2809
2020-06-12 09:55:00.10,11735.77,11650,3390,11655,3311,11645,3379,11640,5830
2020-06-12 09:55:00.58,11735.77,11650,3390,11655,3311,11645,3379,11640,2809
2020-06-12 09:55:01.66,11735.77,11650,3390,11655,5280,11640,2809,11635,6271
2020-06-12 09:55:03.16,11735.77,11650,3390,11655,5280,11640,2798,11635,6271
2020-06-12 09:55:04.33,11735.77,11650,3390,11655,5280,11645,3379,11640,2798
2020-06-12 09:55:05.89,11737.72,11650,3390,11655,5280,11640,2798,11635,6271
2020-06-12 09:55:06.96,11737.72,11650,3390,11655,5280,11640,2798,11635,6271
2020-06-12 09:55:08.88,11737.72,11650,3390,11655,5280,11645,3379,11640,2798
2020-06-12 09:55:10.28,11737.72,11650,3390,11655,3311,11645,3379,11640,5819
2020-06-12 09:55:13.70,11737.72,11650,3390,11655,5280,11645,3379,11640,2798
2020-06-12 09:55:14.08,11737.72,11650,3390,11655,3311,11645,3379,11640,2798
2020-06-12 09:55:14.89,11739.21,11650,3390,11655,3311,11645,3379,11640,5819
2020-06-12 09:55:16.22,11739.21,11650,3390,11655,3311,11645,3379,11640,2798
2020-06-12 09:55:17.45,11739.21,11650,3390,11655,3311,11645,3379,11640,5819
2020-06-12 09:55:17.69,11739.21,11650,3390,11655,3311,11645,3379,11640,5819
2020-06-12 09:55:19.89,11739.21,11655,3311,11660,8614,11645,3379,11640,5819
2020-06-12 09:55:20.67,11739.21,11655,3311,11660,8614,11645,3379,11640,5819
2020-06-12 09:55:21.61,11739.21,11650,3390,11655,3311,11645,3379,11640,5819
2020-06-12 09:55:23.23,11739.21,11655,3311,11660,8614,11645,3379,11640,5819
2020-06-12 09:55:24.28,11739.21,11650,3390,11655,3311,11645,3379,11640,5819
2020-06-12 09:55:24.68,11739.21,11655,3311,11660,8614,11645,3379,11640,5819
2020-06-12 09:55:26.22,11745.05,11655,3311,11660,5281,11645,3379,11640,5819
2020-06-12 09:55:27.43,11745.05,11655,3311,11660,8614,11645,3379,11640,5819
2020-06-12 09:55:28.50,11745.05,11650,3390,11655,3311,11645,3379,11640,5819
2020-06-12 09:55:29.51,11745.05,11655,3311,11660,8614,11645,3379,11640,5819
2020-06-12 09:55:31.10,11745.05,11650,3390,11655,5280,11640,2798,11635,6271
2020-06-12 09:55:33.70,11745.05,11650,3390,11655,5280,11640,2786,11635,6271
2020-06-12 09:55:34.78,11745.05,11650,3390,11655,8613,11640,2786,11635,6271
2020-06-12 09:55:35.70,11743.96,11650,3390,11655,5280,11640,2786,11635,6271
2020-06-12 09:55:39.29,11743.96,11650,3390,11655,8613,11640,2786,11635,6271
2020-06-12 09:55:40.02,11743.96,11650,3390,11655,8613,11640,2786,11635,6271
2020-06-12 09:55:42.18,11743.96,11650,3390,11655,5280,11640,2786,11635,6271
2020-06-12 09:55:43.08,11743.96,11650,3390,11655,5280,11645,3379,11640,2786
2020-06-12 09:55:44.58,11743.96,11650,3390,11655,5280,11640,2786,11635,6271
2020-06-12 09:55:46.05,11747.85,11650,3390,11655,8613,11640,2786,11635,6271
2020-06-12 09:55:47.88,11747.85,11650,3390,11655,5280,11640,2786,11635,6271
2020-06-12 09:55:48.22,11747.85,11650,3390,11655,5280,11640,2786,11635,6271
2020-06-12 09:55:49.00,11747.85,11650,3390,11655,8613,11640,2786,11635,6271
2020-06-12 09:55:49.96,11747.85,11645,3390,11650,3390,11640,2786,11635,6271
2020-06-12 09:55:50.96,11747.85,11645,3390,11650,3390,11635,3408,11630,5876
2020-06-12 09:55:51.21,11747.85,11645,3390,11650,3390,11640,2786,11635,3408
2020-06-12 09:55:52.07,11747.85,11650,3390,11655,8613,11640,2786,11635,6271
2020-06-12 09:55:53.05,11747.85,11645,3258,11650,3390,11640,2786,11635,6271
2020-06-12 09:55:53.39,11747.85,11650,3390,11655,5280,11640,2786,11635,6271
2020-06-12 09:55:54.19,11747.85,11650,3390,11655,8613,11640,2786,11635,6271
2020-06-12 09:55:55.22,11747.38,11650,3390,11655,5280,11640,2786,11635,6271
2020-06-12 09:55:55.78,11747.38,11650,3104,11655,5280,11645,3379,11640,2786
2020-06-12 09:55:56.69,11747.38,11650,2869,11655,5280,11645,3379,11640,2786
2020-06-12 09:55:57.22,11747.38,11650,2777,11655,5280,11645,3379,11640,2786
2020-06-12 09:55:58.35,11747.38,11650,2777,11655,5280,11645,3379,11640,2786
2020-06-12 09:55:58.69,11747.38,11650,2459,11655,5280,11645,3379,11640,2786
2020-06-12 09:56:00.95,11747.38,11650,2459,11655,3311,11645,3379,11640,5807
2020-06-12 09:56:01.89,11747.38,11655,3311,11660,8614,11645,3379,11640,5807
2020-06-12 09:56:03.59,11747.38,11655,3311,11660,8614,11645,3368,11640,5807
2020-06-12 09:56:10.03,11749.71,11655,3311,11660,5281,11645,3368,11640,5807
2020-06-12 09:56:11.00,11749.71,11655,3311,11660,5281,11650,3368,11645,3368
2020-06-12 09:56:12.56,11749.71,11655,3311,11660,3312,11650,3368,11645,3368
2020-06-12 09:56:14.06,11749.71,11660,3312,11665,2726,11655,6166,11650,6389
2020-06-12 09:56:14.26,11749.71,11670,5359,11675,6644,11660,3407,11655,6166
2020-06-12 09:56:15.06,11754.16,11665,2726,11670,5359,11660,3407,11655,6166
2020-06-12 09:56:16.93,11754.16,11665,2726,11670,5359,11660,3407,11655,6166
2020-06-12 09:56:18.90,11754.16,11670,3390,11675,8613,11660,3407,11655,9029
2020-06-12 09:56:20.48,11754.16,11665,2726,11670,5359,11655,6166,11650,6389
2020-06-12 09:56:20.99,11754.16,11665,2726,11670,8692,11655,6166,11650,6389
2020-06-12 09:56:23.02,11754.16,11670,3390,11675,8613,11660,3407,11655,6166
2020-06-12 09:56:23.29,11754.16,11665,2726,11670,3390,11660,3407,11655,6166
2020-06-12 09:56:24.20,11754.16,11665,2726,11670,5359,11660,3407,11655,6166
2020-06-12 09:56:24.73,11754.16,11665,2726,11670,5359,11655,6166,11650,6389
2020-06-12 09:56:25.79,11754.67,11665,2726,11670,8692,11655,6166,11650,6389
2020-06-12 09:56:29.49,11754.67,11660,3311,11665,4695,11655,6166,11650,3368
2020-06-12 09:56:30.54,11754.67,11660,3311,11665,4695,11655,3311,11650,3368
2020-06-12 09:56:32.22,11754.67,11660,3311,11665,4695,11655,6154,11650,3368
2020-06-12 09:56:33.12,11754.67,11660,3311,11665,2726,11655,6154,11650,6389
2020-06-12 09:56:33.65,11754.67,11665,2726,11670,8692,11655,6154,11650,6389
2020-06-12 09:56:35.01,11757.37,11665,4695,11670,6723,11655,6154,11650,3368
2020-06-12 09:56:35.85,11757.37,11660,3311,11665,4695,11655,6154,11650,3368
2020-06-12 09:56:38.47,11757.37,11665,2726,11670,8692,11655,6154,11650,6389
2020-06-12 09:56:39.54,11757.37,11665,2726,11670,8692,11655,6154,11650,6389
2020-06-12 09:56:40.60,11757.37,11665,2726,11670,8692,11655,6154,11650,6390
2020-06-12 09:56:45.13,11758.25,11665,2726,11670,5359,11660,3407,11655,6154
2020-06-12 09:56:45.89,11758.25,11665,2726,11670,3390,11660,3407,11655,6154
2020-06-12 09:56:47.85,11758.25,11670,3390,11675,8613,11660,3407,11655,9017
2020-06-12 09:56:53.56,11758.25,11670,3390,11675,5280,11665,2865,11660,3407
2020-06-12 09:56:54.28,11762.75,11670,3390,11675,5280,11665,2865,11660,3407
2020-06-12 09:56:55.28,11762.75,11670,3390,11675,5280,11665,2865,11660,3407
2020-06-12 09:56:56.48,11762.75,11670,3390,11675,5280,11665,2865,11660,3407
2020-06-12 09:56:57.78,11762.75,11670,3390,11675,5280,11665,2865,11660,3407
2020-06-12 09:56:58.39,11762.75,11670,3390,11675,5280,11665,79,11660,3407
2020-06-12 09:56:59.42,11762.75,11670,3390,11675,8613,11665,79,11660,3407
2020-06-12 09:57:00.56,11762.75,11670,3390,11675,8613,11665,79,11660,3407
2020-06-12 09:57:01.29,11762.75,11670,3390,11675,8613,11665,79,11660,3407
2020-06-12 09:57:02.62,11762.75,11665,10,11670,3390,11660,3407,11655,9018
2020-06-12 09:57:03.02,11762.75,11670,3390,11675,5280,11665,2776,11660,3407
2020-06-12 09:57:04.23,11762.75,11670,3390,11675,5280,11660,3407,11655,9018
2020-06-12 09:57:04.48,11762.75,11670,3390,11675,8613,11660,3407,11655,9018
2020-06-12 09:57:05.27,11764.54,11665,2647,11670,5359,11660,3407,11655,6155
2020-06-12 09:57:07.35,11764.54,11665,2647,11670,8692,11655,6155,11650,6390
2020-06-12 09:57:08.36,11764.54,11665,2647,11670,8692,11655,6155,11650,6390
2020-06-12 09:57:08.61,11764.54,11665,2647,11670,8692,11655,6155,11650,6390
2020-06-12 09:57:09.24,11764.54,11665,2647,11670,5359,11660,3407,11655,6155
2020-06-12 09:57:10.45,11764.54,11665,2647,11670,8692,11655,6155,11650,6390
2020-06-12 09:57:11.50,11764.54,11665,2647,11670,5359,11660,3407,11655,6155
2020-06-12 09:57:12.61,11764.54,11665,2647,11670,5359,11655,6155,11650,6390
2020-06-12 09:57:13.61,11764.54,11665,2647,11670,8692,11655,6155,11650,6390
2020-06-12 09:57:15.03,11762.5,11665,2647,11670,5359,11655,6155,11650,6390
2020-06-12 09:57:15.81,11762.5,11665,2647,11670,5359,11655,6155,11650,6390
2020-06-12 09:57:16.84,11762.5,11665,2647,11670,8692,11655,6155,11650,6390
2020-06-12 09:57:18.42,11762.5,11665,2647,11670,8692,11655,6155,11650,6390
2020-06-12 09:57:20.42,11762.5,11660,3311,11665,2647,11655,6155,11650,6390
2020-06-12 09:57:21.58,11762.5,11660,3311,11665,4616,11655,3300,11650,3369
2020-06-12 09:57:22.03,11762.5,11660,3311,11665,4616,11655,6155,11650,6390
2020-06-12 09:57:24.75,11764.17,11660,3311,11665,7949,11655,3300,11650,3369
2020-06-12 09:57:25.78,11764.17,11660,3311,11665,7949,11655,3300,11650,3369
2020-06-12 09:57:26.20,11764.17,11660,3311,11665,4616,11655,3300,11650,3369
2020-06-12 09:57:28.28,11764.17,11660,3311,11665,4616,11655,6155,11650,3369
2020-06-12 09:57:29.42,11764.17,11660,3311,11665,2647,11655,6155,11650,6390
2020-06-12 09:57:29.73,11764.17,11660,3311,11665,2647,11655,6155,11650,3369
2020-06-12 09:57:30.40,11764.17,11660,3311,11665,2647,11655,6155,11650,6390
2020-06-12 09:57:31.74,11764.17,11665,2647,11670,8692,11655,6155,11650,6390
2020-06-12 09:57:32.54,11764.17,11665,2647,11670,5359,11660,3395,11655,6155
2020-06-12 09:57:36.13,11757.94,11665,2647,11670,3390,11660,3395,11655,6155
2020-06-12 09:57:36.73,11757.94,11670,3390,11675,8613,11660,3395,11655,9018
2020-06-12 09:57:39.52,11757.94,11665,2647,11670,3390,11660,3395,11655,6155
2020-06-12 09:57:40.44,11757.94,11665,2647,11670,5359,11655,6155,11650,6390
2020-06-12 09:57:41.48,11757.94,11665,2647,11670,5359,11660,3395,11655,6155
2020-06-12 09:57:43.52,11757.94,11665,2647,11670,5359,11660,3395,11655,6155
2020-06-12 09:57:44.65,11757.94,11665,2647,11670,5359,11655,6155,11650,6390
2020-06-12 09:57:45.66,11762.46,11665,2647,11670,8692,11655,6155,11650,6390
2020-06-12 09:57:46.11,11762.46,11660,3311,11665,4616,11655,3300,11650,3369
2020-06-12 09:57:47.25,11762.46,11660,3311,11665,4616,11655,6155,11650,3369
2020-06-12 09:57:48.32,11762.46,11660,3311,11665,2647,11655,6155,11650,6390
2020-06-12 09:57:49.36,11762.46,11660,3311,11665,2647,11655,6155,11650,3369
2020-06-12 09:57:49.75,11762.46,11660,3311,11665,2647,11655,6155,11650,3369
2020-06-12 09:57:50.93,11762.46,11660,3311,11665,2647,11655,6155,11650,3369
2020-06-12 09:57:51.39,11762.46,11660,3311,11665,4616,11655,6155,11650,3369
2020-06-12 09:57:52.49,11762.46,11660,3311,11665,2647,11655,6155,11650,6390
2020-06-12 09:57:53.57,11762.46,11665,2647,11670,8692,11655,6155,11650,6390
2020-06-12 09:57:53.97,11762.46,11665,2647,11670,8692,11655,6155,11650,6390
2020-06-12 09:57:55.11,11762.46,11665,2647,11670,5359,11660,3395,11655,6155
2020-06-12 09:57:55.42,11763.62,11665,2647,11670,5359,11660,3395,11655,9018
2020-06-12 09:57:56.22,11763.62,11665,2647,11670,3390,11660,3395,11655,9018
2020-06-12 09:57:56.78,11763.62,11665,2647,11670,5359,11660,3395,11655,6155
2020-06-12 09:57:58.83,11763.62,11665,2647,11670,3390,11660,3395,11655,9018
2020-06-12 09:57:59.19,11763.62,11665,2647,11670,3390,11660,3395,11655,9018
2020-06-12 09:58:00.45,11763.62,11660,3311,11665,2647,11655,6155,11650,6390
2020-06-12 09:58:00.83,11763.62,11665,2647,11670,5359,11660,3395,11655,9018
2020-06-12 09:58:02.03,11763.62,11660,2000,11665,2647,11655,6155,11650,6390
2020-06-12 09:58:02.39,11763.62,11665,2647,11670,5359,11655,6144,11650,6390
2020-06-12 09:58:03.59,11763.62,11665,2747,11670,5359,11655,6144,11650,6390
2020-06-12 09:58:03.83,11763.62,11665,2747,11670,8692,11655,6144,11650,6390
2020-06-12 09:58:04.67,11763.62,11660,3390,11665,2747,11655,3289,11650,3369
2020-06-12 09:58:05.73,11762.2,11660,3490,11665,4716,11655,3289,11650,3369
2020-06-12 09:58:06.23,11762.2,11660,3490,11665,2747,11655,3289,11650,3369
2020-06-12 09:58:07.30,11762.2,11660,3490,11665,4716,11655,3289,11650,3369
2020-06-12 09:58:07.59,11762.2,11660,3390,11665,2747,11655,6144,11650,6390
2020-06-12 09:58:08.36,11762.2,11665,2747,11670,5359,11655,6144,11650,6390
2020-06-12 09:58:10.43,11762.2,11665,2747,11670,8692,11655,6144,11650,6390
2020-06-12 09:58:11.50,11762.2,11660,3390,11665,2747,11655,6144,11650,6390
2020-06-12 09:58:12.53,11762.2,11660,3390,11665,2747,11655,6164,11650,6390
2020-06-12 09:58:14.89,11761.94,11665,2747,11670,8692,11655,6164,11650,6390
2020-06-12 09:58:17.89,11761.94,11665,2747,11670,8692,11660,10,11655,6164
2020-06-12 09:58:18.92,11761.94,11665,2747,11670,5359,11660,8,11655,6164
2020-06-12 09:58:19.35,11761.94,11665,2647,11670,3390,11660,3398,11655,6164
2020-06-12 09:58:20.45,11761.94,11665,2647,11670,3390,11660,3398,11655,6164
2020-06-12 09:58:20.85,11761.94,11670,3390,11675,8613,11660,3398,11655,9027
2020-06-12 09:58:22.01,11761.94,11670,3490,11675,8613,11660,3398,11655,9027
2020-06-12 09:58:22.35,11761.94,11665,2647,11670,3490,11660,3398,11655,9027
2020-06-12 09:58:23.62,11761.94,11670,3490,11675,8613,11660,3398,11655,9027
2020-06-12 09:58:23.95,11761.94,11670,3490,11675,5280,11660,3398,11655,9027
2020-06-12 09:58:25.21,11760.99,11670,3490,11675,5280,11660,3398,11655,9027
2020-06-12 09:58:27.80,11760.99,11670,3490,11675,5280,11660,3398,11655,9027
2020-06-12 09:58:28.90,11760.99,11670,3490,11675,8613,11660,3398,11655,9027
2020-06-12 09:58:29.32,11760.99,11665,2647,11670,3490,11660,3398,11655,9027
2020-06-12 09:58:30.46,11760.99,11665,2747,11670,3490,11660,8,11655,6164
2020-06-12 09:58:30.91,11760.99,11665,2747,11670,3490,11660,8,11655,6164
2020-06-12 09:58:33.05,11760.99,11660,4,11665,2747,11655,6164,11650,6390
2020-06-12 09:58:33.38,11760.99,11660,104,11665,2747,11655,6164,11650,6390
2020-06-12 09:58:34.13,11760.99,11660,3494,11665,2747,11655,6164,11650,6390
2020-06-12 09:58:35.19,11763.4,11660,3394,11665,2747,11655,6164,11650,6390
2020-06-12 09:58:35.65,11763.4,11660,3394,11665,2747,11655,6164,11650,6390
2020-06-12 09:58:36.80,11763.4,11660,3394,11665,2747,11655,6164,11650,6390
2020-06-12 09:58:37.18,11763.4,11660,3394,11665,2747,11655,6164,11650,6390
2020-06-12 09:58:38.30,11763.4,11660,3494,11665,4716,11655,6164,11650,3369
2020-06-12 09:58:38.61,11763.4,11660,3394,11665,2747,11655,6164,11650,6390
2020-06-12 09:58:39.36,11763.4,11660,3494,11665,2747,11655,6164,11650,6390
2020-06-12 09:58:40.38,11763.4,11660,3394,11665,4716,11655,3309,11650,6390
2020-06-12 09:58:40.58,11763.4,11660,3494,11665,4716,11655,3309,11650,3369
2020-06-12 09:58:44.17,11763.4,11660,3494,11665,4716,11655,3309,11650,3369
2020-06-12 09:58:45.11,11760.53,11660,3494,11665,8049,11655,3309,11650,3369
2020-06-12 09:58:46.24,11760.53,11660,4694,11665,2747,11655,2855,11650,4669
2020-06-12 09:58:46.50,11760.53,11660,1304,11665,2747,11655,2855,11650,7690
2020-06-12 09:58:47.24,11760.53,11660,4694,11665,2747,11655,2855,11650,7690
2020-06-12 09:58:48.28,11760.53,11660,4694,11665,2747,11655,2855,11650,4669
2020-06-12 09:58:48.63,11760.53,11660,4694,11665,4716,11655,2855,11650,4669
2020-06-12 09:58:49.45,11760.53,11660,4694,11665,2747,11655,2855,11650,4669
2020-06-12 09:58:50.18,11760.53,11660,4,11665,2747,11655,4155,11650,7690
2020-06-12 09:58:50.95,11760.53,11660,4,11665,2747,11655,4155,11650,7690
2020-06-12 09:58:51.95,11760.53,11665,3947,11670,5359,11660,3386,11655,4155
2020-06-12 09:58:53.15,11760.53,11665,1300,11670,3390,11660,3386,11655,7018
2020-06-12 09:58:54.10,11760.53,11665,1300,11670,3390,11660,4686,11655,7018
2020-06-12 09:58:54.49,11760.53,11665,1300,11670,3390,11660,3386,11655,7018
2020-06-12 09:58:55.70,11760.77,11665,1300,11670,3390,11660,3386,11655,7018
2020-06-12 09:58:58.10,11760.77,11665,1300,11670,3390,11660,3386,11655,7018
2020-06-12 09:58:58.84,11760.77,11665,3947,11670,3390,11660,3386,11655,7018
2020-06-12 09:58:59.85,11760.77,11665,3947,11670,3390,11660,3386,11655,4155
2020-06-12 09:59:00.40,11760.77,11665,3947,11670,3390,11660,3386,11655,7018
2020-06-12 09:59:01.48,11760.77,11665,3947,11670,5359,11660,3386,11655,7018
2020-06-12 09:59:02.10,11760.77,11660,11,11665,3947,11655,4155,11650,7690
2020-06-12 09:59:02.98,11760.77,11660,311,11665,3947,11655,4155,11650,7690
2020-06-12 09:59:03.98,11760.77,11660,11,11665,3947,11655,4155,11650,7690
2020-06-12 09:59:04.38,11760.77,11665,1300,11670,3390,11660,4675,11655,7018
2020-06-12 09:59:05.16,11760.43,11665,1100,11670,3390,11660,4675,11655,7018
2020-06-12 09:59:06.21,11760.43,11665,1300,11670,3390,11660,3375,11655,7018
2020-06-12 09:59:06.62,11760.43,11665,3947,11670,5359,11660,3375,11655,4155
2020-06-12 09:59:08.01,11760.43,11665,3947,11670,5359,11655,4155,11650,7690
2020-06-12 09:59:08.83,11760.43,11665,3947,11670,5359,11655,4155,11650,7690
2020-06-12 09:59:09.83,11760.43,11665,3947,11670,5359,11655,4155,11650,7690
2020-06-12 09:59:14.25,11760.43,11665,3947,11670,8692,11655,2855,11650,7690
2020-06-12 09:59:15.30,11762.62,11665,3947,11670,5359,11655,2855,11650,7690
2020-06-12 09:59:16.31,11762.62,11665,3947,11670,5359,11660,3375,11655,2855
2020-06-12 09:59:16.79,11762.62,11665,3947,11670,5359,11655,2855,11650,7690
2020-06-12 09:59:18.25,11762.62,11665,1300,11670,3390,11660,3375,11655,5718
2020-06-12 09:59:19.50,11762.62,11665,1188,11670,3390,11660,3375,11655,5718
2020-06-12 09:59:20.53,11762.62,11665,88,11670,3390,11660,3375,11655,5718
2020-06-12 09:59:21.11,11762.62,11670,3390,11675,8613,11660,3375,11655,5718
2020-06-12 09:59:22.45,11762.62,11670,4690,11675,8613,11660,3375,11655,5718
2020-06-12 09:59:24.45,11762.62,11670,4690,11675,5280,11665,2776,11660,3375
2020-06-12 09:59:25.34,11762.81,11670,4690,11675,5280,11660,3375,11655,5718
2020-06-12 09:59:26.40,11762.81,11670,4690,11675,5280,11665,2776,11660,3375
2020-06-12 09:59:26.74,11762.81,11670,3390,11675,5280,11665,2776,11660,3375
2020-06-12 09:59:28.53,11762.81,11675,3311,11680,8692,11665,2776,11660,6396
2020-06-12 09:59:28.73,11762.81,11675,4611,11680,8692,11665,2776,11660,6396
2020-06-12 09:59:31.15,11762.81,11675,4611,11680,8692,11665,2764,11660,6396
2020-06-12 09:59:35.41,11763.61,11670,3390,11675,6580,11660,3375,11655,5718
2020-06-12 09:59:35.85,11763.61,11670,4690,11675,6580,11660,3375,11655,5718
2020-06-12 09:59:36.93,11763.61,11670,4690,11675,6580,11660,3375,11655,5718
2020-06-12 09:59:39.43,11763.61,11670,4690,11675,6580,11665,2764,11660,3375
2020-06-12 09:59:40.58,11763.61,11670,3390,11675,6580,11665,2764,11660,3375
2020-06-12 09:59:41.74,11763.61,11670,3990,11675,4611,11665,2764,11660,3375
2020-06-12 09:59:41.97,11763.61,11670,3390,11675,6580,11665,2764,11660,3375
2020-06-12 09:59:43.83,11763.61,11670,4690,11675,6580,11660,3375,11655,5718
2020-06-12 09:59:44.90,11763.61,11670,3390,11675,4611,11665,2764,11660,3375
2020-06-12 09:59:48.68,11767.45,11670,4690,11675,6580,11665,2764,11660,3375
2020-06-12 09:59:49.55,11767.45,11670,4690,11675,6580,11660,3375,11655,5718
2020-06-12 09:59:49.92,11767.45,11670,4690,11675,4611,11665,2764,11660,3375
2020-06-12 09:59:50.55,11767.45,11675,4611,11680,8692,11665,2764,11660,6396
2020-06-12 09:59:51.72,11767.45,11675,4611,11680,5359,11665,2764,11660,6396
2020-06-12 09:59:52.17,11767.45,11675,3311,11680,3390,11670,3368,11665,5627
2020-06-12 09:59:53.31,11767.45,11675,26,11680,3390,11670,3368,11665,5627
2020-06-12 09:59:54.36,11767.45,11680,3390,11685,4616,11675,3368,11670,3368
2020-06-12 09:59:55.41,11768.96,11680,4690,11685,7949,11675,3368,11670,3368
2020-06-12 09:59:56.41,11768.96,11675,3368,11680,3390,11670,3368,11665,5627
2020-06-12 09:59:57.48,11768.96,11675,2000,11680,3390,11670,3368,11665,5627
2020-06-12 09:59:59.52,11768.96,11675,2000,11680,3390,11670,3368,11665,5627
2020-06-12 09:59:59.92,11768.96,11675,3300,11680,3390,11670,3368,11665,5627
2020-06-12 10:00:01.16,11768.96,11675,2000,11680,3390,11670,3368,11665,5627
2020-06-12 10:00:01.51,11768.96,11680,4690,11685,4616,11670,3357,11665,5627
2020-06-12 10:00:03.72,11768.96,11680,4690,11685,7949,11670,3357,11665,5627
2020-06-12 10:00:04.80,11765.78,11680,4690,11685,4616,11670,3357,11665,5627
2020-06-12 10:00:05.29,11765.78,11680,4690,11685,4616,11675,3368,11670,3357
2020-06-12 10:00:07.43,11765.78,11680,4690,11685,4616,11670,3357,11665,5627
2020-06-12 10:00:09.53,11765.78,11680,4690,11685,4616,11670,3357,11665,5627
2020-06-12 10:00:13.00,11765.78,11675,3390,11680,4690,11670,3357,11665,5627
2020-06-12 10:00:14.28,11765.78,11670,3217,11675,3390,11665,2764,11660,6396
2020-06-12 10:00:14.71,11765.78,11675,3390,11680,8692,11665,2764,11660,6396
2020-06-12 10:00:15.85,11765.36,11675,3390,11680,8692,11665,2764,11660,6396
2020-06-12 10:00:16.82,11765.36,11675,3390,11680,8692,11665,2764,11660,6396
2020-06-12 10:00:17.95,11765.36,11670,3217,11675,5359,11660,3375,11655,5718
2020-06-12 10:00:21.10,11765.36,11665,3390,11670,3217,11660,3375,11655,5718
2020-06-12 10:00:22.01,11765.36,11670,3217,11675,8692,11660,3375,11655,5718
2020-06-12 10:00:22.49,11765.36,11665,3390,11670,3217,11660,3375,11655,5718
2020-06-12 10:00:23.73,11765.36,11665,3390,11670,5186,11655,2855,11650,7690
2020-06-12 10:00:25.29,11768.58,11665,3390,11670,3217,11660,3375,11655,5718
2020-06-12 10:00:25.74,11768.58,11665,3390,11670,3217,11660,3375,11655,5718
2020-06-12 10:00:27.21,11768.58,11665,3390,11670,5186,11660,3375,11655,5718
2020-06-12 10:00:28.44,11768.58,11665,3390,11670,8519,11655,2855,11650,7690
2020-06-12 10:00:31.55,11768.58,11660,2647,11665,5359,11655,2843,11650,7690
2020-06-12 10:00:32.61,11768.58,11655,1100,11660,2647,11650,4669,11645,6220
2020-06-12 10:00:33.66,11768.58,11655,1100,11660,2647,11650,3369,11645,6220
2020-06-12 10:00:34.69,11768.58,11660,2647,11665,3390,11655,2843,11650,6390
2020-06-12 10:00:35.74,11766.9,11655,2843,11660,2647,11650,3369,11645,6220
2020-06-12 10:00:36.77,11766.9,11655,5390,11660,2647,11650,3369,11645,6220
2020-06-12 10:00:37.82,11766.9,11655,5390,11660,7949,11645,3357,11640,5835
2020-06-12 10:00:38.88,11766.9,11650,3390,11655,5390,11645,3357,11640,5835
2020-06-12 10:00:39.94,11766.9,11650,3390,11655,5390,11645,3357,11640,5835
2020-06-12 10:00:40.99,11766.9,11655,5390,11660,4616,11645,3357,11640,5835
2020-06-12 10:00:42.03,11766.9,11655,5390,11660,7949,11645,3357,11640,5835
2020-06-12 10:00:44.50,11766.9,11655,5390,11660,7949,11645,3357,11640,5835
2020-06-12 10:00:45.72,11755.86,11650,3390,11655,5390,11645,3357,11640,5835
2020-06-12 10:00:46.73,11755.86,11655,5390,11660,7949,11645,3357,11640,5835
2020-06-12 10:00:47.28,11755.86,11650,3390,11655,7359,11645,3357,11640,5835
2020-06-12 10:00:48.33,11755.86,11655,5390,11660,4616,11645,3357,11640,5835
2020-06-12 10:00:49.78,11755.86,11655,5390,11660,2647,11645,3357,11640,5835
2020-06-12 10:00:50.95,11755.86,11655,5390,11660,2647,11645,3357,11640,5835
2020-06-12 10:00:51.48,11755.86,11655,5390,11660,4616,11645,3357,11640,5835
2020-06-12 10:00:52.51,11755.86,11655,5390,11660,2647,11645,3357,11640,5835
2020-06-12 10:00:53.09,11755.86,11655,5390,11660,4616,11645,3357,11640,5835
2020-06-12 10:00:54.09,11755.86,11655,5390,11660,4616,11645,3357,11640,5835
2020-06-12 10:00:54.69,11755.86,11650,3390,11655,5390,11645,3357,11640,5835
2020-06-12 10:00:55.67,11750.72,11650,3390,11655,5390,11645,3357,11640,5835
2020-06-12 10:00:56.70,11750.72,11650,3390,11655,5390,11645,3357,11640,5835
2020-06-12 10:00:57.12,11750.72,11650,3390,11655,5390,11645,3357,11640,5835
2020-06-12 10:00:59.49,11750.72,11650,3390,11655,7359,11640,2814,11635,6238
2020-06-12 10:01:00.41,11750.72,11650,3390,11655,10692,11640,2814,11635,6238
2020-06-12 10:01:01.52,11750.72,11650,3390,11655,10692,11640,2802,11635,6238
2020-06-12 10:01:02.58,11750.72,11650,3390,11655,10692,11640,2802,11635,6238
2020-06-12 10:01:03.22,11750.72,11645,3217,11650,5359,11635,3375,11630,5864
2020-06-12 10:01:04.39,11750.72,11645,3217,11650,5359,11635,3375,11630,5864
2020-06-12 10:01:05.75,11746.69,11645,3217,11650,8692,11635,2534,11630,5864
2020-06-12 10:01:06.89,11746.69,11640,3390,11645,3217,11635,2534,11630,5864
2020-06-12 10:01:08.09,11746.69,11640,3390,11645,3217,11635,2534,11630,5864
2020-06-12 10:01:09.09,11746.69,11640,3390,11645,3217,11635,2534,11630,5864
2020-06-12 10:01:11.14,11746.69,11645,3217,11650,5359,11635,2534,11630,5864
2020-06-12 10:01:12.17,11746.69,11645,3217,11650,3390,11635,2534,11630,5864
2020-06-12 10:01:13.23,11746.69,11645,3217,11650,5359,11635,2534,11630,5864
2020-06-12 10:01:14.65,11744.42,11650,3390,11655,10692,11635,2534,11630,5864
2020-06-12 10:01:15.86,11744.42,11650,3390,11655,10692,11640,2764,11635,5397
2020-06-12 10:01:16.90,11744.42,11650,3390,11655,7359,11640,2764,11635,5397
2020-06-12 10:01:17.51,11744.42,11650,3390,11655,7359,11645,3357,11640,2764
2020-06-12 10:01:18.48,11744.42,11650,3390,11655,7359,11640,2764,11635,5397
2020-06-12 10:01:19.54,11744.42,11650,3390,11655,5390,11645,3357,11640,5785
2020-06-12 10:01:20.95,11744.42,11655,5390,11660,7949,11645,3357,11640,5785
2020-06-12 10:01:23.18,11744.42,11655,5390,11660,7949,11645,3357,11640,5785
2020-06-12 10:01:23.57,11744.42,11650,3311,11655,5390,11645,3357,11640,5785
2020-06-12 10:01:24.81,11744.42,11655,5390,11660,7949,11645,3357,11640,5785
2020-06-12 10:01:25.18,11743.86,11650,3311,11655,5390,11645,3357,11640,5785
2020-06-12 10:01:27.49,11743.86,11650,3311,11655,7359,11640,2764,11635,5397
2020-06-12 10:01:28.52,11743.86,11650,3311,11655,7359,11640,2764,11635,5397
2020-06-12 10:01:29.57,11743.86,11650,3311,11655,5390,11640,2764,11635,5397
2020-06-12 10:01:30.62,11743.86,11650,3311,11655,7359,11640,2764,11635,5397
2020-06-12 10:01:31.09,11743.86,11650,3311,11655,7359,11640,2752,11635,5397
2020-06-12 10:01:32.20,11743.86,11650,3311,11655,10692,11640,2752,11635,5397
2020-06-12 10:01:32.68,11743.86,11645,3217,11650,3311,11640,2752,11635,5397
2020-06-12 10:01:33.77,11743.86,11650,3311,11655,5390,11640,2752,11635,5397
2020-06-12 10:01:34.82,11743.86,11650,3311,11655,5390,11645,3357,11640,2752
2020-06-12 10:01:35.26,11743.0,11650,3311,11655,5390,11645,3357,11640,5773
2020-06-12 10:01:36.43,11743.0,11650,3311,11655,10692,11640,2752,11635,5397
2020-06-12 10:01:36.83,11743.0,11645,3217,11650,3311,11640,2752,11635,5397
2020-06-12 10:01:39.22,11743.0,11650,3311,11655,7359,11640,2752,11635,5397
2020-06-12 10:01:40.11,11743.0,11650,3311,11655,7359,11645,3357,11640,2880
2020-06-12 10:01:41.16,11743.0,11645,3217,11650,3311,11640,2880,11635,5397
2020-06-12 10:01:43.27,11743.0,11645,3217,11650,5280,11640,128,11635,2534
2020-06-12 10:01:44.79,11744.25,11645,3217,11650,3311,11640,128,11635,2534
2020-06-12 10:01:45.88,11744.25,11640,3390,11645,3217,11635,2534,11630,5864
2020-06-12 10:01:46.92,11744.25,11640,3390,11645,5186,11630,2843,11625,6231
2020-06-12 10:01:47.97,11744.25,11640,3390,11645,3217,11635,3390,11630,5864
2020-06-12 10:01:49.02,11744.25,11640,3390,11645,3217,11635,3390,11630,5864
2020-06-12 10:01:49.52,11744.25,11645,3217,11650,5280,11635,3390,11630,5864
2020-06-12 10:01:50.56,11744.25,11645,3217,11650,8613,11635,3390,11630,5864
2020-06-12 10:01:51.63,11744.25,11640,3390,11645,3217,11635,3390,11630,5864
2020-06-12 10:01:52.63,11744.25,11640,3390,11645,5186,11630,2843,11625,6231
2020-06-12 10:01:53.09,11744.25,11640,3390,11645,3217,11630,2843,11625,6231
2020-06-12 10:01:54.22,11744.25,11640,3390,11645,5186,11630,2843,11625,6231
2020-06-12 10:01:55.33,11739.24,11640,3390,11645,3217,11635,3390,11630,2843
2020-06-12 10:01:56.89,11739.24,11645,3217,11650,8613,11635,3390,11630,5864
2020-06-12 10:01:57.94,11739.24,11640,3390,11645,3217,11635,3390,11630,5864
2020-06-12 10:01:58.98,11739.24,11645,3217,11650,5280,11635,3390,11630,5864
2020-06-12 10:02:00.03,11739.24,11640,3390,11645,3217,11635,3390,11630,5864
2020-06-12 10:02:00.51,11739.24,11640,3390,11645,8519,11630,2843,11625,6231
2020-06-12 10:02:01.59,11739.24,11640,3390,11645,8519,11630,2831,11625,6231
2020-06-12 10:02:02.67,11739.24,11640,3390,11645,5186,11630,2831,11625,6231
2020-06-12 10:02:03.65,11739.24,11640,3390,11645,3217,11630,2831,11625,6231
2020-06-12 10:02:04.15,11739.24,11640,3390,11645,3217,11635,3390,11630,5852
2020-06-12 10:02:05.29,11739.33,11645,3217,11650,8613,11635,3390,11630,5852
2020-06-12 10:02:05.89,11739.33,11640,3390,11645,3217,11635,3390,11630,5852
2020-06-12 10:02:06.87,11739.33,11645,3217,11650,8613,11635,3390,11630,5852
2020-06-12 10:02:10.07,11739.33,11640,3390,11645,3217,11635,3390,11630,5852
2020-06-12 10:02:11.07,11739.33,11640,3390,11645,5186,11630,2831,11625,6231
2020-06-12 10:02:12.12,11739.33,11645,3217,11650,8613,11635,3390,11630,5852
2020-06-12 10:02:13.12,11739.33,11640,3390,11645,5186,11630,2831,11625,6231
2020-06-12 10:02:14.20,11739.33,11640,3390,11645,3217,11630,5852,11625,6231
2020-06-12 10:02:14.62,11739.33,11640,3390,11645,3217,11635,3390,11630,5852
2020-06-12 10:02:15.78,11731.7,11640,3390,11645,5186,11635,3390,11630,5852
2020-06-12 10:02:16.85,11731.7,11640,3390,11645,5186,11635,3390,11630,5852
2020-06-12 10:02:17.85,11731.7,11640,3390,11645,3217,11635,3390,11630,5852
2020-06-12 10:02:18.32,11731.7,11645,3217,11650,5280,11635,3390,11630,5852
2020-06-12 10:02:19.48,11731.7,11645,3217,11650,8613,11635,3390,11630,5852
2020-06-12 10:02:19.91,11731.7,11645,3217,11650,5280,11635,3390,11630,5852
2020-06-12 10:02:21.05,11731.7,11645,3217,11650,5280,11640,2752,11635,3390
2020-06-12 10:02:22.07,11731.7,11645,3217,11650,5280,11635,3390,11630,5852
2020-06-12 10:02:24.73,11731.7,11640,3390,11645,3217,11635,3390,11630,5852
2020-06-12 10:02:25.08,11731.55,11645,3217,11650,8613,11635,3390,11630,5852
2020-06-12 10:02:26.27,11731.55,11645,3217,11650,5280,11635,3390,11630,5852
2020-06-12 10:02:27.32,11731.55,11645,3217,11650,5280,11640,2752,11635,3390
2020-06-12 10:02:27.79,11731.55,11645,3217,11650,5280,11635,3390,11630,5852
2020-06-12 10:02:28.88,11731.55,11645,3217,11650,3311,11635,3390,11630,5852
2020-06-12 10:02:29.26,11731.55,11645,3217,11650,3311,11640,2752,11635,3390
2020-06-12 10:02:30.90,11731.55,11645,3217,11650,3311,11640,2740,11635,3390
2020-06-12 10:02:31.38,11731.55,11650,3311,11655,10692,11640,2740,11635,6253
2020-06-12 10:02:32.49,11731.55,11650,3311,11655,7359,11645,3357,11640,2740
2020-06-12 10:02:32.99,11731.55,11650,3311,11655,10692,11640,2740,11635,6253
2020-06-12 10:02:34.08,11731.55,11650,3311,11655,10692,11640,2740,11635,6253
2020-06-12 10:02:35.14,11731.55,11645,3217,11650,5280,11640,2740,11635,3390
2020-06-12 10:02:35.64,11728.87,11645,3217,11650,5280,11635,3390,11630,5852
2020-06-12 10:02:36.71,11728.87,11645,3217,11650,3311,11635,3390,11630,5852
2020-06-12 10:02:37.77,11728.87,11645,3217,11650,3311,11635,3390,11630,5852
2020-06-12 10:02:38.11,11728.87,11645,3217,11650,3311,11640,2740,11635,3390
2020-06-12 10:02:39.28,11728.87,11650,3311,11655,10692,11640,2740,11635,6253
2020-06-12 10:02:42.59,11728.87,11645,3217,11650,3311,11640,2740,11635,6253
2020-06-12 10:02:44.62,11728.87,11650,3311,11655,10692,11640,2740,11635,6253
2020-06-12 10:02:45.00,11728.23,11650,3311,11655,7359,11645,3357,11640,5761
2020-06-12 10:02:46.23,11728.23,11655,5390,11660,7949,11645,3357,11640,5761
2020-06-12 10:02:47.48,11728.23,11655,5390,11660,7949,11645,3357,11640,5761
2020-06-12 10:02:48.34,11728.23,11655,7359,11660,5980,11645,3357,11640,5761
2020-06-12 10:02:49.39,11728.23,11650,3311,11655,7359,11640,2740,11635,6253
2020-06-12 10:02:49.99,11728.23,11650,3311,11655,10692,11640,2740,11635,6253
2020-06-12 10:02:53.40,11728.23,11645,3217,11650,5280,11640,2740,11635,6253
2020-06-12 10:02:54.30,11728.23,11645,3217,11650,3311,11640,2740,11635,6253
2020-06-12 10:02:55.22,11724.19,11650,3311,11655,10692,11640,2740,11635,6253
2020-06-12 10:02:56.99,11724.19,11650,3311,11655,7359,11645,3357,11640,2740
2020-06-12 10:02:57.97,11724.19,11650,3311,11655,10692,11640,2740,11635,6253
2020-06-12 10:02:59.02,11724.19,11650,3311,11655,7359,11645,3357,11640,2740
2020-06-12 10:02:59.58,11724.19,11650,3311,11655,7359,11640,2740,11635,6253
2020-06-12 10:03:00.55,11724.19,11650,3311,11655,10692,11640,2728,11635,6253
2020-06-12 10:03:01.64,11724.19,11645,3217,11650,5280,11635,3390,11630,5852
2020-06-12 10:03:02.69,11724.19,11645,3217,11650,5280,11635,3390,11630,5852
2020-06-12 10:03:03.10,11724.19,11645,3217,11650,5280,11640,2728,11635,3390
2020-06-12 10:03:04.30,11724.19,11645,3217,11650,5280,11640,2728,11635,3390
2020-06-12 10:03:05.35,11728.77,11645,3217,11650,3311,11640,2728,11635,6253
2020-06-12 10:03:05.86,11728.77,11650,3311,11655,7359,11640,2728,11635,6253
2020-06-12 10:03:06.92,11728.77,11650,3311,11655,7359,11645,3357,11640,2728
2020-06-12 10:03:07.91,11728.77,11650,3311,11655,10692,11640,2728,11635,6253
2020-06-12 10:03:08.28,11728.77,11650,3311,11655,10692,11640,2728,11635,6253
2020-06-12 10:03:09.03,11728.77,11650,3311,11655,7359,11640,2728,11635,6253
2020-06-12 10:03:10.05,11728.77,11645,3217,11650,3311,11640,2728,11635,6253
2020-06-12 10:03:11.08,11728.77,11645,3217,11650,3311,11640,2728,11635,6253
2020-06-12 10:03:11.50,11728.77,11645,3217,11650,5280,11635,3390,11630,5852
2020-06-12 10:03:12.69,11728.77,11645,3217,11650,3311,11640,2728,11635,3390
2020-06-12 10:03:13.67,11728.77,11645,3217,11650,3311,11640,2728,11635,3390
2020-06-12 10:03:14.23,11728.77,11650,3311,11655,10692,11640,2728,11635,3390
2020-06-12 10:03:15.33,11729.11,11645,3217,11650,3311,11640,2728,11635,6253
2020-06-12 10:03:15.75,11729.11,11650,3311,11655,10692,11640,2728,11635,6253
2020-06-12 10:03:16.89,11729.11,11645,3217,11650,3311,11640,2728,11635,3390
2020-06-12 10:03:17.95,11729.11,11645,3217,11650,3311,11640,2728,11635,3390
2020-06-12 10:03:18.48,11729.11,11650,3311,11655,10692,11640,2728,11635,6253
2020-06-12 10:03:20.03,11729.11,11650,3311,11655,7359,11640,2728,11635,6253
2020-06-12 10:03:21.11,11729.11,11650,3311,11655,5390,11645,3357,11640,2728
2020-06-12 10:03:21.62,11729.11,11655,5390,11660,7949,11645,3357,11640,5749
2020-06-12 10:03:22.71,11729.11,11650,3311,11655,5390,11645,3357,11640,2728
2020-06-12 10:03:23.76,11729.11,11650,3311,11655,7359,11645,3357,11640,2728
2020-06-12 10:03:24.78,11729.11,11655,5390,11660,7949,11645,3357,11640,5749
2020-06-12 10:03:25.85,11731.16,11655,5390,11660,7949,11645,3357,11640,5749
2020-06-12 10:03:26.32,11731.16,11655,5390,11660,4616,11645,3357,11640,5749
2020-06-12 10:03:27.46,11731.16,11655,5390,11660,7949,11645,3357,11640,5749
2020-06-12 10:03:27.95,11731.16,11650,3311,11655,5390,11645,3357,11640,2728
2020-06-12 10:03:29.03,11731.16,11650,3311,11655,7359,11640,2728,11635,6253
2020-06-12 10:03:30.62,11731.16,11650,3311,11655,7359,11640,2716,11635,6253
2020-06-12 10:03:33.16,11731.16,11650,3311,11655,7359,11645,3357,11640,2716
2020-06-12 10:03:34.73,11731.16,11650,3311,11655,7359,11645,3291,11640,2716
2020-06-12 10:03:35.82,11730.78,11645,4628,11650,3311,11640,2716,11635,6253
2020-06-12 10:03:36.88,11730.78,11645,4317,11650,5280,11640,2716,11635,3390
2020-06-12 10:03:37.52,11730.78,11645,4317,11650,5280,11635,3390,11630,5852
2020-06-12 10:03:40.01,11730.78,11645,4317,11650,5280,11640,2716,11635,3390
2020-06-12 10:03:40.38,11730.78,11645,4317,11650,5280,11635,3390,11630,5852
2020-06-12 10:03:41.61,11730.78,11645,4317,11650,8613,11635,3390,11630,5852
2020-06-12 10:03:41.99,11730.78,11645,4317,11650,5280,11635,3390,11630,5852
2020-06-12 10:03:43.18,11730.78,11645,4317,11650,5280,11635,3390,11630,5852
2020-06-12 10:03:44.77,11730.78,11645,4317,11650,8613,11635,3390,11630,5852
2020-06-12 10:03:45.21,11724.61,11645,3217,11650,3311,11640,2716,11635,3390
2020-06-12 10:03:46.35,11724.61,11650,3311,11655,10692,11640,2716,11635,6253
2020-06-12 10:03:47.35,11724.61,11650,3311,11655,10692,11645,100,11640,2716
2020-06-12 10:03:47.72,11724.61,11650,3311,11655,10692,11640,2716,11635,6253
2020-06-12 10:03:48.46,11724.61,11645,3217,11650,5280,11640,2716,11635,6253
2020-06-12 10:03:49.52,11724.61,11650,3311,11655,10692,11640,2716,11635,6253
2020-06-12 10:03:52.67,11724.61,11645,3217,11650,3311,11640,2716,11635,6253
2020-06-12 10:03:53.72,11724.61,11645,3217,11650,3311,11640,2716,11635,3390
2020-06-12 10:03:54.72,11727.91,11640,2647,11645,5186,11635,3390,11630,5852
2020-06-12 10:03:55.72,11727.91,11640,2647,11645,3217,11635,3390,11630,5852
2020-06-12 10:03:55.95,11727.91,11640,2647,11645,3217,11635,3390,11630,2831
2020-06-12 10:03:56.89,11727.91,11640,2647,11645,3217,11635,3390,11630,5852
2020-06-12 10:03:57.94,11727.91,11640,2647,11645,3217,11635,3390,11630,5852
2020-06-12 10:03:59.52,11727.91,11640,2647,11645,5186,11630,2831,11625,6231
2020-06-12 10:03:59.84,11727.91,11640,2647,11645,8519,11630,2831,11625,6231
2020-06-12 10:04:01.03,11727.91,11640,2647,11645,8519,11630,2819,11625,6231
2020-06-12 10:04:01.42,11727.91,11635,3390,11640,2647,11630,2819,11625,6231
2020-06-12 10:04:02.65,11727.91,11640,2647,11645,5186,11630,2819,11625,6231
2020-06-12 10:04:03.19,11727.91,11640,2647,11645,5186,11630,2819,11625,6231
2020-06-12 10:04:04.22,11727.91,11640,2647,11645,5186,11635,3390,11630,2819
2020-06-12 10:04:06.26,11721.15,11640,2647,11645,5186,11635,3390,11630,2819
2020-06-12 10:04:07.84,11721.15,11640,2647,11645,5186,11635,3390,11630,2819
2020-06-12 10:04:08.28,11721.15,11640,2647,11645,5186,11635,3390,11630,2819
2020-06-12 10:04:09.42,11721.15,11640,2647,11645,5186,11630,2819,11625,6231
2020-06-12 10:04:09.93,11721.15,11640,2647,11645,8519,11630,2819,11625,6231
2020-06-12 10:04:11.43,11721.15,11635,3390,11640,4616,11630,2819,11625,3368
2020-06-12 10:04:12.53,11721.15,11635,3390,11640,2647,11630,2819,11625,3368
2020-06-12 10:04:13.57,11721.15,11635,3390,11640,2647,11630,2819,11625,3368
2020-06-12 10:04:14.62,11721.15,11640,2647,11645,8519,11630,2819,11625,6231
2020-06-12 10:04:16.21,11721.99,11640,2647,11645,8519,11630,2819,11625,3368
2020-06-12 10:04:16.78,11721.99,11640,2647,11645,8519,11630,2819,11625,6231
2020-06-12 10:04:17.78,11721.99,11640,2647,11645,5186,11630,2819,11625,6231
2020-06-12 10:04:18.82,11721.99,11640,2647,11645,3217,11635,3390,11630,2819
2020-06-12 10:04:19.23,11721.99,11645,3217,11650,8613,11635,3390,11630,2819
2020-06-12 10:04:20.79,11721.99,11640,2647,11645,3217,11635,3390,11630,2819
2020-06-12 10:04:21.93,11721.99,11640,2647,11645,5186,11630,2819,11625,6231
2020-06-12 10:04:22.40,11721.99,11640,2647,11645,5186,11635,3390,11630,2819
2020-06-12 10:04:24.67,11721.99,11640,2647,11645,5186,11635,3390,11630,5840
2020-06-12 10:04:25.58,11723.65,11640,2647,11645,3217,11635,3390,11630,2819
2020-06-12 10:04:28.28,11723.65,11640,2647,11645,3217,11635,3390,11630,2819
2020-06-12 10:04:28.70,11723.65,11640,2647,11645,3217,11635,3390,11630,2819
2020-06-12 10:04:30.99,11723.65,11640,2647,11645,5186,11630,2819,11625,6231
2020-06-12 10:04:33.03,11723.65,11640,2647,11645,3217,11635,3390,11630,2819
2020-06-12 10:04:34.62,11723.65,11640,2647,11645,5186,11630,2819,11625,6231
2020-06-12 10:04:36.23,11724.15,11640,2647,11645,8519,11630,2818,11625,6231
2020-06-12 10:04:36.59,11724.15,11635,3390,11640,2647,11630,2818,11625,6231
2020-06-12 10:04:37.81,11724.15,11635,3390,11640,4616,11630,2818,11625,3368
2020-06-12 10:04:38.23,11724.15,11635,3390,11640,4616,11625,3368,11620,6033
2020-06-12 10:04:39.39,11724.15,11630,3311,11635,3390,11625,3368,11620,6033
2020-06-12 10:04:39.69,11724.15,11630,3311,11635,3390,11625,3368,11620,6033
2020-06-12 10:04:41.48,11724.15,11635,3390,11640,7949,11625,3368,11620,6033
2020-06-12 10:04:43.56,11724.15,11635,3390,11640,7949,11625,3368,11620,6033
2020-06-12 10:04:44.20,11724.15,11630,3311,11635,5359,11620,3012,11615,5580
2020-06-12 10:04:48.18,11723.03,11630,3311,11635,5359,11625,3368,11620,3012
2020-06-12 10:04:49.40,11723.03,11635,3390,11640,7949,11625,3368,11620,6033
2020-06-12 10:04:49.82,11723.03,11635,3390,11640,4616,11625,3368,11620,6033
2020-06-12 10:04:50.98,11723.03,11635,3390,11640,4616,11630,2818,11625,3368
2020-06-12 10:04:51.48,11723.03,11635,3390,11640,4616,11625,3368,11620,6033
2020-06-12 10:04:52.57,11723.03,11630,3390,11635,3390,11625,3368,11620,6033
2020-06-12 10:04:55.23,11719.8,11630,3390,11635,3390,11620,3012,11615,5580
2020-06-12 10:04:56.82,11719.8,11630,3390,11635,3390,11620,3012,11615,5580
2020-06-12 10:04:57.26,11719.8,11630,3390,11635,5359,11620,3012,11615,5580
2020-06-12 10:04:58.29,11719.8,11630,3390,11635,3390,11620,3012,11615,5580
2020-06-12 10:04:58.59,11719.8,11630,3390,11635,5359,11620,3012,11615,5580
2020-06-12 10:04:59.37,11719.8,11630,3390,11635,3390,11620,3012,11615,5580
2020-06-12 10:05:00.40,11719.8,11630,3390,11635,3390,11625,3368,11620,3012
2020-06-12 10:05:00.90,11719.8,11625,5879,11630,3390,11620,3012,11615,5580
2020-06-12 10:05:02.08,11719.8,11625,5879,11630,5359,11620,3012,11615,2717
2020-06-12 10:05:02.73,11719.8,11625,5879,11630,3390,11620,3012,11615,5580
2020-06-12 10:05:05.22,11718.07,11630,3390,11635,8692,11620,3012,11615,5580
2020-06-12 10:05:06.27,11718.07,11630,3390,11635,5359,11620,3012,11615,5580
2020-06-12 10:05:07.35,11718.07,11630,2998,11635,3390,11625,2568,11620,3012
2020-06-12 10:05:08.36,11718.07,11630,2802,11635,3390,11620,3012,11615,5580
2020-06-12 10:05:08.85,11718.07,11630,2802,11635,5359,11620,3012,11615,5580
2020-06-12 10:05:09.94,11718.07,11630,2802,11635,3390,11625,2568,11620,6033
2020-06-12 10:05:11.52,11718.07,11630,2802,11635,5359,11620,3012,11615,5580
2020-06-12 10:05:11.99,11718.07,11630,2802,11635,5359,11620,3012,11615,5580
2020-06-12 10:05:14.05,11718.07,11630,2802,11635,3390,11620,3012,11615,5580
2020-06-12 10:05:14.39,11717.41,11630,2802,11635,5359,11620,3012,11615,5580
2020-06-12 10:05:15.08,11717.41,11630,2802,11635,5359,11620,6033,11615,5580
2020-06-12 10:05:15.72,11717.41,11630,2802,11635,5359,11620,3012,11615,5580
2020-06-12 10:05:16.75,11717.41,11630,2802,11635,3390,11620,3012,11615,5580
2020-06-12 10:05:17.17,11717.41,11630,2728,11635,5359,11620,3032,11615,5580
2020-06-12 10:05:20.42,11717.41,11630,2728,11635,8692,11620,3032,11615,5580
2020-06-12 10:05:22.62,11717.41,11625,3311,11630,2728,11620,3032,11615,5580
2020-06-12 10:05:24.87,11720.09,11630,2728,11635,8692,11620,3032,11615,5580
2020-06-12 10:05:25.78,11720.09,11630,2728,11635,5359,11620,3033,11615,5580
2020-06-12 10:05:26.68,11720.09,11625,3311,11630,2728,11620,3033,11615,2717
2020-06-12 10:05:27.79,11720.09,11625,3097,11630,4697,11620,22,11615,2717
2020-06-12 10:05:28.27,11720.09,11620,3217,11625,3097,11615,2717,11610,6455
2020-06-12 10:05:29.37,11720.09,11620,3080,11625,3097,11615,1,11610,3434
2020-06-12 10:05:30.41,11720.09,11625,3097,11630,8030,11615,2717,11610,6455
2020-06-12 10:05:32.02,11720.09,11625,3097,11630,4697,11615,2717,11610,6455
2020-06-12 10:05:34.32,11720.09,11625,3097,11630,2728,11620,3011,11615,2717
2020-06-12 10:05:36.18,11713.45,11625,3097,11630,4697,11615,2717,11610,6455
2020-06-12 10:05:37.79,11713.45,11625,3097,11630,4697,11615,2717,11610,6455
2020-06-12 10:05:38.15,11713.45,11620,3080,11625,3097,11615,2717,11610,6455
2020-06-12 10:05:40.35,11713.45,11620,3080,11625,5066,11615,1,11610,3434
2020-06-12 10:05:40.68,11713.45,11620,3080,11625,3097,11615,1,11610,3434
2020-06-12 10:05:41.48,11713.45,11620,3080,11625,3097,11615,2717,11610,6455
2020-06-12 10:05:42.28,11713.45,11620,3080,11625,3097,11615,2717,11610,6455
2020-06-12 10:05:44.48,11713.45,11625,3097,11630,4697,11615,2717,11610,6455
2020-06-12 10:05:45.69,11714.8,11625,3097,11630,8030,11615,2717,11610,6455
2020-06-12 10:05:46.69,11714.8,11620,3080,11625,3097,11615,2717,11610,6455
2020-06-12 10:05:47.88,11714.8,11625,3097,11630,4697,11615,2717,11610,6455
2020-06-12 10:05:49.91,11714.8,11625,3097,11630,2728,11615,2717,11610,6455
2020-06-12 10:05:50.98,11714.8,11630,2728,11635,8692,11620,3090,11615,5580
2020-06-12 10:05:52.02,11714.8,11630,2728,11635,8692,11620,3090,11615,5580
2020-06-12 10:05:54.15,11714.8,11630,2728,11635,8692,11620,3090,11615,5580
2020-06-12 10:05:55.19,11712.86,11625,2643,11630,2728,11620,3090,11615,5580
2020-06-12 10:05:55.82,11712.86,11625,2643,11630,2728,11620,3090,11615,5580
2020-06-12 10:05:56.77,11712.86,11625,2643,11630,2728,11620,3090,11615,5580
2020-06-12 10:05:58.83,11712.86,11625,2643,11630,2728,11620,3090,11615,5581
2020-06-12 10:06:00.35,11712.86,11625,2643,11630,4697,11620,3090,11615,5581
2020-06-12 10:06:01.44,11712.86,11625,2643,11630,8030,11620,79,11615,2718
2020-06-12 10:06:02.11,11712.86,11620,3080,11625,2643,11615,2718,11610,6455
2020-06-12 10:06:03.02,11712.86,11620,3080,11625,2643,11615,2718,11610,6455
2020-06-12 10:06:04.08,11712.86,11625,2643,11630,4697,11615,2718,11610,6455
2020-06-12 10:06:06.19,11709.16,11625,2643,11630,4697,11615,2718,11610,6455
2020-06-12 10:06:06.78,11709.16,11625,2643,11630,4697,11615,2718,11610,6455
2020-06-12 10:06:07.74,11709.16,11625,2643,11630,2728,11620,3011,11615,2718
2020-06-12 10:06:08.83,11709.16,11630,2728,11635,5359,11620,3011,11615,5581
2020-06-12 10:06:09.86,11709.16,11630,2728,11635,5359,11620,3011,11615,5581
2020-06-12 10:06:10.25,11709.16,11630,2728,11635,8692,11620,3011,11615,5581
2020-06-12 10:06:10.99,11709.16,11630,2728,11635,5359,11620,3011,11615,5581
2020-06-12 10:06:11.91,11709.16,11630,2728,11635,8692,11620,3011,11615,5581
2020-06-12 10:06:13.00,11709.16,11630,2728,11635,5359,11620,3011,11615,5581
2020-06-12 10:06:13.58,11709.16,11635,3390,11640,7949,11625,2568,11620,6032
2020-06-12 10:06:14.63,11709.16,11630,2728,11635,5359,11625,2568,11620,3011
2020-06-12 10:06:15.69,11705.71,11625,5211,11630,2728,11620,3011,11615,5581
2020-06-12 10:06:16.13,11705.71,11625,5211,11630,4697,11615,2718,11610,6456
2020-06-12 10:06:18.86,11705.71,11620,2980,11625,5211,11615,2718,11610,6456
2020-06-12 10:06:19.92,11705.71,11620,2980,11625,7180,11615,2718,11610,6456
2020-06-12 10:06:20.98,11705.71,11620,2980,11625,5211,11615,2718,11610,6456
2020-06-12 10:06:22.03,11705.71,11625,5211,11630,8030,11615,2718,11610,6456
2020-06-12 10:06:23.09,11705.71,11620,2980,11625,5211,11615,2718,11610,6456
2020-06-12 10:06:23.70,11705.71,11625,5211,11630,4697,11615,2717,11610,6457
2020-06-12 10:06:24.68,11705.71,11625,5211,11630,8030,11615,2717,11610,6457
2020-06-12 10:06:25.75,11701.93,11625,5211,11630,4697,11615,2717,11610,6457
2020-06-12 10:06:26.75,11701.93,11625,5211,11630,4697,11620,3011,11615,2717
2020-06-12 10:06:27.01,11701.93,11625,2568,11630,2728,11620,3011,11615,5580
2020-06-12 10:06:27.86,11701.93,11625,5211,11630,4697,11620,3011,11615,2717
2020-06-12 10:06:28.90,11701.93,11625,5211,11630,4697,11615,2717,11610,6457
2020-06-12 10:06:29.90,11701.93,11625,5211,11630,4697,11615,2717,11610,6457
2020-06-12 10:06:30.28,11701.93,11625,5211,11630,2728,11620,3011,11615,5580
2020-06-12 10:06:31.18,11701.93,11630,2728,11635,8692,11620,3011,11615,5580
2020-06-12 10:06:34.22,11701.93,11630,2728,11635,8692,11620,3011,11615,5580
2020-06-12 10:06:35.29,11699.94,11630,2728,11635,5359,11620,3011,11615,5580
2020-06-12 10:06:35.71,11699.94,11630,2728,11635,8692,11620,3011,11615,5580
2020-06-12 10:06:36.86,11699.94,11625,2643,11630,2728,11620,3011,11615,5580
2020-06-12 10:06:39.49,11699.94,11630,2728,11635,8692,11620,3011,11615,5580
2020-06-12 10:06:39.72,11699.94,11630,2728,11635,5359,11620,3011,11615,5580
2020-06-12 10:06:40.57,11699.94,11630,2728,11635,3390,11625,2568,11620,3011
2020-06-12 10:06:41.60,11699.94,11630,2728,11635,5359,11625,2568,11620,3011
2020-06-12 10:06:42.64,11699.94,11630,2728,11635,5359,11625,2568,11620,3011
2020-06-12 10:06:43.67,11699.94,11630,2728,11635,3390,11625,2568,11620,3011
2020-06-12 10:06:44.22,11699.94,11630,2728,11635,5359,11625,2568,11620,3011
2020-06-12 10:06:46.72,11701.89,11630,2728,11635,3390,11625,2568,11620,6032
2020-06-12 10:06:48.28,11701.89,11630,2728,11635,5359,11625,2568,11620,3011
2020-06-12 10:06:49.42,11701.89,11630,2728,11635,5359,11620,3011,11615,5580
2020-06-12 10:06:50.47,11701.89,11630,2728,11635,3390,11625,2568,11620,6032
2020-06-12 10:06:52.39,11701.89,11630,2728,11635,5359,11625,2568,11620,3011
2020-06-12 10:06:53.25,11701.89,11635,3390,11640,7949,11625,2568,11620,6032
2020-06-12 10:06:55.23,11701.56,11635,3390,11640,7949,11625,2568,11620,6032
2020-06-12 10:06:55.82,11701.56,11635,3390,11640,7949,11625,2568,11620,6032
2020-06-12 10:06:56.87,11701.56,11630,2674,11635,3195,11625,2568,11620,3011
2020-06-12 10:06:57.93,11701.56,11630,2192,11635,5164,11625,2568,11620,3011
2020-06-12 10:06:58.28,11701.56,11630,2192,11635,5164,11620,3011,11615,5580
2020-06-12 10:06:59.60,11701.56,11630,2192,11635,5164,11620,3012,11615,5580
2020-06-12 10:07:00.51,11701.56,11630,1982,11635,5164,11625,2568,11620,3012
2020-06-12 10:07:00.95,11701.56,11630,1803,11635,3195,11625,2568,11620,3012
2020-06-12 10:07:02.12,11701.56,11635,3195,11640,7949,11625,2568,11620,6033
2020-06-12 10:07:05.77,11706.82,11635,3195,11640,7949,11625,2568,11620,6033
2020-06-12 10:07:06.85,11706.82,11640,2647,11645,8282,11630,3390,11625,2668
2020-06-12 10:07:07.89,11706.82,11635,3195,11640,2647,11630,3390,11625,2668
2020-06-12 10:07:08.38,11706.82,11640,2647,11645,8282,11630,3390,11625,5531
2020-06-12 10:07:09.47,11706.82,11640,2647,11645,4949,11635,3390,11630,3390
2020-06-12 10:07:10.53,11706.82,11645,4949,11650,6723,11635,3390,11630,3390
2020-06-12 10:07:10.99,11706.82,11645,4949,11650,6723,11635,3390,11630,3390
2020-06-12 10:07:12.13,11706.82,11640,2647,11645,4949,11635,3390,11630,3390
2020-06-12 10:07:13.17,11706.82,11640,2647,11645,8282,11635,3390,11630,3390
2020-06-12 10:07:14.22,11706.82,11640,2460,11645,8282,11630,3390,11625,5531
2020-06-12 10:07:14.58,11706.82,11640,2460,11645,4949,11635,3390,11630,3390
2020-06-12 10:07:15.81,11711.7,11640,2460,11645,8282,11635,3390,11630,3390
2020-06-12 10:07:16.86,11711.7,11640,2460,11645,4949,11635,3390,11630,3390
2020-06-12 10:07:17.92,11711.7,11645,2980,11650,8692,11635,3390,11630,3390
2020-06-12 10:07:18.95,11711.7,11645,2980,11650,8692,11635,3390,11630,6411
2020-06-12 10:07:22.09,11711.7,11645,2980,11650,8692,11635,3386,11630,6411
2020-06-12 10:07:25.79,11711.68,11650,5359,11655,8723,11640,2716,11635,3386
2020-06-12 10:07:26.28,11711.68,11645,2980,11650,5359,11640,2716,11635,3386
2020-06-12 10:07:27.42,11711.68,11645,2980,11650,8692,11640,2716,11635,3386
2020-06-12 10:07:28.01,11711.68,11645,2980,11650,5359,11640,2716,11635,3386
2020-06-12 10:07:28.93,11711.68,11645,2980,11650,5359,11640,2716,11635,3386
2020-06-12 10:07:30.59,11711.68,11645,2980,11650,8692,11640,2716,11635,3386
2020-06-12 10:07:31.60,11711.68,11645,2980,11650,5359,11640,2716,11635,3386
2020-06-12 10:07:32.65,11711.68,11645,2980,11650,8692,11640,2716,11635,3386
2020-06-12 10:07:33.12,11711.68,11645,2980,11650,8692,11635,3386,11630,6411
2020-06-12 10:07:34.21,11711.68,11645,2980,11650,5359,11640,2716,11635,3386
2020-06-12 10:07:35.26,11713.16,11645,2980,11650,5359,11640,2716,11635,3386
2020-06-12 10:07:36.31,11713.16,11650,3390,11655,10692,11640,2716,11635,6249
2020-06-12 10:07:36.73,11713.16,11650,3390,11655,10692,11640,2716,11635,6249
2020-06-12 10:07:37.84,11713.16,11650,3390,11655,7359,11645,3011,11640,2716
2020-06-12 10:07:38.87,11713.16,11650,3390,11655,7359,11640,2716,11635,6249
2020-06-12 10:07:39.18,11713.16,11650,3390,11655,10692,11640,2716,11635,6249
2020-06-12 10:07:41.01,11713.16,11650,3390,11655,7359,11640,2716,11635,6249
2020-06-12 10:07:41.48,11713.16,11650,3390,11655,10692,11640,2716,11635,6249
2020-06-12 10:07:42.91,11713.16,11650,3390,11655,10692,11640,2716,11635,6249
2020-06-12 10:07:44.12,11713.16,11650,3390,11655,7359,11645,3011,11640,2716
2020-06-12 10:07:44.58,11713.16,11650,3390,11655,10692,11645,3011,11640,2716
2020-06-12 10:07:45.69,11715.86,11650,3390,11655,10692,11640,2716,11635,6249
2020-06-12 10:07:47.26,11715.86,11645,3390,11650,3390,11640,2716,11635,3386
2020-06-12 10:07:47.82,11715.86,11645,3203,11650,5359,11640,2716,11635,3386
2020-06-12 10:07:48.86,11715.86,11645,3203,11650,5359,11635,3386,11630,6411
2020-06-12 10:07:49.29,11715.86,11645,3203,11650,8692,11635,3386,11630,6411
2020-06-12 10:07:49.99,11715.86,11645,3203,11650,8692,11635,3386,11630,6411
2020-06-12 10:07:50.94,11715.86,11640,2980,11645,3203,11635,3386,11630,6411
2020-06-12 10:07:54.63,11715.86,11645,3203,11650,8692,11635,3386,11630,6411
2020-06-12 10:07:55.08,11714.35,11640,2980,11645,3203,11635,3386,11630,6411
2020-06-12 10:07:56.22,11714.35,11635,15,11640,2980,11630,3390,11625,5531
2020-06-12 10:07:56.58,11714.35,11635,15,11640,2980,11630,3390,11625,5531
2020-06-12 10:07:57.81,11714.35,11640,2980,11645,5172,11635,3386,11630,3390
2020-06-12 10:07:58.19,11714.35,11640,2980,11645,8505,11630,3390,11625,5531
2020-06-12 10:08:01.99,11714.35,11640,2980,11645,8505,11630,3390,11625,5531
2020-06-12 10:08:03.48,11714.35,11640,2980,11645,5172,11630,3390,11625,5531
2020-06-12 10:08:04.59,11714.35,11640,2980,11645,5172,11630,3390,11625,5531
2020-06-12 10:08:04.81,11712.18,11640,2980,11645,5172,11630,3390,11625,5531
2020-06-12 10:08:05.77,11712.18,11640,2980,11645,5172,11635,3386,11630,3390
2020-06-12 10:08:06.80,11712.18,11645,3203,11650,8692,11635,3386,11630,6411
2020-06-12 10:08:07.87,11712.18,11645,3203,11650,5359,11635,3386,11630,6411
2020-06-12 10:08:09.30,11712.18,11645,3203,11650,5359,11635,3386,11630,6411
2020-06-12 10:08:10.48,11712.18,11645,3203,11650,8692,11635,3386,11630,6411
2020-06-12 10:08:12.58,11712.18,11645,3203,11650,5359,11635,3386,11630,6411
2020-06-12 10:08:13.65,11712.18,11645,3203,11650,5359,11635,3386,11630,6411
2020-06-12 10:08:14.09,11712.18,11645,3203,11650,8692,11635,3386,11630,6411
2020-06-12 10:08:15.59,11710.65,11645,3203,11650,5359,11635,3386,11630,6411
2020-06-12 10:08:16.81,11710.65,11645,3203,11650,8692,11635,3386,11630,6411
2020-06-12 10:08:17.09,11710.65,11645,3203,11650,5359,11635,3386,11630,6411
2020-06-12 10:08:17.84,11710.65,11645,3203,11650,5359,11635,3386,11630,6411
2020-06-12 10:08:18.87,11710.65,11645,3203,11650,8692,11635,3386,11630,6411
2020-06-12 10:08:19.12,11710.65,11645,3203,11650,8692,11635,3386,11630,3390
2020-06-12 10:08:19.95,11710.65,11640,2980,11645,5172,11635,3386,11630,3390
2020-06-12 10:08:20.99,11710.65,11640,2792,11645,8505,11630,3390,11625,5531
2020-06-12 10:08:24.63,11710.65,11640,2792,11645,8505,11630,3375,11625,5531
2020-06-12 10:08:24.96,11715.17,11640,2792,11645,5172,11630,3375,11625,5531
2020-06-12 10:08:26.09,11715.17,11640,2792,11645,8505,11630,3375,11625,5531
2020-06-12 10:08:26.38,11715.17,11640,2792,11645,5172,11630,3375,11625,5531
2020-06-12 10:08:27.29,11715.17,11640,2792,11645,8505,11630,3375,11625,5531
2020-06-12 10:08:28.35,11715.17,11635,3390,11640,2792,11630,3375,11625,5531
2020-06-12 10:08:28.79,11715.17,11640,2792,11645,8505,11630,3375,11625,5531
2020-06-12 10:08:30.27,11715.17,11635,3390,11640,2792,11630,3375,11625,5531
2020-06-12 10:08:31.51,11715.17,11635,3390,11640,4761,11625,2668,11620,6412
2020-06-12 10:08:32.51,11715.17,11640,2792,11645,8505,11630,3375,11625,5531
2020-06-12 10:08:33.01,11715.17,11635,3390,11640,4761,11630,3375,11625,2668
2020-06-12 10:08:34.15,11715.17,11635,3390,11640,4761,11625,2668,11620,6412
2020-06-12 10:08:35.16,11716.44,11635,3390,11640,2792,11630,3375,11625,2668
2020-06-12 10:08:35.63,11716.44,11640,2792,11645,8505,11630,3375,11625,5531
2020-06-12 10:08:36.79,11716.44,11640,4092,11645,5172,11635,3386,11630,3375
2020-06-12 10:08:39.05,11716.44,11645,3203,11650,8692,11635,3386,11630,6396
2020-06-12 10:08:39.96,11716.44,11640,2792,11645,4503,11630,3375,11625,5531
2020-06-12 10:08:40.99,11716.44,11640,4092,11645,6472,11630,3375,11625,5531
2020-06-12 10:08:41.99,11716.44,11640,4092,11645,6472,11635,3386,11630,3375
2020-06-12 10:08:44.66,11716.44,11640,2792,11645,4503,11635,3386,11630,6396
2020-06-12 10:08:45.02,11717.22,11645,4503,11650,8692,11635,3386,11630,6396
2020-06-12 10:08:45.69,11717.22,11645,4503,11650,8692,11635,3386,11630,6396
2020-06-12 10:08:47.08,11717.22,11645,4503,11650,5359,11635,3386,11630,6396
2020-06-12 10:08:51.13,11717.22,11645,4503,11650,5359,11635,3386,11630,6396
2020-06-12 10:08:53.28,11717.22,11640,3904,11645,4503,11635,3371,11630,6396
2020-06-12 10:08:54.16,11717.22,11640,3904,11645,4503,11635,3371,11630,6396
2020-06-12 10:08:55.14,11721.22,11640,3904,11645,4503,11635,3371,11630,6396
2020-06-12 10:08:55.61,11721.22,11645,4503,11650,8692,11635,3371,11630,6396
2020-06-12 10:08:56.72,11721.22,11645,4503,11650,5359,11635,3371,11630,6396
2020-06-12 10:08:57.05,11721.22,11645,4503,11650,8692,11635,3371,11630,6396
2020-06-12 10:08:58.84,11721.22,11640,2604,11645,4503,11635,3371,11630,6396
2020-06-12 10:08:59.12,11721.22,11645,4503,11650,8692,11635,3371,11630,6396
2020-06-12 10:08:59.92,11721.22,11640,2604,11645,4503,11635,3371,11630,6396
2020-06-12 10:09:00.97,11721.22,11640,2604,11645,4503,11635,3371,11630,3375
2020-06-12 10:09:01.28,11721.22,11645,4503,11650,8692,11635,3371,11630,6396
2020-06-12 10:09:02.09,11721.22,11645,4503,11650,5359,11635,3371,11630,6396
2020-06-12 10:09:03.06,11721.22,11645,4503,11650,5359,11635,3371,11630,6396
2020-06-12 10:09:03.53,11721.22,11645,4503,11650,5359,11635,3371,11630,6396
2020-06-12 10:09:04.59,11721.22,11645,4503,11650,5359,11640,2716,11635,3371
2020-06-12 10:09:04.98,11718.06,11645,4503,11650,5359,11640,2716,11635,3371
2020-06-12 10:09:06.11,11718.06,11645,4503,11650,5359,11635,3371,11630,6396
2020-06-12 10:09:06.39,11718.06,11645,4503,11650,8692,11635,3371,11630,6396
2020-06-12 10:09:07.73,11718.06,11640,2604,11645,4503,11635,3371,11630,3375
2020-06-12 10:09:08.78,11718.06,11640,3904,11645,6472,11630,3375,11625,5531
2020-06-12 10:09:09.79,11718.06,11640,3904,11645,6472,11630,3375,11625,5531
2020-06-12 10:09:10.09,11718.06,11640,3904,11645,6472,11630,3375,11625,5531
2020-06-12 10:09:11.73,11718.06,11640,3904,11645,6472,11630,3375,11625,5531
2020-06-12 10:09:13.01,11718.06,11640,3904,11645,6472,11630,3375,11625,5531
2020-06-12 10:09:15.62,11719.84,11640,3904,11645,6472,11630,3375,11625,5531
2020-06-12 10:09:15.99,11719.84,11640,3904,11645,4503,11635,3371,11630,3375
2020-06-12 10:09:17.49,11719.84,11640,3902,11645,6472,11630,3375,11625,5531
2020-06-12 10:09:19.60,11719.84,11640,3902,11645,9805,11630,3375,11625,5531
2020-06-12 10:09:23.94,11719.84,11640,3902,11645,9805,11630,3360,11625,5531
2020-06-12 10:09:27.78,11717.33,11645,4503,11650,8692,11635,3371,11630,6381
2020-06-12 10:09:30.36,11717.33,11645,4503,11650,8692,11635,3371,11630,6381
2020-06-12 10:09:31.44,11717.33,11645,4503,11650,8692,11635,3371,11630,6381
2020-06-12 10:09:31.78,11717.33,11645,4503,11650,5359,11635,3371,11630,6381
2020-06-12 10:09:33.02,11717.33,11645,4503,11650,5359,11635,3371,11630,6381
2020-06-12 10:09:33.28,11717.33,11640,3390,11645,4503,11635,3371,11630,6381
2020-06-12 10:09:34.05,11717.33,11645,4503,11650,8692,11635,3371,11630,6381
2020-06-12 10:09:35.11,11718.68,11645,4503,11650,5359,11635,3371,11630,6381
2020-06-12 10:09:35.50,11718.68,11645,4503,11650,8692,11635,3371,11630,6381
2020-06-12 10:09:37.05,11718.68,11645,4503,11650,5359,11635,3371,11630,6381
2020-06-12 10:09:40.98,11718.68,11645,4503,11650,3390,11635,3371,11630,6381
2020-06-12 10:09:42.01,11718.68,11645,4503,11650,5359,11635,3371,11630,6381
2020-06-12 10:09:43.08,11718.68,11645,3203,11650,3390,11635,3371,11630,6381
2020-06-12 10:09:43.28,11718.68,11645,4503,11650,3390,11635,3371,11630,6381
2020-06-12 10:09:45.12,11718.68,11645,3203,11650,3390,11640,2716,11635,6234
2020-06-12 10:09:45.42,11721.87,11645,4503,11650,5359,11640,2716,11635,3371
2020-06-12 10:09:46.28,11721.87,11645,4503,11650,5359,11635,3373,11630,6381
2020-06-12 10:09:47.31,11721.87,11645,4503,11650,5359,11635,3373,11630,6381
2020-06-12 10:09:49.40,11721.87,11645,4503,11650,5359,11635,3373,11630,6381
2020-06-12 10:09:49.78,11721.87,11645,4503,11650,5359,11635,3373,11630,6381
2020-06-12 10:09:52.09,11721.87,11645,3203,11650,3390,11640,2701,11635,3373
2020-06-12 10:09:53.09,11721.87,11650,3390,11655,10692,11640,2701,11635,6236
2020-06-12 10:09:54.15,11721.87,11650,4690,11655,10692,11640,2701,11635,6236
2020-06-12 10:09:56.24,11724.63,11645,3203,11650,4690,11640,2701,11635,6236
2020-06-12 10:09:56.73,11724.63,11645,4403,11650,4690,11640,2701,11635,6236
2020-06-12 10:09:57.82,11724.63,11645,4403,11650,6659,11635,3373,11630,6381
2020-06-12 10:09:58.20,11724.63,11640,3390,11645,4403,11635,3373,11630,6381
2020-06-12 10:09:59.35,11724.63,11640,3390,11645,4403,11635,3373,11630,6381
2020-06-12 10:10:00.45,11724.63,11650,4690,11655,10692,11640,3390,11635,6236
2020-06-12 10:10:01.51,11724.63,11650,4690,11655,10692,11640,3390,11635,6236
2020-06-12 10:10:02.55,11724.63,11650,4690,11655,10692,11640,3390,11635,6236
2020-06-12 10:10:07.24,11723.48,11650,4690,11655,10692,11640,3390,11635,6236
2020-06-12 10:10:11.91,11723.48,11650,6659,11655,8723,11640,3390,11635,3373
2020-06-12 10:10:12.08,11723.48,11645,3015,11650,6659,11640,3390,11635,3373
2020-06-12 10:10:12.94,11723.48,11645,3015,11650,6659,11640,3390,11635,3373
2020-06-12 10:10:14.61,11723.48,11650,4690,11655,10692,11640,3390,11635,6236
2020-06-12 10:10:16.13,11724.7,11650,4690,11655,10692,11640,3390,11635,6236
2020-06-12 10:10:18.67,11724.7,11650,4690,11655,7359,11645,3390,11640,3390
2020-06-12 10:10:20.06,11724.7,11650,4611,11655,10692,11640,3390,11635,6236
2020-06-12 10:10:21.38,11724.7,11650,4611,11655,10692,11640,3375,11635,6236
2020-06-12 10:10:25.61,11725.44,11650,4611,11655,10692,11640,3375,11635,6236
2020-06-12 10:10:27.83,11725.44,11650,3311,11655,7359,11640,3375,11635,6236
2020-06-12 10:10:28.08,11725.44,11650,3311,11655,7359,11645,3390,11640,3375
2020-06-12 10:10:28.87,11725.44,11655,5390,11660,8692,11645,3390,11640,6396
2020-06-12 10:10:29.92,11725.44,11655,6689,11660,8692,11645,3390,11640,6396
2020-06-12 10:10:30.95,11725.44,11655,5389,11660,5359,11650,2568,11645,3390
2020-06-12 10:10:31.58,11725.44,11655,6689,11660,8692,11645,3390,11640,6396
2020-06-12 10:10:32.58,11725.44,11650,4610,11655,6689,11645,3390,11640,6396
2020-06-12 10:10:33.59,11725.44,11650,4421,11655,6689,11645,3390,11640,3375
2020-06-12 10:10:33.87,11725.44,11650,4421,11655,6689,11645,3390,11640,6396
2020-06-12 10:10:35.68,11722.84,11650,3121,11655,6689,11645,3390,11640,6396
2020-06-12 10:10:35.98,11722.84,11655,6689,11660,8692,11645,3390,11640,6396
2020-06-12 10:10:37.73,11722.84,11650,3121,11655,6689,11645,3390,11640,6396
2020-06-12 10:10:38.15,11722.84,11650,3121,11655,6689,11645,3390,11640,3375
2020-06-12 10:10:39.37,11722.84,11655,6689,11660,8692,11645,3390,11640,6396
2020-06-12 10:10:39.60,11722.84,11655,5389,11660,8692,11645,3390,11640,6396
2020-06-12 10:10:40.42,11722.84,11655,1999,11660,5359,11650,2568,11645,6253
2020-06-12 10:10:41.46,11722.84,11655,1999,11660,3390,11650,2568,11645,6253
2020-06-12 10:10:42.51,11722.84,11660,4690,11665,4984,11655,3360,11650,2568
2020-06-12 10:10:43.09,11722.84,11660,4690,11665,4984,11650,2568,11645,6253
2020-06-12 10:10:44.12,11722.84,11660,3390,11665,4984,11655,3360,11650,2568
2020-06-12 10:10:45.13,11727.92,11660,3390,11665,4984,11655,3360,11650,2568
2020-06-12 10:10:46.20,11727.92,11660,3390,11665,4984,11650,2568,11645,6253
2020-06-12 10:10:46.48,11727.92,11660,3390,11665,4984,11655,3360,11650,2568
2020-06-12 10:10:48.30,11727.92,11660,3690,11665,4984,11650,2568,11645,6253
2020-06-12 10:10:48.66,11727.92,11665,3015,11670,8423,11655,3360,11650,5589
2020-06-12 10:10:49.85,11727.92,11665,4315,11670,8423,11655,3360,11650,5589
2020-06-12 10:10:50.09,11727.92,11660,4490,11665,6284,11655,3345,11650,2568
2020-06-12 10:10:50.94,11727.92,11660,4490,11665,6284,11655,3345,11650,2568
2020-06-12 10:10:51.44,11727.92,11660,4490,11665,6284,11655,3345,11650,5589
2020-06-12 10:10:52.57,11727.92,11665,4315,11670,8423,11655,3345,11650,5589
2020-06-12 10:10:54.69,11727.92,11665,4315,11670,8423,11655,3345,11650,5589
2020-06-12 10:10:55.76,11737.15,11665,4315,11670,8423,11655,3345,11650,5589
2020-06-12 10:10:57.83,11737.15,11665,4315,11670,5090,11655,3345,11650,5589
2020-06-12 10:10:58.24,11737.15,11660,3390,11665,4315,11655,3345,11650,2568
2020-06-12 10:10:58.97,11737.15,11660,4690,11665,6284,11650,2568,11645,6253
2020-06-12 10:10:59.96,11737.15,11660,3390,11665,6284,11650,2568,11645,6253
2020-06-12 10:11:01.02,11737.15,11665,4315,11670,8423,11655,3345,11650,5589
2020-06-12 10:11:01.41,11737.15,11665,4315,11670,8423,11655,3345,11650,5589
2020-06-12 10:11:02.53,11737.15,11665,4315,11670,5090,11655,3345,11650,5589
2020-06-12 10:11:04.52,11737.15,11665,4315,11670,5090,11660,3371,11655,3345
2020-06-12 10:11:05.17,11740.67,11665,3015,11670,3121,11660,3371,11655,6208
2020-06-12 10:11:06.27,11740.67,11665,3015,11670,3121,11660,3371,11655,6208
2020-06-12 10:11:06.64,11740.67,11665,4315,11670,5090,11660,3371,11655,6208
2020-06-12 10:11:07.35,11740.67,11665,4125,11670,5090,11660,3371,11655,3345
2020-06-12 10:11:08.33,11740.67,11665,4125,11670,5090,11655,3345,11650,5589
2020-06-12 10:11:08.69,11740.67,11665,4125,11670,5090,11660,3371,11655,3345
2020-06-12 10:11:09.42,11740.67,11665,3025,11670,5090,11660,3371,11655,3345
2020-06-12 10:11:10.45,11740.67,11665,3025,11670,5090,11660,3371,11655,3345
2020-06-12 10:11:10.92,11740.67,11665,2825,11670,3121,11660,3371,11655,6208
2020-06-12 10:11:12.03,11740.67,11670,3121,11675,8692,11660,3371,11655,6208
2020-06-12 10:11:13.09,11740.67,11670,4421,11675,8692,11660,3371,11655,6208
2020-06-12 10:11:14.14,11740.67,11665,2825,11670,6390,11660,3371,11655,3345
2020-06-12 10:11:15.22,11747.53,11670,4421,11675,8692,11660,3371,11655,6208
2020-06-12 10:11:17.81,11747.53,11670,4421,11675,8692,11660,3371,11655,6208
2020-06-12 10:11:18.28,11747.53,11670,4421,11675,8692,11660,3371,11655,6208
2020-06-12 10:11:19.39,11747.53,11665,3390,11670,4421,11660,3356,11655,6208
2020-06-12 10:11:19.84,11747.53,11670,6390,11675,6723,11660,3356,11655,6208
2020-06-12 10:11:20.97,11747.53,11665,3390,11670,4421,11660,3356,11655,6208
2020-06-12 10:11:21.92,11747.53,11670,4421,11675,8692,11660,3356,11655,6208
2020-06-12 10:11:22.28,11747.53,11670,4421,11675,8692,11660,3356,11655,6208
2020-06-12 10:11:23.08,11747.53,11670,3121,11675,5359,11665,3375,11660,3356
2020-06-12 10:11:24.09,11747.53,11670,4421,11675,5359,11665,3375,11660,3356
2020-06-12 10:11:24.57,11747.53,11670,3121,11675,3390,11665,3375,11660,3356
2020-06-12 10:11:25.95,11750.05,11670,4421,11675,5359,11665,3375,11660,3356
2020-06-12 10:11:26.65,11750.05,11670,4421,11675,8692,11660,3356,11655,6208
2020-06-12 10:11:27.96,11750.05,11670,4421,11675,8692,11660,3356,11655,6208
2020-06-12 10:11:30.93,11750.05,11665,3390,11670,6390,11655,3345,11650,5589
2020-06-12 10:11:31.23,11750.05,11665,3390,11670,9723,11655,3345,11650,5589
2020-06-12 10:11:32.53,11750.05,11665,4690,11670,9723,11655,3345,11650,5589
2020-06-12 10:11:33.54,11750.05,11665,3390,11670,9723,11655,3345,11650,5589
2020-06-12 10:11:34.68,11750.05,11665,3390,11670,6390,11655,3345,11650,5589
2020-06-12 10:11:35.66,11751.25,11665,3390,11670,6390,11655,3345,11650,5589
2020-06-12 10:11:37.77,11751.25,11665,3390,11670,6390,11655,3345,11650,5589
2020-06-12 10:11:38.02,11751.25,11665,4790,11670,6190,11655,3345,11650,5589
2020-06-12 10:11:38.74,11751.25,11665,4790,11670,9523,11655,3345,11650,5589
2020-06-12 10:11:40.27,11751.25,11665,4600,11670,9523,11655,3345,11650,5589
2020-06-12 10:11:41.79,11751.25,11665,4600,11670,9523,11655,3345,11650,2568
2020-06-12 10:11:43.01,11751.25,11660,3390,11665,4600,11655,3345,11650,2568
2020-06-12 10:11:43.47,11751.25,11660,4790,11665,8902,11650,2568,11645,6253
2020-06-12 10:11:44.52,11755.55,11660,3390,11665,5569,11650,2568,11645,6253
2020-06-12 10:11:45.49,11755.55,11660,4790,11665,8902,11650,2568,11645,6253
2020-06-12 10:11:48.41,11755.55,11660,3390,11665,5569,11655,3345,11650,2553
2020-06-12 10:11:49.35,11755.55,11660,50,11665,3600,11655,3345,11650,2553
2020-06-12 10:11:49.82,11755.55,11660,50,11665,3600,11655,3345,11650,5574
2020-06-12 10:11:50.94,11755.55,11660,1350,11665,3600,11655,3345,11650,5574
2020-06-12 10:11:51.97,11755.55,11660,4740,11665,3600,11655,3345,11650,5574
2020-06-12 10:11:52.38,11755.55,11660,4740,11665,5569,11655,3345,11650,2553
2020-06-12 10:11:53.47,11755.55,11660,3640,11665,5569,11655,3345,11650,2553
2020-06-12 10:11:54.66,11755.55,11660,3640,11665,5569,11655,3345,11650,2553
2020-06-12 10:11:55.69,11753.67,11660,4740,11665,5569,11655,3345,11650,2553
2020-06-12 10:11:56.08,11753.67,11660,3640,11665,5569,11655,3345,11650,5574
2020-06-12 10:11:57.16,11753.67,11660,3440,11665,3600,11655,3345,11650,2553
2020-06-12 10:11:57.42,11753.67,11660,4740,11665,8902,11650,2479,11645,6253
2020-06-12 10:12:01.47,11753.67,11660,4740,11665,8902,11650,2479,11645,6253
2020-06-12 10:12:01.72,11753.67,11660,4740,11665,8902,11655,3345,11650,2479
2020-06-12 10:12:02.52,11753.67,11660,3640,11665,5569,11655,3345,11650,2479
2020-06-12 10:12:03.52,11753.67,11660,3440,11665,5569,11655,3345,11650,2479
2020-06-12 10:12:03.84,11753.67,11660,3440,11665,5569,11655,3345,11650,2479
2020-06-12 10:12:04.66,11753.67,11660,50,11665,3600,11655,3345,11650,5500
2020-06-12 10:12:07.73,11755.94,11665,4500,11670,8423,11655,3345,11650,5500
2020-06-12 10:12:17.73,11754.42,11660,3690,11665,6469,11655,3330,11650,2479
2020-06-12 10:12:18.15,11754.42,11665,4500,11670,8423,11655,3330,11650,2479
2020-06-12 10:12:19.68,11754.42,11660,3390,11665,6469,11655,3330,11650,2479
2020-06-12 10:12:20.79,11754.42,11660,3390,11665,6469,11655,3330,11650,2479
2020-06-12 10:12:20.98,11754.42,11660,3590,11665,6469,11655,3330,11650,2479
2020-06-12 10:12:21.87,11754.42,11660,3390,11665,6469,11655,3300,11650,2479
2020-06-12 10:12:22.38,11754.42,11660,3390,11665,6469,11655,3300,11650,2479
2020-06-12 10:12:23.51,11754.42,11660,4690,11665,6469,11655,3300,11650,2479
2020-06-12 10:12:23.91,11754.42,11660,4690,11665,9802,11650,2479,11645,6253
2020-06-12 10:12:27.94,11758.83,11660,3390,11665,6469,11650,2479,11645,6253
2020-06-12 10:12:28.79,11758.83,11660,3390,11665,6469,11655,3300,11650,2479
2020-06-12 10:12:31.97,11758.83,11665,6469,11670,6454,11655,3300,11650,2479
2020-06-12 10:12:33.29,11758.83,11665,4500,11670,8423,11655,3300,11650,5500
2020-06-12 10:12:35.07,11758.83,11665,6469,11670,6454,11655,3300,11650,5500
2020-06-12 10:12:36.16,11757.26,11665,4500,11670,8423,11655,3297,11650,5500
2020-06-12 10:12:40.99,11757.26,11665,4500,11670,8423,11655,3297,11650,5500
2020-06-12 10:12:41.97,11757.26,11665,4500,11670,5090,11655,3297,11650,5500
2020-06-12 10:12:42.61,11757.26,11665,4500,11670,8423,11655,3297,11650,5500
2020-06-12 10:12:44.61,11757.26,11660,3390,11665,4500,11655,3297,11650,5500
2020-06-12 10:12:45.13,11756.43,11665,4500,11670,8423,11655,3297,11650,5500
2020-06-12 10:12:47.78,11756.43,11665,4500,11670,8423,11655,3282,11650,5500
2020-06-12 10:12:49.92,11756.43,11665,4100,11670,8423,11655,3292,11650,5500
2020-06-12 10:12:50.28,11756.43,11665,3200,11670,5090,11660,3306,11655,3292
2020-06-12 10:12:51.39,11756.43,11665,4000,11670,5090,11660,3306,11655,3292
2020-06-12 10:12:51.61,11756.43,11665,3200,11670,5090,11660,3306,11655,3292
2020-06-12 10:12:52.53,11756.43,11665,4600,11670,5090,11660,3306,11655,3292
2020-06-12 10:12:52.94,11756.43,11665,4600,11670,5090,11660,3306,11655,3292
