time,nav,sell1,sell1_cnt,sell2,sell2_cnt,buy1,buy1_cnt,buy2,buy2_cnt
2020-06-05 08:47:09.180000,0.0,11560,191,11600,100,11545,2,11520,4
2020-06-05 08:47:16.800000,0.0,11560,191,11600,100,11545,2,11520,4
2020-06-05 08:47:22.970000,0.0,11560,191,11600,100,11545,2,11520,4
2020-06-05 08:47:29.790000,0.0,11560,191,11600,100,11545,2,11520,4
2020-06-05 08:47:36.660000,0.0,11560,191,11600,100,11545,2,11520,4
2020-06-05 08:47:53.990000,0.0,11560,191,11600,100,11545,2,11520,4
2020-06-05 08:47:59.270000,0.0,11560,191,11600,100,11545,2,11520,4
2020-06-05 08:48:05.680000,0.0,11560,191,11600,100,11545,2,11520,4
2020-06-05 08:48:11.670000,0.0,11560,191,11600,100,11545,2,11520,4
2020-06-05 08:48:18.310000,0.0,11560,191,11600,100,11545,2,11520,4
2020-06-05 08:48:27.870000,0.0,11560,191,11600,100,11545,2,11520,4
2020-06-05 08:48:38.090000,0.0,11560,191,11600,100,11545,2,11520,4
2020-06-05 08:48:44.070000,0.0,11560,191,11600,100,11545,2,11520,4
2020-06-05 08:48:51.100000,0.0,11560,191,11600,100,11545,2,11520,4
2020-06-05 08:48:57.600000,0.0,11560,191,11600,100,11545,2,11520,4
2020-06-05 08:49:05.770000,0.0,11560,191,11600,100,11545,2,11520,4
2020-06-05 08:49:27.310000,0.0,11560,91,11600,100,11545,2,11520,4
2020-06-05 08:51:04.570000,0.0,11560,90,11600,100,11545,2,11520,4
2020-06-05 08:51:06.770000,0.0,11560,89,11600,100,11545,2,11520,4
2020-06-05 08:51:08.860000,0.0,11560,88,11600,100,11545,2,11520,4
2020-06-05 08:51:50.080000,0.0,11560,88,11600,100,11545,2,11520,4
2020-06-05 08:51:58.490000,0.0,11560,88,11600,100,11545,2,11520,4
2020-06-05 08:51:59.770000,0.0,11560,88,11600,100,11545,2,11520,4
2020-06-05 08:52:19.490000,0.0,11560,88,11600,100,11545,2,11520,4
2020-06-05 08:52:26.500000,0.0,11560,88,11600,100,11555,4,11545,2
2020-06-05 08:52:29.780000,0.0,11560,89,11600,100,11555,4,11545,2
2020-06-05 08:52:34.480000,0.0,11560,90,11600,100,11555,4,11545,2
2020-06-05 08:52:34.560000,0.0,11560,91,11600,100,11555,4,11545,2
2020-06-05 08:52:55.290000,0.0,11560,91,11600,100,11555,4,11545,2
2020-06-05 08:53:05.790000,0.0,11560,191,11600,100,11555,4,11545,2
2020-06-05 08:53:09.870000,0.0,11560,191,11600,100,11555,4,11545,2
2020-06-05 08:53:17.680000,0.0,11560,91,11600,100,11555,4,11545,2
2020-06-05 08:53:28.730000,0.0,11560,91,11600,100,11555,4,11545,2
2020-06-05 08:53:32.470000,0.0,11560,191,11600,100,11555,4,11545,2
2020-06-05 08:53:34.990000,0.0,11560,191,11600,100,11555,4,11545,2
2020-06-05 08:53:39.470000,0.0,11560,191,11600,100,11555,4,11545,2
2020-06-05 08:53:40.470000,0.0,11560,91,11600,100,11555,4,11545,2
2020-06-05 08:54:16.410000,0.0,11560,91,11600,100,11555,4,11545,2
2020-06-05 08:54:32.070000,0.0,11560,91,11600,100,11555,4,11545,2
2020-06-05 08:54:37.920000,0.0,11560,91,11600,100,11555,4,11545,2
2020-06-05 08:54:43.560000,0.0,11560,91,11600,100,11555,4,11545,2
2020-06-05 08:54:57.370000,0.0,11560,91,11600,100,11555,4,11545,2
2020-06-05 08:56:36.110000,0.0,11560,91,11600,100,11555,4,11545,2
2020-06-05 08:56:44.160000,0.0,11560,91,11600,100,11555,5,11545,2
2020-06-05 08:56:54.710000,0.0,11560,91,11600,100,11555,5,11545,2
2020-06-05 08:56:54.760000,0.0,11560,91,11600,100,11555,5,11545,2
2020-06-05 08:56:54.870000,0.0,11560,91,11600,100,11555,5,11545,2
2020-06-05 08:56:55.000000,0.0,11560,91,11600,100,11555,5,11545,2
2020-06-05 08:56:55.070000,0.0,11560,91,11600,100,11555,5,11545,2
2020-06-05 08:56:55.170000,0.0,11560,91,11600,100,11555,5,11545,2
2020-06-05 08:56:55.790000,0.0,11560,91,11600,100,11555,5,11545,2
2020-06-05 08:56:57.570000,0.0,11560,91,11600,100,11555,5,11545,2
2020-06-05 08:56:57.660000,0.0,11560,91,11600,100,11555,5,11545,2
2020-06-05 08:56:57.770000,0.0,11560,91,11600,100,11555,5,11545,2
2020-06-05 08:56:57.860000,0.0,11560,91,11600,100,11555,5,11545,2
2020-06-05 08:56:57.900000,0.0,11560,91,11600,100,11555,5,11545,2
2020-06-05 08:56:57.970000,0.0,11560,91,11600,100,11555,5,11545,2
2020-06-05 08:56:58.100000,0.0,11560,91,11600,100,11555,5,11545,2
2020-06-05 08:56:58.160000,0.0,11560,91,11600,100,11555,5,11545,2
2020-06-05 08:56:59.520000,0.0,11560,91,11600,100,11555,5,11545,2
2020-06-05 08:56:59.570000,0.0,11560,91,11600,100,11555,5,11545,2
2020-06-05 08:56:59.600000,0.0,11560,91,11600,100,11555,5,11545,2
2020-06-05 08:56:59.660000,0.0,11560,91,11600,100,11555,5,11545,2
2020-06-05 08:56:59.910000,0.0,11560,91,11600,100,11555,5,11545,2
2020-06-05 08:56:59.970000,0.0,11560,91,11600,100,11555,5,11545,2
2020-06-05 08:57:00.070000,0.0,11560,91,11600,100,11555,5,11545,2
2020-06-05 08:57:01.300000,0.0,11560,91,11600,100,11555,5,11545,2
2020-06-05 08:57:01.470000,0.0,11560,91,11600,100,11555,5,11545,2
2020-06-05 08:57:01.570000,0.0,11560,91,11600,100,11555,5,11545,2
2020-06-05 08:57:01.770000,0.0,11560,91,11600,100,11555,5,11545,2
2020-06-05 08:57:01.860000,0.0,11560,91,11600,100,11555,5,11545,2
2020-06-05 08:57:03.560000,0.0,11560,91,11600,100,11555,5,11545,2
2020-06-05 08:57:03.800000,0.0,11560,91,11600,100,11555,5,11545,2
2020-06-05 08:57:03.940000,0.0,11560,91,11600,100,11555,5,11545,2
2020-06-05 08:57:04.000000,0.0,11560,91,11600,100,11555,5,11545,2
2020-06-05 08:57:04.060000,0.0,11560,91,11600,100,11555,5,11545,2
2020-06-05 08:57:06.060000,0.0,11560,91,11600,100,11555,5,11545,2
2020-06-05 08:57:06.170000,0.0,11560,91,11600,100,11555,5,11545,2
2020-06-05 08:57:06.290000,0.0,11560,91,11600,100,11555,5,11545,2
2020-06-05 08:57:06.980000,0.0,11560,91,11600,100,11555,5,11545,2
2020-06-05 08:57:07.010000,0.0,11560,91,11600,100,11555,5,11545,2
2020-06-05 08:57:07.110000,0.0,11560,91,11600,100,11555,5,11545,2
2020-06-05 08:57:08.200000,0.0,11560,91,11600,100,11555,5,11545,2
2020-06-05 08:57:08.230000,0.0,11560,91,11600,100,11555,5,11545,2
2020-06-05 08:57:08.370000,0.0,11560,91,11600,100,11555,5,11545,2
2020-06-05 08:57:08.470000,0.0,11560,91,11600,100,11555,5,11545,2
2020-06-05 08:57:08.560000,0.0,11560,91,11600,100,11555,5,11545,2
2020-06-05 08:57:09.150000,0.0,11560,91,11600,100,11555,5,11545,2
2020-06-05 08:57:10.670000,0.0,11560,91,11600,100,11555,5,11545,2
2020-06-05 08:57:10.700000,0.0,11560,91,11600,100,11555,5,11545,2
2020-06-05 08:57:10.760000,0.0,11560,91,11600,100,11555,5,11545,2
2020-06-05 08:57:10.790000,0.0,11560,91,11600,100,11555,5,11545,2
2020-06-05 08:57:10.820000,0.0,11560,91,11600,100,11555,5,11545,2
2020-06-05 08:57:10.860000,0.0,11560,91,11600,100,11555,5,11545,2
2020-06-05 08:57:12.430000,0.0,11560,91,11600,100,11555,5,11545,2
2020-06-05 08:57:12.500000,0.0,11560,91,11600,100,11555,5,11545,2
2020-06-05 08:57:12.590000,0.0,11560,91,11600,100,11555,5,11545,2
2020-06-05 08:57:12.680000,0.0,11560,91,11600,100,11555,5,11545,2
2020-06-05 08:57:12.790000,0.0,11560,91,11600,100,11555,5,11545,2
2020-06-05 08:57:12.860000,0.0,11560,91,11600,100,11555,5,11545,2
2020-06-05 08:57:14.920000,0.0,11560,91,11600,100,11555,5,11545,2
2020-06-05 08:57:15.010000,0.0,11560,91,11600,100,11555,5,11545,2
2020-06-05 08:57:15.070000,0.0,11560,91,11600,100,11555,5,11545,2
2020-06-05 08:57:15.170000,0.0,11560,91,11600,100,11555,5,11545,2
2020-06-05 08:57:15.280000,0.0,11560,91,11600,100,11555,5,11545,2
2020-06-05 08:57:15.370000,0.0,11560,91,11600,100,11555,5,11545,2
2020-06-05 08:57:15.960000,0.0,11560,91,11600,100,11555,5,11545,2
2020-06-05 08:57:15.990000,0.0,11560,91,11600,100,11555,5,11545,2
2020-06-05 08:57:18.100000,0.0,11560,91,11600,100,11555,5,11545,2
2020-06-05 08:57:18.170000,0.0,11560,91,11600,100,11555,5,11545,2
2020-06-05 08:57:18.260000,0.0,11560,91,11600,100,11555,5,11545,2
2020-06-05 08:58:41.700000,0.0,11560,91,11600,100,11555,5,11545,2
2020-06-05 08:58:59.330000,0.0,11560,91,11600,100,11555,5,11545,2
2020-06-05 08:59:03.800000,0.0,11560,82,11600,100,11555,5,11545,2
2020-06-05 08:59:46.800000,0.0,11560,83,11600,100,11555,5,11545,2
2020-06-05 08:59:58.890000,0.0,11600,100,11620,1,11580,1914,11560,3
2020-06-05 09:00:00.600000,0.0,11600,100,11620,1,11580,1914,11560,3
2020-06-05 09:00:01.730000,0.0,11600,100,11620,1,11580,1914,11560,3
2020-06-05 09:00:02.490000,0.0,11600,100,11620,1,11580,1914,11560,3
2020-06-05 09:00:03.630000,0.0,11600,100,11620,1,11580,1914,11560,3
2020-06-05 09:00:05.660000,0.0,11600,100,11620,1,11580,1914,11560,3
2020-06-05 09:00:06.660000,0.0,11600,100,11620,1,11580,1914,11560,3
2020-06-05 09:00:07.130000,0.0,11600,100,11620,1,11580,1914,11560,3
2020-06-05 09:00:09.360000,0.0,11600,100,11620,1,11580,1914,11560,3
2020-06-05 09:00:09.790000,0.0,11600,100,11620,1,11580,1914,11560,3
2020-06-05 09:00:11.220000,0.0,11600,100,11620,1,11580,1914,11560,3
2020-06-05 09:00:12.040000,0.0,11600,100,11620,1,11580,1914,11560,3
2020-06-05 09:00:13.100000,0.0,11600,100,11620,1,11580,1914,11560,3
2020-06-05 09:00:13.490000,0.0,11600,100,11620,1,11580,1914,11560,3
2020-06-05 09:00:14.680000,0.0,11600,100,11620,1,11580,1914,11560,3
2020-06-05 09:00:14.990000,0.0,11600,100,11620,1,11580,1914,11560,3
2020-06-05 09:00:15.660000,0.0,11600,100,11620,1,11560,3,11555,5
2020-06-05 09:00:18.750000,0.0,11600,100,11620,1,11560,3,11555,5
2020-06-05 09:00:19.680000,0.0,11600,100,11620,1,11560,3,11555,5
2020-06-05 09:00:20.300000,0.0,11600,100,11620,1,11560,3,11555,5
2020-06-05 09:00:20.540000,0.0,11600,100,11620,1,11560,3,11555,5
2020-06-05 09:00:20.880000,0.0,11600,100,11620,1,11560,3,11555,5
2020-06-05 09:00:21.180000,0.0,11600,100,11620,1,11560,3,11555,5
2020-06-05 09:00:22.330000,0.0,11600,100,11620,1,11560,3,11555,5
2020-06-05 09:00:23.100000,0.0,11600,100,11620,1,11560,3,11555,5
2020-06-05 09:00:23.900000,0.0,11600,100,11620,1,11560,3,11555,5
2020-06-05 09:00:24.720000,0.0,11600,100,11620,1,11560,3,11555,5
2020-06-05 09:00:26.520000,0.0,11600,100,11620,1,11560,3,11555,5
2020-06-05 09:00:27.380000,0.0,11600,100,11620,1,11560,3,11555,5
2020-06-05 09:00:29.580000,0.0,11600,100,11620,1,11560,3,11555,5
2020-06-05 09:00:30.900000,0.0,11600,100,11620,1,11560,3,11555,5
2020-06-05 09:00:32.390000,0.0,11600,100,11620,1,11560,3,11555,5
2020-06-05 09:00:44.280000,0.0,11620,1,11640,700,11600,1900,11560,3
2020-06-05 09:00:51.470000,0.0,11620,1,11640,700,11600,1676,11560,3
2020-06-05 09:01:17.750000,11690.3,11640,700,11645,3,11600,1676,11560,3
2020-06-05 09:01:19.430000,11690.3,11640,700,11645,3,11560,3,11555,5
2020-06-05 09:01:26.710000,11688.79,11640,700,11645,3,11620,5,11560,3
2020-06-05 09:01:27.190000,11688.79,11640,700,11645,3,11620,4,11560,3
2020-06-05 09:01:33.470000,11687.56,11620,216,11640,700,11560,3,11555,5
2020-06-05 09:01:35.830000,11687.56,11620,216,11640,700,11560,3,11555,5
2020-06-05 09:03:08.300000,11692.75,11620,916,11645,3,11560,3,11555,5
2020-06-05 09:03:16.890000,11695.36,11610,10,11620,916,11560,3,11555,5
2020-06-05 09:03:29.030000,11701.78,11620,916,11645,3,11610,1990,11560,3
2020-06-05 09:03:30.100000,11701.78,11620,916,11645,3,11610,23,11560,3
2020-06-05 09:03:38.350000,11701.93,11620,916,11645,3,11610,23,11560,3
2020-06-05 09:03:45.770000,11707.14,11615,1583,11620,916,11610,23,11560,3
2020-06-05 09:03:51.670000,11707.14,11655,100,11685,3,11645,831,11640,3333
2020-06-05 09:03:52.780000,11709.41,11655,100,11685,3,11645,3333,11610,23
2020-06-05 09:03:53.810000,11709.41,11655,100,11685,3,11610,23,11560,3
2020-06-05 09:03:55.940000,11709.41,11655,100,11685,3,11610,23,11560,3
2020-06-05 09:03:57.000000,11709.41,11655,100,11685,3,11610,23,11560,3
2020-06-05 09:03:58.060000,11709.41,11655,100,11685,3,11610,23,11560,3
2020-06-05 09:03:59.120000,11709.41,11655,100,11685,3,11610,23,11560,3
2020-06-05 09:04:00.180000,11709.41,11655,100,11685,3,11610,23,11560,3
2020-06-05 09:04:01.250000,11709.41,11655,100,11685,3,11610,23,11560,3
2020-06-05 09:04:02.310000,11709.41,11655,100,11685,3,11610,23,11560,3
2020-06-05 09:04:05.480000,11712.23,11655,100,11685,3,11610,23,11560,3
2020-06-05 09:04:07.700000,11712.23,11655,100,11685,3,11610,23,11560,3
2020-06-05 09:04:09.800000,11712.23,11655,100,11685,3,11610,23,11560,3
2020-06-05 09:04:10.880000,11712.23,11655,100,11685,3,11610,23,11560,3
2020-06-05 09:04:11.880000,11712.23,11655,100,11685,3,11610,23,11560,3
2020-06-05 09:04:14.000000,11714.76,11655,100,11685,3,11635,100,11630,100
2020-06-05 09:04:14.970000,11714.76,11655,100,11685,3,11635,100,11610,23
2020-06-05 09:04:18.160000,11714.76,11655,100,11685,3,11635,100,11610,23
2020-06-05 09:04:19.220000,11714.76,11655,100,11685,103,11625,100,11610,23
2020-06-05 09:04:20.300000,11714.76,11655,100,11685,103,11610,23,11560,3
2020-06-05 09:04:23.470000,11709.35,11655,100,11685,3,11610,23,11560,3
2020-06-05 09:04:24.530000,11709.35,11655,100,11685,103,11610,23,11560,3
2020-06-05 09:04:31.370000,11709.35,11650,300,11655,100,11610,23,11560,3
2020-06-05 09:04:32.930000,11709.35,11650,300,11655,100,11610,23,11560,3
2020-06-05 09:04:37.680000,11710.37,11650,300,11655,100,11610,23,11560,3
2020-06-05 09:04:38.750000,11710.37,11650,300,11655,100,11610,23,11560,3
2020-06-05 09:04:39.740000,11710.37,11650,300,11655,100,11610,23,11560,3
2020-06-05 09:04:46.210000,11707.12,11650,300,11655,100,11610,23,11560,3
2020-06-05 09:04:46.780000,11707.12,11650,300,11655,100,11610,23,11560,3
2020-06-05 09:04:48.830000,11707.12,11650,300,11655,100,11610,23,11560,3
2020-06-05 09:04:54.060000,11703.44,11650,300,11655,100,11610,23,11560,3
2020-06-05 09:04:58.280000,11703.44,11650,300,11655,100,11610,23,11560,3
2020-06-05 09:04:58.870000,11703.44,11650,300,11655,100,11610,23,11560,3
2020-06-05 09:05:02.030000,11703.44,11610,1927,11615,1950,11600,1950,11595,1950
2020-06-05 09:05:03.090000,11700.4,11610,577,11615,1950,11600,1950,11595,1950
2020-06-05 09:05:06.230000,11700.4,11610,2050,11615,1950,11600,1950,11595,1950
2020-06-05 09:05:09.370000,11700.4,11615,1950,11620,1950,11605,1950,11600,1950
2020-06-05 09:05:10.420000,11700.4,11615,1950,11620,1950,11605,1950,11600,1950
2020-06-05 09:05:11.460000,11700.4,11615,1950,11620,1950,11605,1949,11600,1950
2020-06-05 09:05:17.210000,11699.65,11615,1950,11620,1950,11610,1950,11605,1949
2020-06-05 09:05:19.270000,11699.65,11615,1950,11620,1950,11610,1950,11605,1949
2020-06-05 09:05:20.350000,11699.65,11620,1950,11625,1952,11610,1950,11605,1949
2020-06-05 09:05:21.400000,11699.65,11620,1950,11625,1952,11610,1950,11605,1949
2020-06-05 09:05:23.570000,11699.5,11615,1950,11620,1950,11610,1950,11605,1949
2020-06-05 09:05:24.600000,11699.5,11615,1950,11620,1950,11610,1950,11605,1949
2020-06-05 09:05:25.630000,11699.5,11615,1950,11620,1950,11605,1949,11600,1950
2020-06-05 09:05:27.720000,11699.5,11610,2050,11615,1950,11605,1949,11600,1950
2020-06-05 09:05:28.770000,11699.5,11610,2050,11615,1950,11600,1950,11595,1950
2020-06-05 09:05:34.490000,11701.36,11610,2050,11615,1950,11605,1949,11600,1950
2020-06-05 09:05:35.600000,11701.36,11615,1950,11620,1950,11605,1949,11600,1950
2020-06-05 09:05:37.160000,11701.36,11610,2050,11615,1950,11605,1949,11600,1950
2020-06-05 09:05:38.200000,11701.36,11615,1950,11620,1950,11605,1949,11600,1950
2020-06-05 09:05:39.250000,11701.36,11610,2050,11615,1950,11605,536,11600,1950
2020-06-05 09:05:40.270000,11701.36,11615,1950,11620,1950,11605,506,11600,1950
2020-06-05 09:05:41.340000,11701.36,11615,1950,11620,1950,11610,1950,11605,506
2020-06-05 09:05:42.360000,11701.36,11615,1950,11620,1950,11610,1950,11605,506
2020-06-05 09:05:43.000000,11704.3,11615,1950,11620,1950,11605,506,11600,1950
2020-06-05 09:05:43.970000,11704.3,11615,1950,11620,1950,11605,515,11600,1950
2020-06-05 09:05:47.050000,11704.3,11615,1950,11620,1950,11605,514,11600,1950
2020-06-05 09:05:48.140000,11704.3,11610,2050,11615,1950,11605,514,11600,1950
2020-06-05 09:05:50.460000,11704.3,11615,1950,11620,1950,11610,4000,11605,514
2020-06-05 09:05:51.490000,11704.3,11620,1950,11625,1952,11610,4000,11605,514
2020-06-05 09:05:52.520000,11704.3,11620,1950,11625,1952,11610,3999,11605,514
2020-06-05 09:05:53.520000,11707.83,11620,1950,11625,1952,11610,3999,11605,514
2020-06-05 09:05:54.650000,11707.83,11615,2160,11620,1950,11610,3999,11605,514
2020-06-05 09:05:56.080000,11707.83,11615,2159,11620,1950,11610,3999,11605,514
2020-06-05 09:05:58.320000,11707.83,11620,1950,11625,1952,11610,3999,11605,514
2020-06-05 09:05:59.530000,11707.83,11615,2159,11620,1950,11610,3999,11605,514
2020-06-05 09:06:00.610000,11707.83,11615,2159,11620,1951,11610,3999,11605,514
2020-06-05 09:06:03.680000,11709.1,11620,1951,11625,1952,11610,3999,11605,514
2020-06-05 09:06:05.200000,11709.1,11615,2159,11620,1952,11610,3998,11605,514
2020-06-05 09:06:06.370000,11709.1,11615,2159,11620,1952,11610,2050,11605,514
2020-06-05 09:06:13.230000,11711.78,11615,2159,11620,1952,11610,2020,11605,514
2020-06-05 09:06:14.320000,11711.78,11615,2159,11620,1952,11610,2020,11605,514
2020-06-05 09:06:16.430000,11711.78,11615,2159,11620,1952,11610,3968,11605,514
2020-06-05 09:06:18.020000,11711.78,11620,1952,11625,1952,11610,3968,11605,514
2020-06-05 09:06:20.120000,11711.78,11620,2,11625,1952,11615,1950,11610,3968
2020-06-05 09:06:21.180000,11711.78,11625,1952,11630,1953,11615,1950,11610,3968
2020-06-05 09:06:23.220000,11716.81,11620,1950,11625,1952,11615,1950,11610,3968
2020-06-05 09:06:25.910000,11716.81,11625,1952,11630,1953,11615,1950,11610,3968
2020-06-05 09:06:26.960000,11716.81,11625,1952,11630,1953,11620,1950,11615,1950
2020-06-05 09:06:28.000000,11716.81,11625,2,11630,1953,11620,1950,11615,1950
2020-06-05 09:06:28.570000,11716.81,11625,1950,11630,1953,11615,1950,11610,3968
2020-06-05 09:06:29.580000,11716.81,11625,1950,11630,1953,11620,1950,11615,1950
2020-06-05 09:06:30.610000,11716.81,11625,1950,11630,1953,11615,1950,11610,3968
2020-06-05 09:06:31.670000,11716.81,11625,1950,11630,1953,11620,1950,11615,1950
2020-06-05 09:06:33.750000,11721.0,11630,1953,11635,2050,11620,1950,11615,1950
2020-06-05 09:06:41.700000,11721.0,11630,1953,11635,2050,11620,2250,11615,1950
2020-06-05 09:06:46.870000,11723.51,11630,1953,11635,2050,11620,2220,11615,1950
2020-06-05 09:06:50.560000,11723.51,11630,1953,11635,2050,11620,1920,11615,2250
2020-06-05 09:06:58.490000,11724.84,11630,3,11635,2050,11625,1950,11620,1920
2020-06-05 09:06:59.490000,11724.84,11635,2050,11640,2159,11625,1950,11620,1920
2020-06-05 09:07:01.600000,11724.84,11635,2050,11640,2159,11625,1949,11620,1920
2020-06-05 09:07:02.620000,11724.84,11635,2050,11640,2159,11625,1949,11620,1920
2020-06-05 09:07:04.290000,11730.37,11630,1950,11635,2050,11625,1949,11620,1920
2020-06-05 09:07:11.400000,11730.37,11635,2050,11640,2159,11625,1949,11620,1920
2020-06-05 09:07:12.540000,11730.37,11630,1950,11635,2050,11625,559,11620,1920
2020-06-05 09:07:17.890000,11730.77,11630,1950,11635,2050,11620,1920,11615,2250
2020-06-05 09:07:18.860000,11730.77,11630,1950,11635,2050,11625,2510,11620,1920
2020-06-05 09:07:19.940000,11730.77,11635,2050,11640,2159,11625,2480,11620,1920
2020-06-05 09:07:22.550000,11730.77,11635,2050,11640,2159,11625,2480,11620,1920
2020-06-05 09:07:27.020000,11732.66,11635,2050,11640,2159,11630,2510,11625,2480
2020-06-05 09:07:29.990000,11732.66,11635,2050,11640,2159,11625,2480,11620,1920
2020-06-05 09:07:35.740000,11732.96,11630,44,11635,2050,11625,2480,11620,1920
2020-06-05 09:07:36.800000,11732.96,11635,2050,11640,2159,11630,2510,11625,2480
2020-06-05 09:07:37.870000,11732.96,11640,2159,11645,1950,11630,2510,11625,2480
2020-06-05 09:07:39.460000,11732.96,11635,2050,11640,2159,11625,2480,11620,1920
2020-06-05 09:07:43.710000,11733.49,11630,2640,11635,2050,11625,2480,11620,1920
2020-06-05 09:07:45.800000,11733.49,11635,2050,11640,2159,11625,2480,11620,1920
2020-06-05 09:07:49.020000,11733.49,11635,2050,11640,2159,11625,2480,11620,1920
2020-06-05 09:07:51.080000,11733.49,11635,2050,11640,2160,11625,2480,11620,1920
2020-06-05 09:07:52.600000,11730.9,11635,2050,11640,2160,11625,2450,11620,1920
2020-06-05 09:07:55.330000,11730.9,11635,2050,11640,2160,11625,2450,11620,1920
2020-06-05 09:07:56.590000,11730.9,11635,2050,11640,2161,11625,2449,11620,1920
2020-06-05 09:07:59.580000,11730.9,11630,2640,11635,2050,11620,1920,11615,2250
2020-06-05 09:08:00.790000,11730.9,11625,2270,11630,2640,11615,2250,11610,3968
2020-06-05 09:08:01.990000,11730.9,11625,2270,11630,2640,11615,2250,11610,3968
2020-06-05 09:08:05.210000,11733.68,11620,2640,11625,2270,11615,2908,11610,3968
2020-06-05 09:08:06.180000,11733.68,11620,2640,11625,2270,11615,2908,11610,3968
2020-06-05 09:08:08.290000,11733.68,11625,2270,11630,2640,11615,2908,11610,3968
2020-06-05 09:08:10.900000,11733.68,11620,2640,11625,2270,11615,2908,11610,3968
2020-06-05 09:08:14.040000,11715.27,11625,2270,11630,2640,11615,2908,11610,3968
2020-06-05 09:08:14.550000,11715.27,11625,2270,11630,2640,11615,2908,11610,3968
2020-06-05 09:08:16.710000,11715.27,11625,2270,11630,2640,11615,2908,11610,3968
2020-06-05 09:08:17.760000,11715.27,11620,2640,11625,2270,11615,2908,11610,3968
2020-06-05 09:08:19.850000,11715.27,11620,2640,11625,2270,11615,268,11610,3968
2020-06-05 09:08:20.900000,11715.27,11615,2159,11620,2640,11610,3968,11605,2519
2020-06-05 09:08:21.940000,11715.27,11610,600,11615,2159,11605,2519,11600,2449
2020-06-05 09:08:22.960000,11710.03,11610,600,11615,2159,11605,2519,11600,2449
2020-06-05 09:08:24.050000,11710.03,11615,2159,11620,2640,11610,2780,11605,3119
2020-06-05 09:08:25.100000,11710.03,11615,2159,11620,2640,11610,2780,11605,3119
2020-06-05 09:08:26.130000,11710.03,11620,2640,11625,2270,11610,2780,11605,3119
2020-06-05 09:08:27.190000,11710.03,11620,2640,11625,2270,11610,3350,11605,3119
2020-06-05 09:08:27.830000,11710.03,11615,2159,11620,2640,11610,3350,11605,3119
2020-06-05 09:08:29.170000,11710.03,11615,2159,11620,2640,11610,3350,11605,3119
2020-06-05 09:08:29.720000,11710.03,11620,2640,11625,2270,11610,3350,11605,3119
2020-06-05 09:08:30.860000,11710.03,11620,2640,11625,2270,11610,3450,11605,3119
2020-06-05 09:08:32.390000,11710.03,11620,2640,11625,2270,11615,2640,11610,3450
2020-06-05 09:08:33.490000,11709.26,11625,2270,11630,2640,11615,3340,11610,3450
2020-06-05 09:08:34.530000,11709.26,11625,2270,11630,2640,11615,5317,11610,3450
2020-06-05 09:08:35.990000,11709.26,11625,2270,11630,2640,11620,2640,11615,5317
2020-06-05 09:08:37.170000,11709.26,11625,2270,11630,2640,11615,5317,11610,3450
2020-06-05 09:08:39.330000,11709.26,11625,2270,11630,2640,11620,2640,11615,5317
2020-06-05 09:08:40.360000,11709.26,11625,2270,11630,2640,11620,2640,11615,5317
2020-06-05 09:08:42.390000,11709.26,11625,2270,11630,2640,11620,2640,11615,5317
2020-06-05 09:08:42.830000,11714.82,11630,2640,11635,2780,11620,2640,11615,5317
2020-06-05 09:08:44.000000,11714.82,11630,2640,11635,2780,11620,2640,11615,5317
2020-06-05 09:08:45.530000,11714.82,11630,2640,11635,2780,11620,2640,11615,5317
2020-06-05 09:08:47.170000,11714.82,11625,2270,11630,2640,11620,2640,11615,5317
2020-06-05 09:08:49.780000,11714.82,11625,2270,11630,2640,11615,5317,11610,3550
2020-06-05 09:08:52.180000,11720.19,11625,2270,11630,2640,11615,5316,11610,3550
2020-06-05 09:08:53.880000,11720.19,11625,2270,11630,2640,11620,2640,11615,5316
2020-06-05 09:08:55.500000,11720.19,11630,2640,11635,2780,11620,2640,11615,5316
2020-06-05 09:08:57.720000,11720.19,11630,2640,11635,2780,11625,2449,11620,2640
2020-06-05 09:08:58.130000,11720.19,11635,2780,11640,3861,11625,2449,11620,2640
2020-06-05 09:08:59.270000,11720.19,11630,2640,11635,2780,11625,2149,11620,2640
2020-06-05 09:09:00.280000,11720.19,11630,2640,11635,2780,11625,2119,11620,2640
2020-06-05 09:09:01.360000,11720.19,11635,2980,11640,3861,11625,2119,11620,2640
2020-06-05 09:09:03.990000,11723.44,11630,2640,11635,2980,11625,2119,11620,2640
2020-06-05 09:09:08.720000,11723.44,11635,2980,11640,3861,11625,2119,11620,2640
2020-06-05 09:09:12.790000,11723.99,11635,2980,11640,3861,11630,2510,11625,2119
2020-06-05 09:09:13.900000,11723.99,11635,2980,11640,3861,11630,2510,11625,2119
2020-06-05 09:09:14.890000,11723.99,11635,2980,11640,3861,11625,2119,11620,2640
2020-06-05 09:09:15.170000,11723.99,11635,2980,11640,3861,11630,2510,11625,2119
2020-06-05 09:09:16.000000,11723.99,11635,2980,11640,3861,11625,2119,11620,2640
2020-06-05 09:09:22.320000,11723.99,11635,200,11640,3861,11630,2510,11625,2119
2020-06-05 09:09:26.560000,11724.2,11635,2980,11640,3861,11630,2510,11625,2119
2020-06-05 09:09:27.560000,11724.2,11640,3861,11645,2640,11630,2510,11625,2119
2020-06-05 09:09:30.200000,11724.2,11640,3861,11645,2640,11630,2810,11625,2119
2020-06-05 09:09:31.230000,11724.2,11640,3861,11645,2640,11635,2750,11630,2810
2020-06-05 09:09:32.790000,11724.2,11640,3861,11645,2640,11635,2720,11630,2810
2020-06-05 09:09:40.400000,11725.52,11640,3861,11645,2640,11635,2720,11630,2510
2020-06-05 09:09:44.500000,11726.08,11640,1702,11645,2640,11635,2720,11630,2510
2020-06-05 09:09:44.760000,11726.08,11645,2640,11650,2570,11640,2639,11635,2720
2020-06-05 09:09:47.200000,11726.08,11645,2640,11650,2570,11640,2638,11635,2720
2020-06-05 09:09:54.630000,11726.97,11645,2640,11650,2570,11635,2720,11630,2510
2020-06-05 09:09:57.990000,11726.97,11640,3510,11645,2640,11630,2510,11625,2419
2020-06-05 09:09:59.170000,11726.97,11640,3510,11645,2640,11635,2720,11630,2510
2020-06-05 09:10:00.250000,11726.97,11645,2640,11650,2570,11635,2720,11630,2510
2020-06-05 09:10:01.190000,11726.97,11640,3510,11645,2640,11635,2720,11630,2510
2020-06-05 09:10:02.210000,11726.97,11635,3635,11640,3510,11630,2510,11625,2419
2020-06-05 09:10:03.240000,11731.8,11635,2780,11640,3510,11625,2419,11620,2640
2020-06-05 09:10:05.350000,11731.8,11630,2640,11635,2780,11625,3810,11620,2640
2020-06-05 09:10:06.380000,11731.8,11630,2640,11635,2780,11625,3810,11620,2640
2020-06-05 09:10:06.770000,11731.8,11635,2780,11640,3510,11625,3780,11620,2640
2020-06-05 09:10:08.300000,11731.8,11635,2780,11640,3511,11630,3510,11625,3780
2020-06-05 09:10:09.530000,11731.8,11635,2780,11640,3511,11625,3780,11620,2640
2020-06-05 09:10:12.130000,11731.8,11630,2640,11635,2780,11625,3780,11620,2640
2020-06-05 09:10:13.200000,11733.82,11630,2640,11635,2780,11625,270,11620,2640
2020-06-05 09:10:13.690000,11733.82,11630,2640,11635,2780,11620,2640,11615,5315
2020-06-05 09:10:16.390000,11733.82,11630,2640,11635,2780,11625,3510,11620,2640
2020-06-05 09:10:17.330000,11733.82,11630,2640,11635,2780,11625,3480,11620,2640
2020-06-05 09:10:18.110000,11733.82,11630,2640,11635,2790,11625,3480,11620,2640
2020-06-05 09:10:20.010000,11733.82,11635,2790,11640,3512,11625,3480,11620,2640
2020-06-05 09:10:21.010000,11733.82,11630,2640,11635,2790,11625,3480,11620,2640
2020-06-05 09:10:22.000000,11733.82,11630,2640,11635,2800,11625,3480,11620,2640
2020-06-05 09:10:22.390000,11733.82,11630,2640,11635,2800,11625,3480,11620,2640
2020-06-05 09:10:23.370000,11728.41,11635,2800,11640,3512,11625,3480,11620,2640
2020-06-05 09:10:24.320000,11728.41,11635,2800,11640,3512,11625,3480,11620,2640
2020-06-05 09:10:25.380000,11728.41,11635,2800,11640,3522,11625,3480,11620,2640
2020-06-05 09:10:26.430000,11728.41,11635,2800,11640,3522,11630,3510,11625,3480
2020-06-05 09:10:28.540000,11728.41,11635,20,11640,3522,11630,3510,11625,3480
2020-06-05 09:10:29.460000,11728.41,11635,20,11640,3522,11630,3510,11625,3480
2020-06-05 09:10:31.080000,11728.41,11635,320,11640,3522,11630,3510,11625,3480
2020-06-05 09:10:31.490000,11728.41,11640,3522,11645,2650,11635,2720,11630,3510
2020-06-05 09:10:32.710000,11727.25,11635,4135,11640,3522,11630,3510,11625,3480
2020-06-05 09:10:33.080000,11727.25,11635,3080,11640,3522,11630,3510,11625,3480
2020-06-05 09:10:34.270000,11727.25,11635,3080,11640,3522,11625,3480,11620,2640
2020-06-05 09:10:40.200000,11727.25,11635,3080,11640,3522,11625,3480,11620,2640
2020-06-05 09:10:41.200000,11727.25,11635,3080,11640,3522,11625,3480,11620,2640
2020-06-05 09:10:42.170000,11727.25,11635,3080,11640,3522,11625,3480,11620,2640
2020-06-05 09:10:44.180000,11727.73,11635,2980,11640,3522,11625,3479,11620,2640
2020-06-05 09:10:44.490000,11727.73,11630,2640,11635,2980,11625,3479,11620,2640
2020-06-05 09:10:45.290000,11727.73,11630,2640,11635,2980,11625,3479,11620,2640
2020-06-05 09:10:46.400000,11727.73,11635,2980,11640,3522,11625,3479,11620,2640
2020-06-05 09:10:47.960000,11727.73,11635,2980,11640,3522,11625,3779,11620,2640
2020-06-05 09:10:54.790000,11725.94,11630,2640,11635,2980,11625,3779,11620,2640
2020-06-05 09:10:55.830000,11725.94,11630,2640,11635,2980,11620,2640,11615,5315
2020-06-05 09:10:56.880000,11725.94,11625,3510,11630,2640,11620,2640,11615,5315
2020-06-05 09:10:57.930000,11725.94,11630,2640,11635,2980,11620,2640,11615,5315
2020-06-05 09:11:00.020000,11725.94,11630,2640,11635,2980,11625,3479,11620,2640
2020-06-05 09:11:02.080000,11725.94,11630,2640,11635,2980,11625,3479,11620,2640
2020-06-05 09:11:03.170000,11726.93,11635,2980,11640,3522,11625,3479,11620,2640
2020-06-05 09:11:05.250000,11726.93,11630,2640,11635,2980,11625,3479,11620,2640
2020-06-05 09:11:05.690000,11726.93,11625,1055,11630,2640,11620,2640,11615,5315
2020-06-05 09:11:06.880000,11726.93,11625,3510,11630,2640,11620,2640,11615,5315
2020-06-05 09:11:08.890000,11726.93,11625,3510,11630,2640,11620,2640,11615,5315
2020-06-05 09:11:12.160000,11726.93,11625,3510,11630,2940,11615,5315,11610,4310
2020-06-05 09:11:14.310000,11720.91,11625,3510,11630,2940,11615,4615,11610,4310
2020-06-05 09:11:15.310000,11720.91,11620,2640,11625,3510,11615,4615,11610,4310
2020-06-05 09:11:16.290000,11720.91,11620,2640,11625,3510,11615,4615,11610,4310
2020-06-05 09:11:18.530000,11720.91,11625,3510,11630,2940,11615,4615,11610,4310
2020-06-05 09:11:19.560000,11720.91,11625,3510,11630,2940,11615,4615,11610,4310
2020-06-05 09:11:20.180000,11720.91,11625,3510,11630,2940,11615,4615,11610,4310
2020-06-05 09:11:25.390000,11717.87,11620,2640,11625,3510,11615,4615,11610,4310
2020-06-05 09:11:28.480000,11717.87,11620,2640,11625,3510,11615,1977,11610,4310
2020-06-05 09:11:30.180000,11717.87,11620,2640,11625,3510,11615,110,11610,4310
2020-06-05 09:11:31.230000,11717.87,11615,3400,11620,2640,11610,3610,11605,4119
2020-06-05 09:11:33.400000,11717.29,11620,2640,11625,3510,11610,3610,11605,4119
2020-06-05 09:11:37.990000,11717.29,11620,2640,11625,3510,11610,3609,11605,4119
2020-06-05 09:11:39.160000,11717.29,11625,3510,11630,2940,11615,2638,11610,3609
2020-06-05 09:11:40.190000,11717.29,11625,3510,11630,2940,11620,2330,11615,2638
2020-06-05 09:11:43.900000,11716.02,11625,3510,11630,2940,11615,2638,11610,3609
2020-06-05 09:11:44.190000,11716.02,11620,2640,11625,3510,11615,2638,11610,3609
2020-06-05 09:11:44.990000,11716.02,11620,2640,11625,3510,11615,1583,11610,3609
2020-06-05 09:11:46.520000,11716.02,11620,2640,11625,3510,11615,4221,11610,3609
2020-06-05 09:11:49.610000,11716.02,11620,2640,11625,3510,11615,1583,11610,3609
2020-06-05 09:11:53.690000,11712.84,11620,2640,11625,3510,11615,4221,11610,3609
2020-06-05 09:11:55.950000,11712.84,11620,2640,11625,3510,11615,1583,11610,3609
2020-06-05 09:11:59.640000,11712.84,11625,3510,11630,2940,11615,4221,11610,3609
2020-06-05 09:12:02.310000,11712.84,11620,2640,11625,3510,11615,4221,11610,3609
2020-06-05 09:12:15.790000,11705.53,11625,3510,11630,2940,11615,4221,11610,3609
2020-06-05 09:12:17.590000,11705.53,11620,2640,11625,3510,11615,4221,11610,3609
2020-06-05 09:12:19.180000,11705.53,11625,3510,11630,2940,11615,4221,11610,3609
2020-06-05 09:12:21.240000,11705.53,11620,2640,11625,3510,11615,4221,11610,3609
2020-06-05 09:12:22.730000,11705.25,11620,2640,11625,3510,11615,4221,11610,3609
2020-06-05 09:12:28.080000,11705.25,11620,2640,11625,3510,11615,1583,11610,3609
2020-06-05 09:12:34.780000,11703.21,11620,2640,11625,3510,11615,4220,11610,3609
2020-06-05 09:12:37.390000,11703.21,11625,3510,11630,2940,11615,5120,11610,3609
2020-06-05 09:12:39.790000,11703.21,11625,3510,11630,2940,11620,3510,11615,5120
2020-06-05 09:12:41.740000,11703.21,11625,3510,11630,2940,11620,3510,11615,5120
2020-06-05 09:12:42.350000,11706.26,11625,3510,11630,2940,11620,4410,11615,5120
2020-06-05 09:12:44.350000,11706.26,11630,2940,11635,2980,11620,4410,11615,5120
2020-06-05 09:12:45.930000,11706.26,11630,2940,11635,2980,11625,3479,11620,4410
2020-06-05 09:12:46.380000,11706.26,11630,300,11635,2980,11625,4479,11620,4410
2020-06-05 09:12:48.510000,11706.26,11635,2980,11640,3412,11625,4479,11620,4410
2020-06-05 09:12:49.010000,11706.26,11635,2980,11640,3412,11630,3510,11625,4479
2020-06-05 09:12:52.150000,11706.26,11635,2980,11640,3412,11630,3466,11625,4479
2020-06-05 09:12:52.850000,11710.32,11635,2980,11640,3412,11630,3466,11625,4479
2020-06-05 09:12:54.380000,11710.32,11635,2980,11640,3412,11630,3466,11625,4479
2020-06-05 09:12:56.710000,11710.32,11635,2980,11640,3412,11625,4429,11620,4410
2020-06-05 09:13:01.250000,11710.32,11630,2640,11635,2980,11625,1000,11620,4410
2020-06-05 09:13:01.680000,11710.32,11630,2640,11635,2980,11620,4410,11615,5120
2020-06-05 09:13:02.860000,11710.32,11625,3510,11630,2640,11620,4410,11615,5120
2020-06-05 09:13:05.520000,11712.06,11630,2640,11635,2980,11620,4410,11615,5120
2020-06-05 09:13:07.030000,11712.06,11630,2640,11635,2980,11625,3429,11620,4710
2020-06-05 09:13:08.470000,11712.06,11630,2640,11635,2980,11625,3429,11620,4710
2020-06-05 09:13:10.390000,11712.06,11630,2640,11635,2980,11620,4710,11615,5120
2020-06-05 09:13:11.390000,11712.06,11625,3510,11630,2640,11620,3810,11615,5120
2020-06-05 09:13:12.590000,11712.06,11625,3510,11630,2640,11620,300,11615,5120
2020-06-05 09:13:13.790000,11712.47,11620,3510,11625,3510,11615,1582,11610,3609
2020-06-05 09:13:16.020000,11712.47,11620,3510,11625,3510,11610,3609,11605,4075
2020-06-05 09:13:17.020000,11712.47,11615,3400,11620,3510,11610,3609,11605,4075
2020-06-05 09:13:21.590000,11712.47,11620,3510,11625,3510,11610,3609,11605,4075
2020-06-05 09:13:25.840000,11708.13,11615,3400,11620,3510,11610,3609,11605,4075
2020-06-05 09:13:26.950000,11708.13,11615,3400,11620,3510,11605,4075,11600,3434
2020-06-05 09:13:29.590000,11708.13,11615,3400,11620,3510,11605,4074,11600,3434
2020-06-05 09:13:30.120000,11708.13,11615,3400,11620,3510,11610,3510,11605,4074
2020-06-05 09:13:32.170000,11708.13,11620,3510,11625,3510,11610,3510,11605,4074
2020-06-05 09:13:32.650000,11708.13,11615,3400,11620,3510,11610,3510,11605,4074
2020-06-05 09:13:35.850000,11703.65,11620,3510,11625,3510,11610,3510,11605,4074
2020-06-05 09:13:37.430000,11703.65,11615,3400,11620,3510,11610,3510,11605,4074
2020-06-05 09:13:37.990000,11703.65,11615,3400,11620,3510,11605,4074,11600,3434
2020-06-05 09:13:39.060000,11703.65,11615,3400,11620,3510,11610,3510,11605,4074
2020-06-05 09:13:41.120000,11703.65,11620,3510,11625,3510,11610,3510,11605,4074
2020-06-05 09:13:43.240000,11704.71,11620,3510,11625,3510,11610,3510,11605,4074
2020-06-05 09:13:44.600000,11704.71,11615,3400,11620,3510,11610,3510,11605,4074
2020-06-05 09:13:46.400000,11704.71,11615,3400,11620,3510,11610,3510,11605,4074
2020-06-05 09:13:47.930000,11704.71,11615,3400,11620,3510,11605,4074,11600,3434
2020-06-05 09:13:49.020000,11704.71,11610,2680,11615,3400,11605,3474,11600,3434
2020-06-05 09:13:49.270000,11704.71,11610,2680,11615,3400,11605,8,11600,3434
2020-06-05 09:13:53.430000,11703.73,11605,2640,11610,2680,11600,3434,11595,3510
2020-06-05 09:13:59.570000,11703.73,11610,2680,11615,3400,11600,3434,11595,3510
2020-06-05 09:14:02.780000,11699.7,11610,2680,11615,3400,11605,3466,11600,3434
2020-06-05 09:14:04.810000,11699.7,11610,2680,11615,3400,11600,3434,11595,3510
2020-06-05 09:14:05.280000,11699.7,11610,2680,11615,3400,11600,3434,11595,3510
2020-06-05 09:14:06.910000,11699.7,11615,3400,11620,3510,11605,3466,11600,3434
2020-06-05 09:14:07.970000,11699.7,11610,1,11615,3400,11605,3466,11600,3434
2020-06-05 09:14:09.030000,11699.7,11610,2680,11615,3400,11605,3466,11600,3434
2020-06-05 09:14:10.050000,11699.7,11610,2680,11615,3400,11600,3434,11595,3510
2020-06-05 09:14:10.560000,11699.7,11610,2680,11615,3400,11600,3437,11595,3510
2020-06-05 09:14:11.590000,11699.7,11610,2680,11615,3400,11600,3437,11595,3510
2020-06-05 09:14:12.980000,11695.06,11610,2680,11615,3400,11605,3466,11600,3437
2020-06-05 09:14:14.260000,11695.06,11615,3400,11620,3510,11605,3466,11600,3437
2020-06-05 09:14:15.280000,11695.06,11620,3510,11625,3510,11610,3510,11605,3466
2020-06-05 09:14:15.870000,11695.06,11620,3510,11625,3510,11615,2638,11610,3510
2020-06-05 09:14:16.890000,11695.06,11615,4493,11620,3510,11605,3466,11600,3437
2020-06-05 09:14:17.900000,11695.06,11610,3680,11615,3400,11605,3466,11600,3437
2020-06-05 09:14:18.970000,11695.06,11610,3680,11615,3400,11600,3437,11595,3510
2020-06-05 09:14:22.070000,11694.08,11615,3400,11620,3510,11605,3466,11600,3437
2020-06-05 09:14:23.580000,11694.08,11610,2680,11615,3400,11605,3466,11600,3437
2020-06-05 09:14:25.610000,11694.08,11610,2680,11615,3400,11605,3465,11600,3437
2020-06-05 09:14:26.610000,11694.08,11615,3400,11620,3510,11605,3465,11600,3437
2020-06-05 09:14:29.050000,11694.08,11615,3400,11620,3510,11605,3465,11600,3437
2020-06-05 09:14:29.820000,11694.08,11610,2680,11615,3400,11605,3465,11600,3437
2020-06-05 09:14:32.080000,11694.08,11610,2680,11615,3400,11605,3465,11600,3437
2020-06-05 09:14:35.670000,11695.49,11610,2680,11615,3400,11600,3437,11595,3510
2020-06-05 09:14:37.300000,11695.49,11610,2680,11615,3400,11605,3465,11600,3437
2020-06-05 09:14:39.090000,11695.49,11610,2680,11615,3400,11605,3465,11600,3437
2020-06-05 09:14:40.910000,11695.49,11610,2680,11615,3400,11600,3437,11595,3510
2020-06-05 09:14:45.480000,11696.74,11610,2680,11615,3400,11605,3465,11600,3437
2020-06-05 09:14:47.310000,11696.74,11610,2680,11615,3400,11600,3437,11595,3510
2020-06-05 09:14:48.570000,11696.74,11605,2640,11610,2680,11600,8,11595,3510
2020-06-05 09:14:49.590000,11696.74,11600,3510,11605,2640,11595,3510,11590,2638
2020-06-05 09:14:51.600000,11696.74,11605,2640,11610,2680,11595,3510,11590,2638
2020-06-05 09:14:52.070000,11697.68,11605,2640,11610,2680,11600,3429,11595,3510
2020-06-05 09:14:53.190000,11697.68,11610,2680,11615,3400,11600,3429,11595,3510
2020-06-05 09:14:56.400000,11697.68,11610,2680,11615,3400,11605,3465,11600,3429
2020-06-05 09:14:57.460000,11697.68,11610,2680,11615,3400,11600,3429,11595,3510
2020-06-05 09:14:59.780000,11697.68,11615,3400,11620,3510,11605,3465,11600,3429
2020-06-05 09:15:01.730000,11697.68,11610,2680,11615,3400,11600,3429,11595,3510
2020-06-05 09:15:04.570000,11697.52,11610,2680,11615,3400,11605,3465,11600,3429
2020-06-05 09:15:05.460000,11697.52,11610,2680,11615,3400,11600,3429,11595,3510
2020-06-05 09:15:09.130000,11697.52,11605,2640,11610,2680,11600,3429,11595,3510
2020-06-05 09:15:10.350000,11697.52,11605,2640,11610,2680,11595,3510,11590,2638
2020-06-05 09:15:11.270000,11697.52,11605,352,11610,2680,11595,3510,11590,2638
2020-06-05 09:15:15.940000,11698.64,11605,130,11610,2680,11595,3510,11590,2638
2020-06-05 09:15:18.570000,11698.64,11605,130,11610,2680,11600,3429,11595,3510
2020-06-05 09:15:19.190000,11698.64,11610,2680,11615,3400,11600,3429,11595,3510
2020-06-05 09:15:20.160000,11698.64,11610,2680,11615,3400,11600,3428,11595,3510
2020-06-05 09:15:22.130000,11698.64,11605,3510,11610,2680,11600,3428,11595,3510
2020-06-05 09:15:24.330000,11701.67,11605,3510,11610,2680,11600,3428,11595,3510
2020-06-05 09:15:26.410000,11701.67,11610,2680,11615,3400,11600,3428,11595,3510
2020-06-05 09:15:26.780000,11701.67,11605,3510,11610,2680,11600,3428,11595,3510
2020-06-05 09:15:27.940000,11701.67,11605,3510,11610,2680,11595,3510,11590,2638
2020-06-05 09:15:32.170000,11701.67,11605,3510,11610,2680,11600,3428,11595,3510
2020-06-05 09:15:32.490000,11701.67,11610,2680,11615,3400,11600,3428,11595,3510
2020-06-05 09:15:34.310000,11702.41,11605,3510,11610,2680,11600,3428,11595,3510
2020-06-05 09:15:35.330000,11702.41,11605,3510,11610,2680,11595,3510,11590,2638
2020-06-05 09:15:37.440000,11702.41,11605,3465,11610,2680,11595,3510,11590,2638
2020-06-05 09:15:38.520000,11702.41,11600,3510,11605,3465,11595,3510,11590,2638
2020-06-05 09:15:39.450000,11702.41,11605,3465,11610,2680,11595,3510,11590,2638
2020-06-05 09:15:46.990000,11706.53,11605,3465,11610,2680,11600,3428,11595,3510
2020-06-05 09:15:48.050000,11706.53,11610,2680,11615,3400,11600,3428,11595,3510
2020-06-05 09:15:50.990000,11706.53,11610,2680,11615,3400,11600,2728,11595,3510
2020-06-05 09:15:52.220000,11706.53,11605,3465,11610,2680,11600,2728,11595,3510
2020-06-05 09:15:54.720000,11706.43,11605,3465,11610,2680,11595,3510,11590,2638
2020-06-05 09:15:59.610000,11706.43,11600,3510,11605,3465,11595,3510,11590,2638
2020-06-05 09:16:00.690000,11706.43,11605,3465,11610,2680,11595,3510,11590,2638
2020-06-05 09:16:02.770000,11706.43,11600,3510,11605,3465,11590,2638,11585,3510
2020-06-05 09:16:04.080000,11703.21,11600,3510,11605,3465,11595,3510,11590,2638
2020-06-05 09:16:04.880000,11703.21,11605,3465,11610,2680,11595,3510,11590,2638
2020-06-05 09:16:10.690000,11703.21,11605,3465,11610,2680,11600,2728,11595,3510
2020-06-05 09:16:11.310000,11703.21,11610,2680,11615,3400,11600,2728,11595,3510
2020-06-05 09:16:12.230000,11703.21,11610,2680,11615,3400,11600,2728,11595,3510
2020-06-05 09:16:13.330000,11689.86,11610,2680,11615,3400,11605,3465,11600,2728
2020-06-05 09:16:16.890000,11689.86,11615,3400,11620,3510,11605,3464,11600,2728
2020-06-05 09:16:17.090000,11689.86,11610,2680,11615,3400,11605,3464,11600,2728
2020-06-05 09:16:19.370000,11689.86,11610,2680,11615,3400,11605,3151,11600,2728
2020-06-05 09:16:20.150000,11689.86,11610,2680,11615,3400,11600,2728,11595,3510
2020-06-05 09:16:21.170000,11689.86,11610,2680,11615,3400,11605,3151,11600,2728
2020-06-05 09:16:22.760000,11689.86,11610,2680,11615,3400,11600,2728,11595,3510
2020-06-05 09:16:24.870000,11689.23,11610,2680,11615,3400,11600,2426,11595,3510
2020-06-05 09:16:25.120000,11689.23,11605,3465,11610,2680,11595,3510,11590,2638
2020-06-05 09:16:26.090000,11689.23,11600,3510,11605,3408,11595,3510,11590,2638
2020-06-05 09:16:28.490000,11689.23,11595,185,11600,3510,11590,2638,11585,3510
2020-06-05 09:16:29.650000,11689.23,11595,3510,11600,3510,11590,2638,11585,3510
2020-06-05 09:16:33.370000,11686.29,11595,3510,11600,3510,11585,3510,11580,3152
2020-06-05 09:16:33.990000,11686.29,11595,3510,11600,3510,11590,2638,11585,3510
2020-06-05 09:16:34.910000,11686.29,11595,3510,11600,3510,11585,3510,11580,3152
2020-06-05 09:16:35.930000,11686.29,11595,3510,11600,3510,11585,3510,11580,3152
2020-06-05 09:16:37.820000,11686.29,11600,3510,11605,3408,11590,2638,11585,3510
2020-06-05 09:16:39.650000,11686.29,11595,3510,11600,3510,11590,2638,11585,3510
2020-06-05 09:16:40.790000,11686.29,11600,3510,11605,3408,11590,2638,11585,3510
2020-06-05 09:16:44.360000,11687.37,11600,3510,11605,3408,11595,220,11590,2638
2020-06-05 09:16:46.490000,11687.37,11600,3510,11605,3408,11590,2638,11585,3510
2020-06-05 09:16:46.910000,11687.37,11595,4510,11600,3510,11590,2638,11585,3510
2020-06-05 09:16:47.600000,11687.37,11595,4510,11600,3510,11585,3510,11580,3152
2020-06-05 09:16:51.300000,11687.37,11590,3400,11595,4510,11585,3510,11580,3152
2020-06-05 09:16:51.690000,11687.37,11590,3400,11595,4510,11585,3510,11580,3152
2020-06-05 09:16:52.810000,11687.37,11590,3400,11595,4510,11580,3152,11575,3510
2020-06-05 09:16:53.980000,11683.06,11590,3400,11595,4510,11585,3510,11580,3152
2020-06-05 09:16:55.020000,11683.06,11590,3400,11595,4510,11580,3152,11575,3510
2020-06-05 09:16:55.420000,11683.06,11590,3400,11595,4510,11585,3510,11580,3152
2020-06-05 09:16:57.550000,11683.06,11590,3400,11595,4510,11580,3152,11575,3510
2020-06-05 09:17:09.780000,11681.94,11585,2680,11590,3400,11580,3152,11575,3510
2020-06-05 09:17:11.280000,11681.94,11590,3400,11595,4510,11580,3151,11575,3510
2020-06-05 09:17:16.230000,11683.36,11590,3400,11595,4510,11585,3510,11580,3151
2020-06-05 09:17:17.090000,11683.36,11595,4510,11600,3510,11585,3510,11580,3151
2020-06-05 09:17:21.370000,11683.36,11590,2722,11595,4510,11585,3510,11580,3151
2020-06-05 09:17:22.320000,11683.36,11590,2184,11595,4510,11585,3510,11580,3151
2020-06-05 09:17:23.480000,11685.31,11595,4510,11600,3510,11585,3510,11580,3151
2020-06-05 09:17:40.220000,11685.14,11595,4431,11600,3510,11585,3510,11580,3151
2020-06-05 09:17:40.520000,11685.14,11595,4431,11600,3510,11590,2638,11585,3510
2020-06-05 09:17:45.060000,11683.88,11600,3510,11605,3408,11590,2638,11585,3510
2020-06-05 09:17:45.420000,11683.88,11595,3431,11600,3510,11590,2638,11585,3510
2020-06-05 09:17:46.640000,11683.88,11595,3180,11600,3510,11585,3510,11580,3151
2020-06-05 09:17:50.250000,11683.88,11590,3315,11595,3180,11585,3510,11580,3151
2020-06-05 09:17:51.360000,11683.88,11590,3315,11595,3180,11580,3151,11575,3510
2020-06-05 09:17:52.900000,11686.38,11585,2680,11590,3315,11580,3151,11575,3510
2020-06-05 09:17:55.040000,11686.38,11585,2680,11590,3315,11580,3151,11575,3510
2020-06-05 09:17:58.000000,11686.38,11585,2680,11590,3315,11580,3151,11575,3510
2020-06-05 09:17:58.700000,11686.38,11585,2680,11590,3315,11580,3151,11575,3510
2020-06-05 09:18:02.450000,11686.38,11585,2606,11590,3315,11580,3151,11575,3510
2020-06-05 09:18:02.880000,11686.43,11585,2606,11590,3315,11580,3151,11575,3510
2020-06-05 09:18:04.020000,11686.43,11585,2358,11590,3315,11580,3151,11575,3510
2020-06-05 09:18:05.090000,11686.43,11590,3315,11595,3180,11580,3151,11575,3510
2020-06-05 09:18:06.660000,11686.43,11590,3315,11595,3180,11585,3510,11580,3151
2020-06-05 09:18:07.760000,11686.43,11590,3315,11595,3180,11585,3509,11580,3151
2020-06-05 09:18:08.730000,11686.43,11595,3180,11600,3510,11585,3509,11580,3151
2020-06-05 09:18:09.020000,11686.43,11595,3180,11600,3555,11585,3509,11580,3151
2020-06-05 09:18:10.770000,11686.43,11595,3180,11600,3555,11585,3519,11580,3151
2020-06-05 09:18:14.320000,11685.24,11590,3315,11595,3180,11585,3519,11580,3151
2020-06-05 09:18:16.080000,11685.24,11595,3180,11600,3555,11585,3519,11580,3151
2020-06-05 09:18:17.690000,11685.24,11595,3180,11600,3555,11585,3519,11580,3151
2020-06-05 09:18:23.280000,11687.4,11595,3180,11600,3555,11590,2638,11585,3519
2020-06-05 09:18:27.390000,11687.4,11595,3180,11600,3555,11585,3519,11580,3151
2020-06-05 09:18:29.590000,11687.4,11595,3180,11600,3555,11590,2638,11585,3519
2020-06-05 09:18:30.700000,11687.4,11595,3180,11600,3555,11585,3519,11580,3151
2020-06-05 09:18:32.870000,11687.4,11595,3180,11600,3555,11590,2638,11585,3519
2020-06-05 09:18:38.100000,11691.4,11595,3180,11600,3555,11590,2638,11585,3519
2020-06-05 09:18:41.790000,11691.4,11595,3180,11600,3555,11590,2638,11585,3509
2020-06-05 09:18:50.240000,11690.56,11595,3180,11600,3555,11590,2638,11585,3509
2020-06-05 09:18:53.990000,11691.48,11595,3180,11600,3555,11590,2638,11585,3509
2020-06-05 09:18:56.690000,11691.48,11595,3180,11600,3555,11585,3509,11580,3152
2020-06-05 09:18:57.740000,11691.48,11590,3315,11595,3180,11585,3509,11580,3152
2020-06-05 09:18:58.810000,11691.48,11595,3180,11600,3555,11585,3509,11580,3152
2020-06-05 09:18:59.880000,11691.48,11590,3315,11595,3180,11585,3509,11580,3152
2020-06-05 09:19:00.910000,11691.48,11595,3180,11600,3555,11585,3509,11580,3152
2020-06-05 09:19:02.170000,11691.48,11595,3180,11600,3555,11585,3508,11580,3152
2020-06-05 09:19:04.700000,11689.65,11590,3315,11595,3180,11585,3508,11580,3152
2020-06-05 09:19:05.890000,11689.65,11590,3315,11595,3180,11585,2681,11580,3152
2020-06-05 09:19:06.670000,11689.65,11595,3180,11600,3555,11585,2681,11580,3152
2020-06-05 09:19:08.980000,11689.65,11595,3180,11600,3555,11590,2638,11585,2681
2020-06-05 09:19:10.920000,11689.65,11590,1865,11595,3180,11585,2681,11580,3152
2020-06-05 09:19:11.290000,11689.65,11595,3180,11600,3555,11585,2681,11580,3152
2020-06-05 09:19:12.780000,11689.65,11595,3180,11600,3555,11585,2681,11580,3152
2020-06-05 09:19:13.590000,11686.59,11595,3180,11600,3555,11590,2638,11585,2681
2020-06-05 09:19:15.010000,11686.59,11595,3180,11600,3555,11590,2638,11585,2681
2020-06-05 09:19:17.260000,11686.59,11595,3180,11600,3555,11585,2681,11580,3152
2020-06-05 09:19:21.650000,11686.59,11590,3315,11595,3180,11585,2681,11580,3152
2020-06-05 09:19:25.380000,11686.59,11590,3315,11595,3180,11580,3152,11575,3510
2020-06-05 09:19:26.230000,11686.59,11590,3315,11595,3180,11580,3152,11575,3510
2020-06-05 09:19:26.880000,11686.59,11585,3109,11590,3315,11580,3152,11575,3510
2020-06-05 09:19:28.910000,11686.59,11585,3109,11590,3315,11580,1,11575,3510
2020-06-05 09:19:31.460000,11686.59,11585,3109,11590,3315,11580,1,11575,3510
2020-06-05 09:19:39.170000,11687.87,11585,3109,11590,3315,11575,3510,11570,3510
2020-06-05 09:19:44.640000,11684.87,11585,3109,11590,3315,11580,3151,11575,3510
2020-06-05 09:19:45.650000,11684.87,11590,3315,11595,3180,11580,3151,11575,3510
2020-06-05 09:19:46.780000,11684.87,11590,3315,11595,3180,11585,2681,11580,3151
2020-06-05 09:19:49.310000,11684.87,11595,3180,11600,3555,11585,2681,11580,3161
2020-06-05 09:19:49.490000,11684.87,11590,3315,11595,3180,11585,2681,11580,3161
2020-06-05 09:19:53.980000,11684.89,11595,3180,11600,3555,11585,2681,11580,3161
2020-06-05 09:19:55.510000,11684.89,11595,3180,11600,3555,11590,2638,11585,2681
2020-06-05 09:19:58.290000,11684.89,11590,1,11595,3180,11585,2681,11580,3161
2020-06-05 09:19:59.350000,11684.89,11595,3180,11600,3555,11585,2681,11580,3161
2020-06-05 09:20:04.010000,11685.95,11590,3315,11595,3180,11585,2681,11580,3161
2020-06-05 09:20:06.630000,11685.95,11590,3315,11595,3180,11580,3161,11575,3510
2020-06-05 09:20:09.320000,11685.95,11590,3315,11595,3180,11580,3161,11575,3510
2020-06-05 09:20:12.440000,11685.95,11590,3315,11595,3180,11585,2681,11580,3161
2020-06-05 09:20:13.490000,11687.12,11595,3180,11600,3555,11585,2681,11580,3161
2020-06-05 09:20:15.190000,11687.12,11595,3180,11600,3555,11590,2638,11585,2681
2020-06-05 09:20:17.200000,11687.12,11590,1864,11595,3180,11585,2681,11580,3161
2020-06-05 09:20:17.700000,11687.12,11595,3180,11600,3555,11585,2681,11580,3161
2020-06-05 09:20:19.840000,11687.12,11590,3315,11595,3180,11585,2681,11580,3161
2020-06-05 09:20:21.170000,11687.12,11590,3315,11595,3180,11580,3161,11575,3510
2020-06-05 09:20:21.890000,11687.12,11590,3314,11595,3180,11580,3161,11575,3510
2020-06-05 09:20:22.860000,11687.12,11590,3314,11595,3180,11585,2681,11580,3161
2020-06-05 09:20:23.170000,11684.59,11590,3314,11595,3180,11585,2681,11580,3161
2020-06-05 09:20:26.880000,11684.59,11595,3180,11600,3555,11585,2681,11580,3161
2020-06-05 09:20:29.100000,11684.59,11595,3180,11600,3555,11585,2681,11580,3161
2020-06-05 09:20:31.270000,11684.59,11590,2516,11595,3180,11585,2681,11580,3161
2020-06-05 09:20:33.260000,11684.24,11595,3180,11600,3555,11585,2681,11580,3161
2020-06-05 09:20:35.290000,11684.24,11595,3180,11600,3555,11585,2681,11580,3161
2020-06-05 09:20:36.600000,11684.24,11595,3180,11600,3555,11585,2681,11580,3161
2020-06-05 09:20:41.000000,11684.24,11595,3180,11600,3555,11590,2638,11585,2681
2020-06-05 09:20:42.410000,11684.24,11595,3180,11600,3555,11590,2638,11585,2681
2020-06-05 09:20:43.140000,11686.93,11595,3180,11600,3555,11585,2681,11580,3161
2020-06-05 09:20:44.130000,11686.93,11595,3180,11600,3555,11585,2681,11580,3161
2020-06-05 09:20:44.470000,11686.93,11595,3180,11600,3555,11590,2638,11585,2681
2020-06-05 09:20:47.250000,11686.93,11600,3555,11605,3418,11590,2638,11585,2681
2020-06-05 09:20:47.690000,11686.93,11600,3555,11605,3418,11595,2516,11590,2638
2020-06-05 09:20:48.490000,11686.93,11600,45,11605,3418,11595,2516,11590,2638
2020-06-05 09:20:49.420000,11686.93,11605,3418,11610,3119,11600,2516,11595,2516
2020-06-05 09:20:50.420000,11686.93,11605,2526,11610,3119,11595,2516,11590,2638
2020-06-05 09:20:51.530000,11686.93,11600,2516,11605,2526,11595,2516,11590,2638
2020-06-05 09:20:52.090000,11686.93,11600,2516,11605,2526,11590,2638,11585,2681
2020-06-05 09:20:53.120000,11685.99,11600,2516,11605,2526,11595,2516,11590,2638
2020-06-05 09:20:53.480000,11685.99,11600,2516,11605,2526,11590,2638,11585,2681
2020-06-05 09:20:54.170000,11685.99,11600,2516,11605,2526,11595,2516,11590,2638
2020-06-05 09:20:56.260000,11685.99,11600,2516,11605,2526,11590,2638,11585,2681
2020-06-05 09:20:57.310000,11685.99,11605,2526,11610,3119,11595,2516,11590,2638
2020-06-05 09:20:59.420000,11685.99,11600,2516,11605,2526,11595,2516,11590,2638
2020-06-05 09:21:01.620000,11685.99,11605,2526,11610,3119,11595,2516,11590,2638
2020-06-05 09:21:02.010000,11685.99,11600,2516,11605,2526,11595,2516,11590,2638
2020-06-05 09:21:03.250000,11688.67,11600,2516,11605,2526,11590,2538,11585,2681
2020-06-05 09:21:06.270000,11688.67,11595,2516,11600,2516,11590,2538,11585,2681
2020-06-05 09:21:07.820000,11688.67,11600,2516,11605,2526,11590,2538,11585,2681
2020-06-05 09:21:08.490000,11688.67,11600,2516,11605,2526,11595,2516,11590,2538
2020-06-05 09:21:09.850000,11688.67,11600,2516,11605,2526,11595,2516,11590,2538
2020-06-05 09:21:11.690000,11688.67,11605,2526,11610,3119,11595,2516,11590,2538
2020-06-05 09:21:13.190000,11691.68,11600,2516,11605,2526,11595,2516,11590,2538
2020-06-05 09:21:14.210000,11691.68,11600,2515,11605,2526,11595,2516,11590,2538
2020-06-05 09:21:15.310000,11691.68,11600,2515,11605,2526,11595,2516,11590,2538
2020-06-05 09:21:15.690000,11691.68,11600,2515,11605,2526,11590,2538,11585,2681
2020-06-05 09:21:18.450000,11691.68,11600,2515,11605,2526,11595,2516,11590,2538
2020-06-05 09:21:21.550000,11691.68,11600,2515,11605,2526,11595,2516,11590,2538
2020-06-05 09:21:23.190000,11696.3,11600,2515,11605,2526,11595,2516,11590,2538
2020-06-05 09:21:24.580000,11696.3,11600,2515,11605,2526,11595,2516,11590,2538
2020-06-05 09:21:25.890000,11696.3,11600,2514,11605,2526,11595,2516,11590,2538
2020-06-05 09:21:27.900000,11696.3,11605,2526,11610,3119,11595,2516,11590,2538
2020-06-05 09:21:28.920000,11696.3,11605,2526,11610,3119,11600,2516,11595,2516
2020-06-05 09:21:31.500000,11696.3,11605,2526,11610,3119,11595,2516,11590,2538
2020-06-05 09:21:32.980000,11696.73,11600,1864,11605,2526,11595,2516,11590,2538
2020-06-05 09:21:33.540000,11696.73,11605,2526,11610,3119,11595,2516,11590,2538
2020-06-05 09:21:35.710000,11696.73,11605,2526,11610,3119,11600,2516,11595,2516
2020-06-05 09:21:37.780000,11696.73,11605,2526,11610,3119,11595,2516,11590,2538
2020-06-05 09:21:44.210000,11699.1,11605,2526,11610,3119,11600,2516,11595,2516
2020-06-05 09:21:44.540000,11699.1,11605,10,11610,3119,11600,2516,11595,2516
2020-06-05 09:21:48.830000,11699.1,11605,2526,11610,3119,11600,2516,11595,2516
2020-06-05 09:21:49.910000,11699.1,11605,2526,11610,3119,11595,2516,11590,2538
2020-06-05 09:21:50.930000,11699.1,11605,2526,11610,3119,11600,2516,11595,2516
2020-06-05 09:21:53.050000,11699.1,11605,2526,11610,3119,11595,2516,11590,2538
2020-06-05 09:21:54.160000,11698.69,11605,2526,11610,3120,11595,2516,11590,2538
2020-06-05 09:21:54.350000,11698.69,11605,2526,11610,3120,11600,2516,11595,2516
2020-06-05 09:21:55.440000,11698.69,11605,2526,11610,3120,11595,2516,11590,2538
2020-06-05 09:21:57.680000,11698.69,11605,2526,11610,3121,11595,2516,11590,2538
2020-06-05 09:22:00.460000,11698.69,11600,2200,11605,2526,11595,2516,11590,2538
2020-06-05 09:22:00.910000,11698.69,11600,2200,11605,2526,11590,2538,11585,2681
2020-06-05 09:22:04.700000,11698.98,11595,2516,11600,2200,11590,2538,11585,2681
2020-06-05 09:22:06.280000,11698.98,11600,2200,11605,2526,11590,2538,11585,2681
2020-06-05 09:22:07.550000,11698.98,11600,2200,11605,2526,11595,2516,11590,2538
2020-06-05 09:22:08.300000,11698.98,11600,2200,11605,2526,11595,2516,11590,2538
2020-06-05 09:22:09.330000,11698.98,11605,2526,11610,3121,11595,2516,11590,2538
2020-06-05 09:22:10.450000,11698.98,11600,2200,11605,2526,11590,2538,11585,2681
2020-06-05 09:22:16.250000,11696.56,11595,2516,11600,2200,11585,2681,11580,3161
2020-06-05 09:22:18.840000,11696.56,11595,2516,11600,2200,11590,2538,11585,2681
2020-06-05 09:22:27.910000,11695.53,11595,2516,11600,2200,11590,2538,11585,2681
2020-06-05 09:22:31.990000,11695.53,11595,2516,11600,2200,11585,2681,11580,3161
2020-06-05 09:22:34.230000,11695.34,11595,2516,11600,2200,11585,2681,11580,3161
2020-06-05 09:22:36.800000,11695.34,11590,2516,11595,2516,11585,2681,11580,3161
2020-06-05 09:22:37.070000,11695.34,11590,2516,11595,2516,11580,3161,11575,2516
2020-06-05 09:22:44.360000,11693.76,11585,2042,11590,2516,11580,3161,11575,2516
2020-06-05 09:22:47.450000,11693.76,11590,2516,11595,2516,11580,3161,11575,2516
2020-06-05 09:22:48.040000,11693.76,11585,2042,11590,2516,11580,3161,11575,2516
2020-06-05 09:22:49.540000,11693.76,11590,2516,11595,2516,11580,3161,11575,2516
2020-06-05 09:22:50.560000,11693.76,11590,2516,11595,2516,11580,3161,11575,2516
2020-06-05 09:22:51.600000,11693.76,11590,2516,11595,2516,11585,2042,11580,3161
2020-06-05 09:22:52.680000,11688.71,11595,2516,11600,2200,11585,2042,11580,3161
2020-06-05 09:22:55.780000,11688.71,11595,2515,11600,2200,11585,2042,11580,3161
2020-06-05 09:23:00.000000,11688.71,11590,1903,11595,2515,11585,2042,11580,3161
2020-06-05 09:23:00.380000,11688.71,11590,1903,11595,2515,11585,2042,11580,3161
2020-06-05 09:23:01.580000,11688.71,11595,2515,11600,2200,11585,2042,11580,3161
2020-06-05 09:23:09.950000,11685.5,11590,1903,11595,2515,11585,2042,11580,3161
2020-06-05 09:23:11.590000,11685.5,11590,1903,11595,2515,11585,2043,11580,3161
2020-06-05 09:23:14.620000,11683.84,11595,2515,11600,2200,11585,2043,11580,3161
2020-06-05 09:23:16.980000,11683.84,11590,1903,11595,2515,11585,2043,11580,3161
2020-06-05 09:23:18.870000,11683.84,11595,2515,11600,2200,11585,2043,11580,3161
2020-06-05 09:23:23.570000,11684.86,11590,1903,11595,2515,11585,2043,11580,3161
2020-06-05 09:23:25.920000,11684.86,11590,1903,11595,2515,11585,2043,11580,3161
2020-06-05 09:23:28.650000,11684.86,11595,2515,11600,2244,11585,2043,11580,3161
2020-06-05 09:23:30.180000,11684.86,11590,1903,11595,2515,11585,2043,11580,3161
2020-06-05 09:23:33.040000,11685.01,11590,1903,11595,2515,11585,1,11580,3161
2020-06-05 09:23:35.740000,11685.01,11590,1903,11595,2515,11580,3161,11575,2516
2020-06-05 09:23:42.660000,11685.01,11590,1903,11595,2515,11585,2042,11580,3161
2020-06-05 09:23:44.050000,11688.0,11595,2515,11600,2244,11585,2042,11580,3161
2020-06-05 09:23:47.490000,11688.0,11595,2515,11600,2244,11590,1790,11585,2042
2020-06-05 09:23:50.070000,11688.0,11595,2515,11600,2244,11585,2042,11580,3161
2020-06-05 09:23:50.410000,11688.0,11595,2515,11600,2244,11590,1790,11585,2042
2020-06-05 09:23:52.280000,11688.0,11595,2515,11600,2244,11590,1790,11585,2042
2020-06-05 09:23:53.640000,11686.49,11595,2515,11600,2244,11585,2042,11580,3161
2020-06-05 09:23:55.050000,11686.49,11590,1903,11595,2515,11585,2042,11580,3161
2020-06-05 09:23:58.800000,11686.49,11590,1903,11595,2515,11585,2042,11580,3161
2020-06-05 09:24:02.760000,11686.49,11590,1903,11595,2515,11580,3161,11575,2516
2020-06-05 09:24:05.190000,11685.88,11590,1903,11595,2515,11585,2042,11580,3161
2020-06-05 09:24:07.080000,11685.88,11590,1903,11595,2515,11580,3161,11575,2516
2020-06-05 09:24:09.070000,11685.88,11590,1903,11595,2515,11585,2042,11580,3161
2020-06-05 09:24:10.120000,11685.88,11590,1903,11595,2515,11580,3161,11575,2516
2020-06-05 09:24:10.480000,11685.88,11590,1903,11595,2515,11585,2042,11580,3161
2020-06-05 09:24:11.680000,11685.88,11590,1903,11595,2515,11580,3161,11575,2516
2020-06-05 09:24:13.200000,11684.89,11590,1903,11595,2515,11585,2042,11580,3161
2020-06-05 09:24:14.480000,11684.89,11590,1903,11595,2515,11580,3161,11575,2516
2020-06-05 09:24:17.460000,11684.89,11585,2042,11590,1903,11580,3161,11575,2516
2020-06-05 09:24:21.650000,11684.89,11585,2040,11590,1903,11580,3161,11575,2516
2020-06-05 09:24:22.880000,11686.09,11585,2040,11590,1907,11580,3161,11575,2516
2020-06-05 09:24:26.080000,11686.09,11590,1907,11595,2515,11580,3161,11575,2516
2020-06-05 09:24:27.110000,11686.09,11590,1907,11595,2515,11585,1590,11580,3161
2020-06-05 09:24:28.110000,11686.09,11590,1907,11595,2515,11580,3161,11575,2516
2020-06-05 09:24:29.140000,11686.09,11590,1907,11595,2515,11585,1590,11580,3161
2020-06-05 09:24:30.190000,11686.09,11590,4,11595,2515,11585,1590,11580,3161
2020-06-05 09:24:35.500000,11685.24,11595,2515,11600,2244,11590,1786,11585,1590
2020-06-05 09:24:36.900000,11685.24,11595,2515,11600,2244,11585,1590,11580,3161
2020-06-05 09:24:37.530000,11685.24,11595,2515,11600,2244,11585,1173,11580,3161
2020-06-05 09:24:39.070000,11685.24,11595,2515,11600,2244,11590,1786,11585,1173
2020-06-05 09:24:49.040000,11684.07,11595,2515,11600,2244,11585,1173,11580,3161
2020-06-05 09:24:52.480000,11684.07,11595,2505,11600,2244,11585,1173,11580,3151
2020-06-05 09:25:00.380000,11680.67,11590,1500,11595,2505,11585,1173,11580,3151
2020-06-05 09:25:02.270000,11680.67,11590,1500,11595,2505,11580,3151,11575,2516
2020-06-05 09:25:04.990000,11682.92,11585,1590,11590,1500,11580,1500,11575,2516
2020-06-05 09:25:05.930000,11682.92,11585,1590,11590,1500,11575,2516,11570,2526
2020-06-05 09:25:07.770000,11682.92,11585,1590,11590,1500,11580,1500,11575,2516
2020-06-05 09:25:09.080000,11682.92,11590,1500,11595,2505,11580,1500,11575,2516
2020-06-05 09:25:10.190000,11682.92,11590,1500,11595,2505,11585,1590,11580,1500
2020-06-05 09:25:10.610000,11682.92,11590,1500,11595,2505,11585,1174,11580,1500
2020-06-05 09:25:15.080000,11682.36,11590,1500,11595,2505,11580,1500,11575,2516
2020-06-05 09:25:17.020000,11682.36,11590,1500,11595,2505,11585,1174,11580,1500
2020-06-05 09:25:19.140000,11682.36,11590,1500,11595,2505,11580,1500,11575,2516
2020-06-05 09:25:22.860000,11682.36,11590,1500,11595,2505,11585,1174,11580,1500
2020-06-05 09:25:26.640000,11683.32,11590,1500,11595,2505,11585,969,11580,1500
2020-06-05 09:25:27.870000,11683.32,11595,2505,11600,2244,11585,969,11580,1500
2020-06-05 09:25:33.400000,11682.94,11590,1500,11595,2505,11585,969,11580,1500
2020-06-05 09:25:34.920000,11682.94,11585,513,11590,1500,11580,1500,11575,2516
2020-06-05 09:25:35.990000,11682.94,11585,2103,11590,1500,11580,1500,11575,2516
2020-06-05 09:25:36.210000,11682.94,11585,1590,11590,1500,11580,1500,11575,2516
2020-06-05 09:25:37.380000,11682.94,11590,1500,11595,2505,11580,1500,11575,2516
2020-06-05 09:25:37.980000,11682.94,11590,1500,11595,2505,11580,1500,11575,2516
2020-06-05 09:25:40.700000,11682.94,11585,1590,11590,1500,11575,2516,11570,2526
2020-06-05 09:25:44.550000,11683.54,11585,1590,11590,1500,11575,2100,11570,2526
2020-06-05 09:25:45.410000,11683.54,11580,1396,11585,1590,11570,2526,11565,1787
2020-06-05 09:25:45.710000,11683.54,11580,1396,11585,1590,11575,1396,11570,2526
2020-06-05 09:25:46.440000,11683.54,11585,1590,11590,1500,11575,1396,11570,2526
2020-06-05 09:25:47.070000,11683.54,11585,1590,11590,1500,11580,1500,11575,1396
2020-06-05 09:25:48.240000,11683.54,11590,1500,11595,2505,11580,1500,11575,1396
2020-06-05 09:25:49.100000,11683.54,11585,1590,11590,1500,11580,1500,11575,1396
2020-06-05 09:25:50.550000,11683.54,11585,1590,11590,1500,11575,1396,11570,2526
2020-06-05 09:25:55.890000,11682.42,11585,1590,11590,1500,11575,1396,11570,2526
2020-06-05 09:25:56.960000,11682.42,11580,1396,11585,1590,11575,1396,11570,2526
2020-06-05 09:25:57.300000,11682.42,11580,1396,11585,1590,11570,2526,11565,1787
2020-06-05 09:25:58.000000,11682.42,11580,1396,11585,1590,11570,2526,11565,1787
2020-06-05 09:25:59.050000,11682.42,11580,1396,11585,1590,11570,2526,11565,1787
2020-06-05 09:26:00.580000,11682.42,11580,1396,11585,1590,11570,2526,11565,1787
2020-06-05 09:26:02.810000,11680.2,11580,1396,11585,1590,11575,1396,11570,2526
2020-06-05 09:26:03.750000,11680.2,11580,1396,11585,1590,11570,2526,11565,1787
2020-06-05 09:26:07.080000,11680.2,11575,1396,11580,1396,11570,2526,11565,1787
2020-06-05 09:26:07.910000,11680.2,11575,1396,11580,1396,11570,1406,11565,1787
2020-06-05 09:26:08.870000,11680.2,11575,1396,11580,1396,11570,10,11565,1787
2020-06-05 09:26:10.330000,11680.2,11575,1396,11580,1396,11570,1406,11565,1787
2020-06-05 09:26:12.120000,11680.2,11575,1396,11580,1396,11570,10,11565,1787
2020-06-05 09:26:12.340000,11680.2,11570,1306,11575,1396,11565,1787,11560,1404
2020-06-05 09:26:13.200000,11680.2,11570,1306,11575,1396,11565,1,11560,1404
2020-06-05 09:26:17.510000,11676.35,11565,1,11570,1306,11560,1404,11555,1505
2020-06-05 09:26:18.370000,11676.35,11570,1306,11575,1396,11560,1404,11555,1505
2020-06-05 09:26:20.480000,11676.35,11570,1306,11575,1396,11560,1404,11555,1505
2020-06-05 09:26:21.590000,11676.35,11565,1500,11570,1306,11560,1404,11555,1505
2020-06-05 09:26:21.850000,11676.35,11565,1500,11570,1306,11560,8,11555,1505
2020-06-05 09:26:22.680000,11676.35,11560,1590,11565,1500,11555,1505,11550,1406
2020-06-05 09:26:23.710000,11675.44,11560,1590,11565,1500,11555,5,11550,1406
2020-06-05 09:26:24.090000,11675.44,11560,1590,11565,1500,11555,1505,11550,1406
2020-06-05 09:26:24.790000,11675.44,11565,1500,11570,1306,11555,1505,11550,1406
2020-06-05 09:26:25.980000,11675.44,11565,1500,11570,1306,11560,1396,11555,1505
2020-06-05 09:26:27.070000,11675.44,11565,1500,11570,1306,11560,1396,11555,1505
2020-06-05 09:26:28.270000,11675.44,11565,1500,11570,1306,11560,1396,11555,1505
2020-06-05 09:26:28.820000,11675.44,11565,1500,11570,1306,11560,1396,11555,1505
2020-06-05 09:26:29.480000,11675.44,11570,1306,11575,1396,11560,1396,11555,1505
2020-06-05 09:26:31.980000,11675.44,11565,1500,11570,1306,11555,1505,11550,1406
2020-06-05 09:26:33.190000,11667.71,11565,1500,11570,1306,11560,1396,11555,1505
2020-06-05 09:26:36.410000,11667.71,11570,1306,11575,1396,11560,1396,11555,1505
2020-06-05 09:26:41.800000,11667.71,11570,1306,11575,1396,11565,1306,11560,1396
2020-06-05 09:26:42.720000,11667.71,11575,1396,11580,1396,11565,1306,11560,1396
2020-06-05 09:26:48.370000,11665.97,11570,1306,11575,1396,11565,1306,11560,1396
2020-06-05 09:26:49.780000,11665.97,11570,1306,11575,1396,11560,1396,11555,1505
2020-06-05 09:26:50.640000,11665.97,11570,1306,11575,1396,11560,980,11555,1505
2020-06-05 09:26:55.670000,11663.87,11565,1500,11570,1306,11560,980,11555,1505
2020-06-05 09:26:56.420000,11663.87,11570,1306,11575,1396,11560,980,11555,1505
2020-06-05 09:26:59.040000,11663.87,11570,1306,11575,1396,11565,1306,11560,980
2020-06-05 09:26:59.270000,11663.87,11570,1306,11575,1396,11560,980,11555,1505
2020-06-05 09:27:00.100000,11663.87,11565,1500,11570,1306,11560,980,11555,1505
2020-06-05 09:27:01.180000,11663.87,11565,1500,11570,1306,11555,1505,11550,1406
2020-06-05 09:27:03.380000,11659.41,11560,1211,11565,1500,11555,1505,11550,1406
2020-06-05 09:27:06.380000,11659.41,11565,1500,11570,1306,11555,1505,11550,1406
2020-06-05 09:27:08.570000,11659.41,11560,1211,11565,1500,11555,1505,11550,1406
2020-06-05 09:27:10.020000,11659.41,11565,1500,11570,1306,11555,1505,11550,1406
2020-06-05 09:27:15.720000,11660.01,11565,1500,11570,1306,11560,980,11555,1505
2020-06-05 09:27:17.380000,11660.01,11565,1500,11570,1306,11555,1505,11550,1406
2020-06-05 09:27:21.160000,11660.01,11560,1211,11565,1500,11555,5,11550,1406
2020-06-05 09:27:24.490000,11656.13,11560,1211,11565,1500,11550,995,11545,1398
2020-06-05 09:27:27.950000,11656.13,11560,1211,11565,1500,11555,1123,11550,995
2020-06-05 09:27:28.970000,11656.13,11565,1500,11570,1306,11555,1123,11550,995
2020-06-05 09:27:30.900000,11656.13,11565,1500,11570,1306,11555,1123,11550,995
2020-06-05 09:27:34.730000,11656.65,11560,1211,11565,1500,11555,1123,11550,995
2020-06-05 09:27:35.760000,11656.65,11560,1211,11565,1500,11550,995,11545,1398
2020-06-05 09:27:39.780000,11656.65,11555,1396,11560,1211,11550,995,11545,1398
2020-06-05 09:27:42.710000,11657.74,11560,1211,11565,1500,11550,995,11545,1398
2020-06-05 09:27:43.780000,11657.74,11555,1396,11560,1211,11545,1398,11540,1211
2020-06-05 09:27:49.010000,11657.74,11555,1396,11560,1211,11550,995,11545,1398
2020-06-05 09:27:51.150000,11657.74,11555,1396,11560,1211,11550,995,11545,1398
2020-06-05 09:27:52.460000,11657.74,11555,1396,11560,1211,11545,1398,11540,1211
2020-06-05 09:27:54.330000,11658.83,11550,1,11555,1396,11545,1398,11540,1211
2020-06-05 09:27:54.620000,11658.83,11555,1396,11560,1211,11545,1398,11540,1211
2020-06-05 09:27:55.430000,11658.83,11550,10,11555,1396,11545,1398,11540,1211
2020-06-05 09:27:56.460000,11658.83,11555,1396,11560,1211,11550,995,11545,1398
2020-06-05 09:27:57.970000,11658.83,11555,1396,11560,1211,11550,579,11545,1398
2020-06-05 09:27:59.660000,11658.83,11555,1395,11560,1211,11545,1398,11540,1211
2020-06-05 09:28:00.160000,11658.83,11555,1395,11560,1211,11545,1398,11540,1211
2020-06-05 09:28:01.220000,11658.83,11555,1395,11560,1211,11545,1398,11540,1211
2020-06-05 09:28:01.610000,11658.83,11560,1211,11565,1500,11550,1123,11545,1398
2020-06-05 09:28:02.360000,11658.83,11555,1046,11560,1211,11550,1123,11545,1398
2020-06-05 09:28:03.320000,11660.96,11555,763,11560,1211,11550,1123,11545,1398
2020-06-05 09:28:03.660000,11660.96,11555,612,11560,1211,11550,1123,11545,1398
2020-06-05 09:28:04.880000,11660.96,11560,1211,11565,1500,11550,1123,11545,1398
2020-06-05 09:28:07.000000,11660.96,11560,1211,11565,1500,11555,1123,11550,1123
2020-06-05 09:28:07.520000,11660.96,11560,1211,11565,1500,11550,1123,11545,1398
2020-06-05 09:28:08.580000,11660.96,11560,1211,11565,1500,11550,1123,11545,1398
2020-06-05 09:28:10.690000,11660.96,11560,1211,11565,1500,11555,1123,11550,1123
2020-06-05 09:28:11.750000,11660.96,11565,1500,11570,1306,11555,1123,11550,1123
2020-06-05 09:28:12.750000,11660.96,11560,1211,11565,1500,11555,1123,11550,1123
2020-06-05 09:28:14.280000,11658.52,11560,1211,11565,1500,11550,1123,11545,1398
2020-06-05 09:28:17.390000,11658.52,11560,1211,11565,1500,11555,1123,11550,1123
2020-06-05 09:28:19.640000,11658.52,11555,11,11560,1211,11550,1123,11545,1398
2020-06-05 09:28:20.110000,11658.52,11555,1046,11560,1211,11550,1123,11545,1398
2020-06-05 09:28:21.420000,11658.52,11555,1046,11560,1211,11550,1123,11545,1398
2020-06-05 09:28:23.810000,11657.57,11560,1211,11565,1500,11550,1123,11545,1398
2020-06-05 09:28:24.860000,11657.57,11555,4,11560,1211,11550,1123,11545,1398
2020-06-05 09:28:30.460000,11657.57,11555,1050,11560,1211,11550,707,11545,1398
2020-06-05 09:28:32.200000,11657.57,11555,4,11560,1211,11550,707,11545,1398
2020-06-05 09:28:42.130000,11652.6,11555,1050,11560,1211,11550,707,11545,1398
2020-06-05 09:28:43.150000,11652.6,11555,1050,11560,1211,11550,707,11545,1398
2020-06-05 09:28:43.370000,11653.52,11555,1050,11560,1211,11545,1398,11540,1211
2020-06-05 09:28:49.680000,11653.52,11555,1050,11560,1211,11550,970,11545,1398
2020-06-05 09:28:54.180000,11652.33,11555,4,11560,1211,11550,970,11545,1398
2020-06-05 09:28:55.280000,11652.33,11560,1211,11565,1500,11555,1119,11550,970
2020-06-05 09:28:57.740000,11652.33,11555,11,11560,1211,11550,970,11545,1398
2020-06-05 09:28:58.890000,11652.33,11560,1211,11565,1500,11550,970,11545,1398
2020-06-05 09:28:59.110000,11652.33,11560,1211,11565,1500,11555,1118,11550,970
2020-06-05 09:29:00.030000,11652.33,11560,900,11565,1500,11555,1118,11550,970
2020-06-05 09:29:01.060000,11652.33,11560,900,11565,1500,11550,970,11545,1398
2020-06-05 09:29:03.080000,11652.64,11555,1046,11560,900,11550,970,11545,1398
2020-06-05 09:29:04.250000,11652.64,11560,900,11565,1500,11550,970,11545,1398
2020-06-05 09:29:04.610000,11652.64,11560,900,11565,1500,11550,554,11545,1398
2020-06-05 09:29:05.370000,11652.64,11560,900,11565,1500,11555,1118,11550,554
2020-06-05 09:29:06.690000,11652.64,11560,900,11565,1500,11550,554,11545,1398
2020-06-05 09:29:09.980000,11652.64,11560,900,11565,1500,11550,554,11545,1398
2020-06-05 09:29:14.780000,11650.57,11555,1046,11560,900,11545,1398,11540,1211
2020-06-05 09:29:18.780000,11650.57,11550,900,11555,1046,11545,1398,11540,1211
2020-06-05 09:29:25.210000,11648.71,11545,9,11550,900,11540,1211,11535,980
2020-06-05 09:29:25.820000,11648.71,11545,909,11550,900,11540,1211,11535,980
2020-06-05 09:29:26.950000,11648.71,11545,900,11550,900,11535,980,11530,1118
2020-06-05 09:29:34.820000,11646.54,11545,900,11550,900,11535,980,11530,1118
2020-06-05 09:29:37.110000,11646.54,11545,900,11550,900,11535,980,11530,1118
2020-06-05 09:29:37.990000,11646.54,11540,900,11545,900,11530,701,11525,900
2020-06-05 09:29:45.300000,11644.68,11535,900,11540,900,11530,701,11525,900
2020-06-05 09:29:45.610000,11644.68,11540,900,11545,900,11530,701,11525,900
2020-06-05 09:29:46.410000,11644.68,11540,900,11545,900,11535,980,11530,701
2020-06-05 09:29:46.910000,11644.68,11545,900,11550,900,11535,980,11530,701
2020-06-05 09:29:47.990000,11644.68,11545,899,11550,900,11535,980,11530,701
2020-06-05 09:29:48.280000,11644.68,11545,899,11550,900,11540,900,11535,980
2020-06-05 09:29:50.080000,11644.68,11545,899,11550,900,11535,980,11530,701
2020-06-05 09:29:52.630000,11644.68,11545,900,11550,900,11535,980,11530,701
2020-06-05 09:29:53.700000,11642.6,11545,900,11550,900,11535,980,11530,701
2020-06-05 09:29:54.020000,11642.6,11540,900,11545,900,11535,980,11530,701
2020-06-05 09:29:55.410000,11642.6,11540,900,11545,900,11530,701,11525,900
2020-06-05 09:29:57.420000,11642.6,11535,900,11540,900,11530,701,11525,900
2020-06-05 09:29:59.540000,11642.6,11530,1055,11535,900,11525,900,11520,904
2020-06-05 09:29:59.780000,11642.6,11530,1046,11535,900,11525,900,11520,904
2020-06-05 09:30:00.580000,11642.6,11530,1046,11535,900,11520,904,11515,900
2020-06-05 09:30:03.420000,11637.55,11535,900,11540,900,11525,900,11520,904
2020-06-05 09:30:05.670000,11637.55,11530,1046,11535,900,11525,900,11520,904
2020-06-05 09:30:07.900000,11637.55,11530,1046,11535,900,11525,900,11520,904
2020-06-05 09:30:09.780000,11637.55,11530,1046,11535,900,11520,904,11515,900
2020-06-05 09:30:11.900000,11637.55,11535,900,11540,900,11525,900,11520,904
2020-06-05 09:30:14.070000,11633.28,11530,1046,11535,900,11525,900,11520,904
2020-06-05 09:30:15.210000,11633.28,11530,851,11535,900,11525,900,11520,904
2020-06-05 09:30:15.660000,11633.28,11535,900,11540,900,11525,900,11520,904
2020-06-05 09:30:18.240000,11633.28,11535,900,11540,900,11530,701,11525,900
2020-06-05 09:30:20.050000,11633.28,11535,900,11540,900,11525,900,11520,904
2020-06-05 09:30:22.710000,11633.28,11535,900,11540,900,11530,701,11525,900
2020-06-05 09:30:22.940000,11632.6,11540,900,11545,900,11530,701,11525,900
2020-06-05 09:30:24.290000,11632.6,11545,900,11550,900,11535,980,11530,701
2020-06-05 09:30:28.500000,11632.6,11545,900,11550,900,11540,901,11535,980
2020-06-05 09:30:30.710000,11632.6,11545,900,11550,900,11540,901,11535,980
2020-06-05 09:30:31.280000,11632.6,11545,1,11550,900,11540,901,11535,980
2020-06-05 09:30:32.250000,11632.6,11550,900,11555,851,11540,901,11535,980
2020-06-05 09:30:33.630000,11631.06,11545,899,11550,900,11540,901,11535,980
2020-06-05 09:30:34.360000,11631.06,11545,899,11550,900,11540,1,11535,980
2020-06-05 09:30:37.050000,11631.06,11545,899,11550,900,11540,901,11535,980
2020-06-05 09:30:37.380000,11631.06,11550,900,11555,851,11540,901,11535,980
2020-06-05 09:30:39.920000,11631.06,11550,900,11555,851,11545,900,11540,901
2020-06-05 09:30:42.850000,11631.06,11550,900,11555,851,11540,901,11535,980
2020-06-05 09:30:44.950000,11633.62,11550,900,11555,851,11540,901,11535,980
2020-06-05 09:30:46.020000,11633.62,11550,900,11555,851,11545,900,11540,901
2020-06-05 09:30:46.270000,11633.62,11550,900,11555,851,11545,900,11540,901
2020-06-05 09:30:47.040000,11633.62,11550,900,11555,851,11540,901,11535,980
2020-06-05 09:30:54.300000,11631.85,11550,900,11555,851,11545,900,11540,901
2020-06-05 09:30:57.000000,11631.85,11550,900,11555,851,11540,901,11535,980
2020-06-05 09:31:00.160000,11631.85,11545,899,11550,900,11540,901,11535,980
2020-06-05 09:31:02.800000,11630.26,11545,899,11550,900,11535,769,11530,789
2020-06-05 09:31:03.830000,11630.26,11545,899,11550,900,11535,769,11530,789
2020-06-05 09:31:07.530000,11630.26,11540,900,11545,899,11535,769,11530,789
2020-06-05 09:31:07.910000,11630.26,11540,900,11545,899,11530,789,11525,789
2020-06-05 09:31:09.550000,11630.26,11540,900,11545,899,11530,789,11525,789
2020-06-05 09:31:09.730000,11630.26,11540,900,11545,899,11535,769,11530,789
2020-06-05 09:31:10.670000,11630.26,11545,899,11550,900,11535,769,11530,789
2020-06-05 09:31:13.780000,11632.35,11540,900,11545,899,11535,769,11530,789
2020-06-05 09:31:14.860000,11632.35,11540,900,11545,899,11530,789,11525,789
2020-06-05 09:31:16.970000,11632.35,11540,900,11545,899,11535,769,11530,789
2020-06-05 09:31:17.360000,11632.35,11545,899,11550,900,11535,769,11530,789
2020-06-05 09:31:22.230000,11632.35,11540,900,11545,899,11535,769,11530,789
2020-06-05 09:31:23.310000,11631.71,11545,899,11550,900,11535,769,11530,789
2020-06-05 09:31:27.980000,11631.71,11540,900,11545,899,11535,769,11530,789
2020-06-05 09:31:29.060000,11631.71,11540,900,11545,899,11530,789,11525,789
2020-06-05 09:31:32.240000,11631.71,11535,900,11540,900,11530,789,11525,789
2020-06-05 09:31:33.600000,11635.43,11535,900,11540,900,11530,789,11525,789
2020-06-05 09:31:34.370000,11635.43,11540,900,11545,899,11535,769,11530,789
2020-06-05 09:31:35.410000,11635.43,11540,900,11545,899,11530,789,11525,789
2020-06-05 09:31:36.410000,11635.43,11540,899,11545,899,11530,789,11525,789
2020-06-05 09:31:37.990000,11635.43,11540,899,11545,899,11535,769,11530,789
2020-06-05 09:31:40.100000,11635.43,11540,899,11545,899,11535,769,11530,789
2020-06-05 09:31:45.380000,11637.75,11545,899,11550,900,11535,769,11530,789
2020-06-05 09:31:45.830000,11637.75,11545,899,11550,900,11540,789,11535,769
2020-06-05 09:31:51.210000,11637.75,11550,900,11555,851,11540,789,11535,769
2020-06-05 09:31:59.000000,11640.93,11545,899,11550,900,11540,789,11535,769
2020-06-05 09:32:01.170000,11640.93,11545,899,11550,900,11535,769,11530,789
2020-06-05 09:32:02.220000,11640.93,11545,899,11550,1200,11535,769,11530,789
2020-06-05 09:32:09.480000,11650.66,11545,899,11550,1200,11540,789,11535,769
2020-06-05 09:32:11.670000,11650.66,11545,899,11550,1200,11535,769,11530,789
2020-06-05 09:32:13.070000,11651.04,11545,899,11550,1200,11540,789,11535,769
2020-06-05 09:32:14.280000,11651.04,11550,1200,11555,851,11540,789,11535,769
2020-06-05 09:32:18.370000,11651.04,11545,899,11550,1200,11540,789,11535,769
2020-06-05 09:32:18.620000,11651.04,11550,1200,11555,851,11540,789,11535,769
2020-06-05 09:32:20.620000,11651.04,11545,899,11550,1200,11540,789,11535,769
2020-06-05 09:32:29.120000,11652.97,11545,899,11550,1200,11540,789,11535,769
2020-06-05 09:32:32.110000,11652.97,11550,1200,11555,851,11540,789,11535,769
2020-06-05 09:32:34.590000,11652.2,11545,899,11550,1200,11540,789,11535,769
2020-06-05 09:32:36.870000,11652.2,11545,899,11550,1200,11535,769,11530,789
2020-06-05 09:32:37.390000,11652.2,11545,899,11550,1200,11540,789,11535,769
2020-06-05 09:32:39.420000,11652.2,11545,899,11550,1200,11540,789,11535,769
2020-06-05 09:32:39.710000,11652.2,11545,899,11550,1200,11540,789,11535,769
2020-06-05 09:32:40.740000,11652.2,11545,899,11550,1200,11540,789,11535,769
2020-06-05 09:32:41.400000,11652.2,11550,1200,11555,851,11540,789,11535,769
2020-06-05 09:32:44.820000,11652.48,11550,1190,11555,851,11540,789,11535,769
2020-06-05 09:32:44.980000,11652.48,11545,899,11550,1190,11540,789,11535,769
2020-06-05 09:32:45.910000,11652.48,11545,899,11550,1190,11535,769,11530,789
2020-06-05 09:32:47.160000,11652.48,11540,899,11545,899,11535,769,11530,789
2020-06-05 09:32:49.160000,11652.48,11545,899,11550,1190,11535,769,11530,789
2020-06-05 09:32:50.540000,11652.48,11545,899,11550,1190,11540,789,11535,769
2020-06-05 09:32:53.400000,11649.04,11550,1190,11555,851,11540,789,11535,769
2020-06-05 09:32:59.780000,11649.04,11545,899,11550,1190,11540,789,11535,769
2020-06-05 09:33:00.830000,11649.04,11545,899,11550,1190,11535,769,11530,789
2020-06-05 09:33:02.380000,11649.04,11540,899,11545,899,11535,769,11530,789
2020-06-05 09:33:03.490000,11652.43,11545,899,11550,1190,11535,769,11530,789
2020-06-05 09:33:04.550000,11652.43,11550,1190,11555,851,11540,789,11535,769
2020-06-05 09:33:06.780000,11652.43,11545,899,11550,1190,11540,789,11535,769
2020-06-05 09:33:07.720000,11652.43,11545,899,11550,1190,11540,789,11535,769
2020-06-05 09:33:13.610000,11651.77,11545,899,11550,1190,11535,769,11530,789
2020-06-05 09:33:18.280000,11651.77,11545,899,11550,1190,11540,789,11535,769
2020-06-05 09:33:18.780000,11651.77,11545,899,11550,1190,11540,789,11535,769
2020-06-05 09:33:19.860000,11651.77,11545,899,11550,1190,11535,769,11530,789
2020-06-05 09:33:20.870000,11651.77,11545,899,11550,1190,11540,789,11535,769
2020-06-05 09:33:21.840000,11651.77,11550,1190,11555,851,11540,789,11535,769
2020-06-05 09:33:25.010000,11651.92,11550,1189,11555,851,11540,789,11535,769
2020-06-05 09:33:31.930000,11651.92,11550,1189,11555,851,11540,789,11535,769
2020-06-05 09:33:33.270000,11652.16,11550,1189,11555,851,11545,789,11540,789
2020-06-05 09:33:35.010000,11652.16,11550,1189,11555,851,11540,789,11535,769
2020-06-05 09:33:37.710000,11652.16,11550,1189,11555,851,11540,789,11535,769
2020-06-05 09:33:39.100000,11652.16,11550,1189,11555,851,11545,789,11540,789
2020-06-05 09:33:42.440000,11652.16,11550,1189,11555,851,11545,789,11540,789
2020-06-05 09:33:46.640000,11650.45,11550,1189,11555,851,11545,789,11540,789
2020-06-05 09:33:48.210000,11650.45,11550,300,11555,851,11545,789,11540,789
2020-06-05 09:33:48.880000,11650.45,11555,851,11560,900,11545,789,11540,789
2020-06-05 09:33:53.060000,11652.62,11555,851,11560,900,11545,789,11540,789
2020-06-05 09:33:54.080000,11652.62,11555,851,11560,900,11550,789,11545,789
2020-06-05 09:33:55.100000,11652.62,11555,851,11560,900,11550,789,11545,789
2020-06-05 09:33:58.220000,11652.62,11555,851,11560,900,11545,789,11540,789
2020-06-05 09:33:58.610000,11652.62,11550,889,11555,851,11545,789,11540,789
2020-06-05 09:33:59.780000,11652.62,11555,851,11560,900,11545,789,11540,789
2020-06-05 09:34:00.170000,11652.62,11550,731,11555,851,11545,789,11540,789
2020-06-05 09:34:01.500000,11652.62,11550,731,11555,851,11545,789,11540,789
2020-06-05 09:34:08.310000,11651.44,11550,731,11555,851,11540,789,11535,769
2020-06-05 09:34:11.370000,11651.44,11545,899,11550,731,11540,789,11535,769
2020-06-05 09:34:12.900000,11651.44,11550,731,11555,851,11540,789,11535,769
2020-06-05 09:34:20.350000,11649.75,11550,731,11555,851,11540,789,11535,769
2020-06-05 09:34:24.800000,11648.7,11550,731,11555,851,11545,789,11540,789
2020-06-05 09:34:28.910000,11648.7,11555,851,11560,900,11545,789,11540,789
2020-06-05 09:34:32.570000,11648.7,11555,851,11560,900,11550,789,11545,789
2020-06-05 09:34:34.120000,11645.32,11560,900,11565,899,11550,789,11545,789
2020-06-05 09:34:41.220000,11645.32,11555,851,11560,900,11550,789,11545,789
2020-06-05 09:34:42.480000,11645.32,11555,851,11560,900,11545,789,11540,789
2020-06-05 09:34:43.310000,11647.0,11555,851,11560,900,11550,789,11545,789
2020-06-05 09:34:44.400000,11647.0,11560,900,11565,899,11550,789,11545,789
2020-06-05 09:34:45.980000,11647.0,11555,851,11560,900,11550,789,11545,789
2020-06-05 09:34:49.100000,11647.0,11555,851,11560,900,11550,789,11545,789
2020-06-05 09:34:49.480000,11647.0,11555,851,11560,900,11545,789,11540,789
2020-06-05 09:34:50.850000,11647.0,11555,851,11560,900,11550,789,11545,789
2020-06-05 09:34:51.710000,11647.0,11555,851,11560,900,11545,789,11540,789
2020-06-05 09:34:54.900000,11644.58,11555,717,11560,900,11545,789,11540,789
2020-06-05 09:34:57.010000,11644.58,11555,717,11560,900,11550,789,11545,789
2020-06-05 09:34:58.740000,11644.58,11560,900,11565,899,11555,789,11550,789
2020-06-05 09:34:59.630000,11644.58,11560,900,11565,899,11555,789,11550,789
2020-06-05 09:35:00.040000,11644.58,11560,900,11565,899,11550,789,11545,789
2020-06-05 09:35:02.740000,11644.58,11560,900,11565,899,11555,789,11550,789
2020-06-05 09:35:04.930000,11645.59,11565,899,11570,899,11555,789,11550,789
2020-06-05 09:35:05.180000,11645.59,11560,692,11565,899,11555,789,11550,789
2020-06-05 09:35:06.970000,11645.59,11565,899,11570,899,11555,789,11550,789
2020-06-05 09:35:08.990000,11645.59,11560,692,11565,899,11555,789,11550,789
2020-06-05 09:35:10.970000,11645.59,11565,899,11570,899,11555,789,11550,789
2020-06-05 09:35:12.710000,11650.4,11565,899,11570,899,11555,789,11550,789
2020-06-05 09:35:14.470000,11650.4,11565,898,11570,899,11555,789,11550,789
2020-06-05 09:35:15.500000,11650.4,11565,898,11570,899,11560,769,11555,789
2020-06-05 09:35:16.440000,11650.4,11565,898,11570,899,11555,789,11550,789
2020-06-05 09:35:17.950000,11650.4,11565,898,11570,899,11555,789,11550,789
2020-06-05 09:35:23.860000,11652.26,11565,898,11570,899,11555,790,11550,789
2020-06-05 09:35:24.300000,11652.26,11560,692,11565,898,11555,790,11550,789
2020-06-05 09:35:25.580000,11652.26,11560,692,11565,898,11555,790,11550,789
2020-06-05 09:35:26.500000,11652.26,11565,898,11570,899,11555,790,11550,789
2020-06-05 09:35:27.690000,11652.26,11565,898,11570,899,11555,790,11550,789
2020-06-05 09:35:32.310000,11652.26,11565,898,11570,899,11555,790,11550,789
2020-06-05 09:35:33.510000,11652.36,11560,692,11565,898,11555,790,11550,789
2020-06-05 09:35:34.370000,11652.36,11565,898,11570,899,11555,790,11550,789
2020-06-05 09:35:37.780000,11652.36,11565,898,11570,899,11555,790,11550,789
2020-06-05 09:35:39.280000,11652.36,11570,899,11575,731,11560,769,11555,790
2020-06-05 09:35:42.260000,11652.36,11570,899,11575,731,11560,769,11555,790
2020-06-05 09:35:45.380000,11652.2,11565,644,11570,899,11560,769,11555,790
2020-06-05 09:35:50.850000,11652.2,11570,899,11575,731,11560,769,11555,790
2020-06-05 09:35:52.080000,11652.2,11565,644,11570,899,11560,769,11555,790
2020-06-05 09:35:52.880000,11652.2,11570,899,11575,731,11560,769,11555,790
2020-06-05 09:35:53.220000,11655.47,11570,899,11575,731,11565,789,11560,769
2020-06-05 09:35:57.550000,11655.47,11570,899,11575,731,11560,769,11555,790
2020-06-05 09:35:57.880000,11655.47,11565,644,11570,899,11560,769,11555,790
2020-06-05 09:35:58.640000,11655.47,11565,644,11570,899,11560,769,11555,790
2020-06-05 09:35:59.800000,11655.47,11565,644,11570,899,11560,769,11555,790
2020-06-05 09:36:00.820000,11655.47,11570,899,11575,731,11560,769,11555,790
2020-06-05 09:36:05.380000,11660.81,11570,899,11575,731,11565,597,11560,769
2020-06-05 09:36:05.910000,11660.81,11570,899,11575,731,11560,769,11555,790
2020-06-05 09:36:08.360000,11660.81,11570,899,11575,731,11565,597,11560,769
2020-06-05 09:36:11.800000,11660.81,11575,731,11580,717,11565,597,11560,769
2020-06-05 09:36:12.200000,11664.6,11575,731,11580,717,11570,597,11565,597
2020-06-05 09:36:13.500000,11664.6,11580,717,11585,692,11570,597,11565,597
2020-06-05 09:36:14.780000,11664.6,11575,731,11580,717,11570,597,11565,597
2020-06-05 09:36:18.120000,11664.6,11575,731,11580,717,11565,597,11560,769
2020-06-05 09:36:19.140000,11664.6,11575,731,11580,717,11570,597,11565,597
2020-06-05 09:36:21.230000,11664.6,11580,717,11585,692,11570,597,11565,597
2020-06-05 09:36:22.620000,11664.6,11580,717,11585,692,11570,597,11565,597
2020-06-05 09:36:23.340000,11666.95,11575,731,11580,717,11570,597,11565,597
2020-06-05 09:36:25.070000,11666.95,11580,717,11585,692,11570,597,11565,597
2020-06-05 09:36:26.990000,11666.95,11575,731,11580,717,11570,597,11565,597
2020-06-05 09:36:29.380000,11666.95,11580,717,11585,692,11570,597,11565,597
2020-06-05 09:36:30.170000,11666.95,11575,553,11580,717,11570,597,11565,597
2020-06-05 09:36:32.760000,11666.95,11580,717,11585,692,11570,597,11565,597
2020-06-05 09:36:37.300000,11669.89,11575,553,11580,717,11570,597,11565,597
2020-06-05 09:36:38.070000,11669.89,11580,717,11585,692,11570,597,11565,597
2020-06-05 09:36:45.770000,11671.9,11580,717,11585,692,11570,597,11565,1097
2020-06-05 09:36:46.570000,11671.9,11575,553,11580,717,11570,597,11565,1097
2020-06-05 09:36:47.000000,11671.9,11580,717,11585,692,11570,597,11565,1097
2020-06-05 09:36:53.160000,11671.03,11580,717,11585,692,11570,597,11565,1097
2020-06-05 09:36:57.130000,11671.03,11575,553,11580,717,11570,597,11565,1097
2020-06-05 09:36:57.580000,11671.03,11575,553,11580,717,11565,1097,11560,769
2020-06-05 09:36:59.250000,11671.03,11575,553,11580,717,11565,1097,11560,769
2020-06-05 09:36:59.640000,11671.03,11575,553,11580,717,11570,597,11565,1097
2020-06-05 09:37:01.670000,11671.03,11580,717,11585,692,11570,597,11565,1097
2020-06-05 09:37:04.180000,11669.65,11580,716,11585,692,11575,553,11570,597
2020-06-05 09:37:06.150000,11669.65,11580,716,11585,692,11570,597,11565,1097
2020-06-05 09:37:13.220000,11671.33,11580,716,11585,692,11575,553,11570,597
2020-06-05 09:37:14.070000,11671.33,11580,553,11585,692,11575,553,11570,597
2020-06-05 09:37:15.640000,11671.33,11580,553,11585,692,11570,597,11565,1097
2020-06-05 09:37:19.350000,11671.33,11580,553,11585,692,11570,597,11565,1097
2020-06-05 09:37:20.390000,11671.33,11575,553,11580,553,11570,597,11565,1097
2020-06-05 09:37:24.050000,11672.03,11575,553,11580,566,11570,597,11565,1097
2020-06-05 09:37:24.970000,11672.03,11575,553,11580,566,11570,597,11565,1097
2020-06-05 09:37:25.640000,11672.03,11575,553,11580,566,11570,597,11565,1097
2020-06-05 09:37:26.630000,11672.03,11575,553,11580,566,11570,597,11565,1097
2020-06-05 09:37:26.810000,11672.03,11580,566,11585,692,11570,597,11565,1097
2020-06-05 09:37:27.640000,11672.03,11575,13,11580,566,11570,597,11565,1097
2020-06-05 09:37:27.920000,11672.03,11575,13,11580,566,11570,597,11565,1097
2020-06-05 09:37:31.080000,11672.03,11575,566,11580,566,11570,597,11565,1097
2020-06-05 09:37:32.280000,11672.03,11575,566,11580,566,11570,597,11565,1097
2020-06-05 09:37:33.980000,11671.37,11575,13,11580,566,11570,597,11565,1097
2020-06-05 09:37:37.110000,11671.37,11575,566,11580,566,11570,597,11565,1097
2020-06-05 09:37:38.570000,11671.37,11575,13,11580,566,11570,597,11565,1097
2020-06-05 09:37:41.250000,11671.37,11575,566,11580,566,11570,597,11565,1097
2020-06-05 09:37:44.650000,11667.56,11575,566,11580,566,11565,1097,11560,769
2020-06-05 09:37:50.200000,11667.56,11575,66,11580,566,11565,597,11560,769
2020-06-05 09:37:50.810000,11667.56,11570,597,11575,66,11560,769,11555,790
2020-06-05 09:37:51.900000,11667.56,11570,597,11575,66,11560,769,11555,790
2020-06-05 09:37:53.410000,11670.24,11570,597,11575,66,11565,597,11560,769
2020-06-05 09:37:55.540000,11670.24,11575,66,11580,566,11565,597,11560,769
2020-06-05 09:37:59.190000,11670.24,11575,66,11580,566,11565,597,11560,769
2020-06-05 09:38:00.710000,11670.24,11575,66,11580,566,11565,597,11560,769
2020-06-05 09:38:01.300000,11670.24,11575,66,11580,566,11570,597,11565,597
2020-06-05 09:38:02.770000,11670.3,11575,66,11580,566,11565,597,11560,769
2020-06-05 09:38:06.500000,11670.3,11570,597,11575,66,11565,597,11560,769
2020-06-05 09:38:06.640000,11670.3,11575,66,11580,566,11565,597,11560,769
2020-06-05 09:38:10.220000,11670.3,11575,66,11580,566,11570,597,11565,597
2020-06-05 09:38:12.450000,11670.3,11575,66,11580,566,11565,597,11560,769
2020-06-05 09:38:13.410000,11667.64,11570,597,11575,66,11565,597,11560,769
2020-06-05 09:38:13.670000,11667.64,11570,597,11575,66,11560,769,11555,790
2020-06-05 09:38:14.420000,11667.64,11570,597,11575,66,11565,597,11560,769
2020-06-05 09:38:15.470000,11667.64,11570,597,11575,66,11560,769,11555,790
2020-06-05 09:38:16.520000,11667.64,11570,597,11575,66,11565,597,11560,769
2020-06-05 09:38:16.870000,11667.64,11575,66,11580,566,11565,597,11560,769
2020-06-05 09:38:17.580000,11667.64,11575,66,11580,566,11570,597,11565,597
2020-06-05 09:38:22.890000,11666.47,11575,66,11580,566,11565,597,11560,769
2020-06-05 09:38:25.480000,11666.47,11575,66,11580,566,11570,597,11565,597
2020-06-05 09:38:29.670000,11666.47,11575,66,11580,566,11565,597,11560,769
2020-06-05 09:38:31.010000,11666.47,11575,66,11580,566,11570,597,11565,597
2020-06-05 09:38:32.140000,11666.47,11575,66,11580,566,11565,597,11560,769
2020-06-05 09:38:37.900000,11666.16,11575,66,11580,566,11570,597,11565,597
2020-06-05 09:38:45.180000,11667.74,11580,566,11585,692,11570,597,11565,597
2020-06-05 09:38:46.370000,11667.74,11580,566,11585,692,11575,553,11570,597
2020-06-05 09:38:46.940000,11667.74,11580,566,11585,692,11575,553,11570,602
2020-06-05 09:38:53.390000,11668.4,11580,565,11585,692,11575,553,11570,602
2020-06-05 09:38:55.880000,11668.4,11580,13,11585,692,11575,553,11570,602
2020-06-05 09:38:57.440000,11668.4,11580,13,11585,692,11575,553,11570,602
2020-06-05 09:38:58.550000,11668.4,11585,692,11590,657,11575,553,11570,602
2020-06-05 09:38:58.780000,11668.4,11590,657,11595,597,11580,514,11575,653
2020-06-05 09:39:03.860000,11670.78,11590,657,11595,597,11585,514,11580,514
2020-06-05 09:39:05.170000,11670.78,11590,657,11595,597,11580,514,11575,653
2020-06-05 09:39:07.470000,11670.78,11585,514,11590,657,11580,514,11575,653
2020-06-05 09:39:09.870000,11670.78,11590,657,11595,597,11580,514,11575,653
2020-06-05 09:39:11.110000,11670.78,11585,514,11590,657,11580,514,11575,653
2020-06-05 09:39:15.180000,11674.93,11585,514,11590,657,11575,653,11570,602
2020-06-05 09:39:16.220000,11674.93,11585,514,11590,657,11580,514,11575,653
2020-06-05 09:39:17.120000,11674.93,11585,514,11590,657,11580,514,11575,653
2020-06-05 09:39:18.140000,11674.93,11585,514,11590,657,11575,653,11570,602
2020-06-05 09:39:19.390000,11674.93,11585,494,11590,657,11580,514,11575,653
2020-06-05 09:39:20.540000,11674.93,11585,494,11590,657,11580,514,11575,653
2020-06-05 09:39:23.490000,11676.11,11590,657,11595,597,11580,514,11575,653
2020-06-05 09:39:26.070000,11676.11,11585,494,11590,657,11580,514,11575,653
2020-06-05 09:39:29.760000,11676.11,11585,494,11590,657,11575,653,11570,602
2020-06-05 09:39:30.100000,11676.11,11585,494,11590,657,11575,653,11570,602
2020-06-05 09:39:33.100000,11679.14,11585,494,11590,657,11580,514,11575,653
2020-06-05 09:39:35.040000,11679.14,11585,494,11590,657,11575,653,11570,602
2020-06-05 09:39:36.100000,11679.14,11585,494,11590,657,11580,514,11575,653
2020-06-05 09:39:36.860000,11679.14,11585,494,11590,657,11575,653,11570,602
2020-06-05 09:39:37.790000,11679.14,11585,494,11590,657,11580,514,11575,653
2020-06-05 09:39:40.250000,11679.14,11585,494,11590,657,11575,653,11570,602
2020-06-05 09:39:42.780000,11679.14,11585,494,11590,657,11580,514,11575,653
2020-06-05 09:39:50.270000,11681.77,11590,657,11595,597,11580,514,11575,653
2020-06-05 09:39:50.470000,11681.77,11590,657,11595,597,11580,514,11575,653
2020-06-05 09:39:55.870000,11682.36,11590,657,11595,597,11585,514,11580,514
2020-06-05 09:39:58.200000,11682.36,11590,657,11595,597,11580,514,11575,653
2020-06-05 09:39:59.120000,11682.36,11590,13,11595,597,11585,514,11580,514
2020-06-05 09:40:00.230000,11682.36,11595,597,11600,753,11585,514,11580,514
2020-06-05 09:40:01.190000,11682.36,11595,597,11600,753,11590,597,11585,514
2020-06-05 09:40:03.900000,11685.45,11600,753,11605,562,11595,40,11590,597
2020-06-05 09:40:04.090000,11685.45,11600,753,11605,562,11590,597,11585,514
2020-06-05 09:40:04.930000,11685.45,11595,597,11600,753,11590,597,11585,514
2020-06-05 09:40:05.150000,11685.45,11600,753,11605,562,11590,597,11585,514
2020-06-05 09:40:08.370000,11685.45,11600,753,11605,562,11595,597,11590,597
2020-06-05 09:40:09.150000,11685.45,11600,753,11605,562,11590,597,11585,514
2020-06-05 09:40:09.700000,11685.45,11600,753,11605,562,11595,597,11590,597
2020-06-05 09:40:11.510000,11685.45,11600,753,11605,562,11590,597,11585,514
2020-06-05 09:40:13.380000,11690.23,11600,753,11605,562,11595,597,11590,597
2020-06-05 09:40:13.950000,11690.23,11600,753,11605,562,11590,597,11585,514
2020-06-05 09:40:14.520000,11690.23,11600,753,11605,562,11595,597,11590,597
2020-06-05 09:40:20.160000,11690.23,11600,201,11605,562,11595,597,11590,597
2020-06-05 09:40:21.400000,11690.23,11600,753,11605,562,11590,597,11585,514
2020-06-05 09:40:21.770000,11690.23,11600,753,11605,562,11590,597,11585,514
2020-06-05 09:40:23.940000,11692.25,11595,484,11600,753,11590,597,11585,514
2020-06-05 09:40:28.470000,11692.25,11600,753,11605,562,11590,597,11585,514
2020-06-05 09:40:29.300000,11692.25,11600,753,11605,562,11590,597,11585,514
2020-06-05 09:40:29.680000,11692.25,11595,484,11600,753,11590,597,11585,514
2020-06-05 09:40:30.930000,11692.25,11600,753,11605,562,11590,597,11585,514
2020-06-05 09:40:31.360000,11692.25,11595,484,11600,753,11590,597,11585,514
2020-06-05 09:40:32.390000,11692.25,11600,753,11605,562,11590,597,11585,514
2020-06-05 09:40:32.960000,11695.27,11595,484,11600,753,11590,597,11585,514
2020-06-05 09:40:34.000000,11695.27,11600,753,11605,562,11590,597,11585,514
2020-06-05 09:40:35.670000,11695.27,11595,484,11600,753,11590,597,11585,514
2020-06-05 09:40:38.110000,11695.27,11600,753,11605,562,11590,597,11585,514
2020-06-05 09:40:39.910000,11695.27,11595,484,11600,753,11590,597,11585,514
2020-06-05 09:40:40.390000,11695.27,11600,753,11605,562,11590,597,11585,514
2020-06-05 09:40:44.180000,11695.27,11595,483,11600,753,11590,597,11585,514
2020-06-05 09:40:49.290000,11692.35,11600,753,11605,562,11590,597,11585,514
2020-06-05 09:40:51.440000,11692.35,11595,483,11600,753,11590,597,11585,514
2020-06-05 09:40:54.720000,11693.45,11595,482,11600,753,11590,597,11585,514
2020-06-05 09:40:55.940000,11693.45,11600,753,11605,562,11590,597,11585,514
2020-06-05 09:40:58.160000,11693.45,11595,482,11600,753,11590,597,11585,514
2020-06-05 09:41:01.020000,11693.45,11600,753,11605,562,11590,597,11585,514
2020-06-05 09:41:01.270000,11693.45,11595,482,11600,753,11590,597,11585,514
2020-06-05 09:41:03.130000,11693.45,11595,482,11600,753,11585,514,11580,514
2020-06-05 09:41:03.460000,11693.45,11590,484,11595,482,11585,514,11580,514
2020-06-05 09:41:04.640000,11693.45,11590,484,11595,482,11580,514,11575,653
2020-06-05 09:41:08.250000,11695.26,11590,464,11595,482,11580,514,11575,653
2020-06-05 09:41:10.920000,11695.26,11590,464,11595,482,11585,1,11580,514
2020-06-05 09:41:11.990000,11695.26,11590,464,11595,482,11585,515,11580,514
2020-06-05 09:41:12.490000,11695.26,11590,464,11595,482,11585,1,11580,514
2020-06-05 09:41:14.680000,11695.26,11590,463,11595,482,11585,1,11580,514
2020-06-05 09:41:18.960000,11694.68,11585,493,11590,463,11580,514,11575,653
2020-06-05 09:41:21.580000,11694.68,11590,463,11595,482,11580,514,11575,653
2020-06-05 09:41:24.210000,11694.68,11585,493,11590,463,11580,514,11575,653
2020-06-05 09:41:28.640000,11694.44,11590,463,11595,482,11580,514,11575,653
2020-06-05 09:41:30.580000,11694.44,11585,493,11590,463,11580,514,11575,653
2020-06-05 09:41:31.770000,11694.44,11590,463,11595,482,11580,514,11575,653
2020-06-05 09:41:34.740000,11694.44,11585,493,11590,463,11580,514,11575,653
2020-06-05 09:41:35.880000,11695.42,11590,463,11595,482,11580,514,11575,653
2020-06-05 09:41:36.660000,11695.42,11585,493,11590,463,11580,514,11575,653
2020-06-05 09:41:37.360000,11695.42,11585,493,11590,463,11580,460,11575,653
2020-06-05 09:41:37.580000,11695.42,11585,493,11590,463,11575,653,11570,602
2020-06-05 09:41:38.440000,11695.42,11580,552,11585,493,11575,553,11570,602
2020-06-05 09:41:43.160000,11695.42,11585,493,11590,463,11575,553,11570,602
2020-06-05 09:41:43.950000,11695.42,11585,493,11590,463,11580,460,11575,553
2020-06-05 09:41:44.890000,11688.44,11585,493,11590,463,11575,553,11570,602
2020-06-05 09:41:46.720000,11688.44,11580,552,11585,493,11575,553,11570,602
2020-06-05 09:41:49.000000,11688.44,11585,493,11590,463,11575,553,11570,602
2020-06-05 09:41:50.390000,11688.44,11585,493,11590,463,11580,460,11575,553
2020-06-05 09:41:50.890000,11688.44,11590,463,11595,482,11580,460,11575,553
2020-06-05 09:41:56.870000,11688.7,11585,493,11590,463,11580,460,11575,553
2020-06-05 09:42:00.070000,11688.7,11585,493,11590,463,11575,553,11570,602
2020-06-05 09:42:02.070000,11688.7,11585,493,11590,463,11580,460,11575,553
2020-06-05 09:42:04.210000,11688.7,11590,463,11595,482,11580,460,11575,553
2020-06-05 09:42:18.050000,11690.92,11585,493,11590,463,11580,460,11575,553
2020-06-05 09:42:20.970000,11690.92,11590,463,11595,482,11580,460,11575,553
2020-06-05 09:42:26.560000,11686.74,11585,493,11590,463,11580,460,11575,553
2020-06-05 09:42:35.250000,11686.74,11585,493,11590,463,11575,553,11570,602
2020-06-05 09:42:36.590000,11689.08,11585,493,11590,463,11580,460,11575,553
2020-06-05 09:42:37.390000,11689.08,11585,493,11590,463,11580,460,11575,553
2020-06-05 09:42:43.740000,11689.08,11590,463,11595,482,11580,460,11575,553
2020-06-05 09:42:46.730000,11689.1,11590,463,11595,482,11585,514,11580,460
2020-06-05 09:42:48.520000,11689.1,11590,463,11595,482,11580,460,11575,553
2020-06-05 09:42:48.910000,11689.1,11590,463,11595,482,11585,514,11580,465
2020-06-05 09:42:52.120000,11689.1,11590,463,11595,482,11585,514,11580,465
2020-06-05 09:42:54.240000,11689.1,11590,463,11595,482,11585,460,11580,465
2020-06-05 09:42:54.520000,11689.1,11590,463,11595,482,11585,108,11580,465
2020-06-05 09:42:55.290000,11691.12,11590,463,11595,482,11585,54,11580,465
2020-06-05 09:42:55.620000,11691.12,11590,463,11595,482,11580,465,11575,553
2020-06-05 09:42:57.550000,11691.12,11590,463,11595,482,11580,465,11575,553
2020-06-05 09:43:05.610000,11690.95,11590,463,11595,482,11585,460,11580,465
2020-06-05 09:43:06.140000,11690.95,11590,463,11595,482,11580,465,11575,553
2020-06-05 09:43:07.330000,11690.95,11590,463,11595,482,11585,460,11580,465
2020-06-05 09:43:07.550000,11690.95,11590,463,11595,482,11580,465,11575,553
2020-06-05 09:43:09.670000,11690.95,11590,463,11595,482,11580,465,11575,553
2020-06-05 09:43:14.550000,11690.95,11585,493,11590,463,11580,465,11575,553
