time,nav,sell1,sell1_cnt,sell2,sell2_cnt,buy1,buy1_cnt,buy2,buy2_cnt
2020-06-09 09:06:56.890000,0.0,11860,2160,11865,2110,11855,2590,11850,5442
2020-06-09 09:06:57.780000,0.0,11860,2160,11865,2110,11850,5442,11845,5673
2020-06-09 09:06:58.780000,0.0,11860,2160,11865,2110,11855,2590,11850,5442
2020-06-09 09:06:59.980000,0.0,11860,50,11865,2110,11855,2590,11850,5442
2020-06-09 09:07:01.080000,0.0,11860,40,11865,2110,11855,5923,11850,5442
2020-06-09 09:07:02.280000,0.0,11865,2110,11870,2340,11855,2590,11850,5442
2020-06-09 09:07:03.480000,0.0,11865,2110,11870,2340,11855,2575,11850,5442
2020-06-09 09:07:04.860000,11938.31,11865,2110,11870,2340,11860,2720,11855,5908
2020-06-09 09:07:05.990000,11938.31,11870,2340,11875,2510,11860,2720,11855,5908
2020-06-09 09:07:07.150000,11938.31,11870,2340,11875,2510,11860,2720,11855,5908
2020-06-09 09:07:09.170000,11938.31,11870,2340,11875,2510,11860,6053,11855,5908
2020-06-09 09:07:10.280000,11938.31,11870,2340,11875,2510,11860,2720,11855,5908
2020-06-09 09:07:11.370000,11938.31,11870,2340,11875,2510,11860,6053,11855,5908
2020-06-09 09:07:12.570000,11938.31,11870,2340,11875,2510,11865,2408,11860,6053
2020-06-09 09:07:13.680000,11938.31,11870,2340,11875,2510,11865,2408,11860,6053
2020-06-09 09:07:15.870000,11938.57,11875,2510,11880,2110,11865,2408,11860,6053
2020-06-09 09:07:16.900000,11938.57,11870,2340,11875,2510,11865,2408,11860,6053
2020-06-09 09:07:18.070000,11938.57,11870,2340,11875,2510,11860,2720,11855,6008
2020-06-09 09:07:19.100000,11938.57,11865,2720,11870,2340,11860,2720,11855,6008
2020-06-09 09:07:21.380000,11938.57,11870,2340,11875,2510,11860,2719,11855,6008
2020-06-09 09:07:24.650000,11939.86,11870,2390,11875,2510,11860,2719,11855,6008
2020-06-09 09:07:25.680000,11939.86,11870,2390,11875,2510,11860,2719,11855,6008
2020-06-09 09:07:26.670000,11939.86,11865,2720,11870,2390,11860,2719,11855,6008
2020-06-09 09:07:27.780000,11939.86,11865,2720,11870,2390,11855,6008,11850,5442
2020-06-09 09:07:28.870000,11939.86,11865,2720,11870,2390,11855,6008,11850,5442
2020-06-09 09:07:30.080000,11939.86,11865,2720,11870,2390,11855,6008,11850,5442
2020-06-09 09:07:31.280000,11939.86,11865,2720,11870,2390,11855,6018,11850,5442
2020-06-09 09:07:32.390000,11939.86,11865,2720,11870,2390,11860,2819,11855,6018
2020-06-09 09:07:34.770000,11938.4,11870,2390,11875,2510,11860,2804,11855,6018
2020-06-09 09:07:35.910000,11938.4,11865,2720,11870,2390,11860,85,11855,2685
2020-06-09 09:07:37.900000,11938.4,11865,2720,11870,2390,11860,85,11855,6018
2020-06-09 09:07:39.010000,11938.4,11865,2720,11870,2390,11860,85,11855,2685
2020-06-09 09:07:40.100000,11938.4,11865,2720,11870,2390,11860,85,11855,2685
2020-06-09 09:07:41.140000,11938.4,11865,2720,11870,2390,11860,85,11855,6018
2020-06-09 09:07:42.280000,11938.4,11865,2720,11870,2390,11860,85,11855,5918
2020-06-09 09:07:43.370000,11938.4,11865,2720,11870,2390,11860,2804,11855,5918
2020-06-09 09:07:44.480000,11940.0,11865,2720,11870,2390,11860,2804,11855,5918
2020-06-09 09:07:45.480000,11940.0,11870,2390,11875,2510,11860,2804,11855,5918
2020-06-09 09:07:46.570000,11940.0,11870,2390,11875,2510,11860,2804,11855,5918
2020-06-09 09:07:47.670000,11940.0,11865,2720,11870,2390,11860,2804,11855,5918
2020-06-09 09:07:48.780000,11940.0,11865,2720,11870,2390,11860,2804,11855,5918
2020-06-09 09:07:51.920000,11940.0,11865,2720,11870,2390,11860,2804,11855,5918
2020-06-09 09:07:53.920000,11940.0,11870,2390,11875,2510,11860,2804,11855,5918
2020-06-09 09:07:57.100000,11937.59,11870,2440,11875,2510,11865,2408,11860,6137
2020-06-09 09:07:58.130000,11937.59,11870,2440,11875,2510,11865,2407,11860,6137
2020-06-09 09:07:59.220000,11937.59,11870,2440,11875,2510,11860,6137,11855,5918
2020-06-09 09:08:01.340000,11937.59,11870,2440,11875,2510,11860,6137,11855,5918
2020-06-09 09:08:02.410000,11937.59,11870,2440,11875,2510,11865,2407,11860,6137
2020-06-09 09:08:03.470000,11937.59,11870,100,11875,2510,11865,2407,11860,6137
2020-06-09 09:08:04.160000,11937.86,11870,2440,11875,2510,11865,2407,11860,6137
2020-06-09 09:08:06.090000,11937.86,11870,2440,11875,2510,11860,6137,11855,5918
2020-06-09 09:08:07.150000,11937.86,11865,2720,11870,2440,11860,2804,11855,5918
2020-06-09 09:08:11.390000,11937.86,11865,2720,11870,2440,11860,2804,11855,5918
2020-06-09 09:08:14.570000,11935.08,11870,2440,11875,2510,11860,2804,11855,5918
2020-06-09 09:08:15.200000,11935.08,11865,2720,11870,2440,11860,2804,11855,5918
2020-06-09 09:08:17.170000,11935.08,11865,2720,11870,2440,11860,2804,11855,5918
2020-06-09 09:08:18.810000,11935.08,11865,2720,11870,2440,11855,5918,11850,5442
2020-06-09 09:08:19.870000,11935.08,11865,2720,11870,2440,11855,2585,11850,5442
2020-06-09 09:08:21.010000,11935.08,11860,3010,11865,2720,11855,2585,11850,5442
2020-06-09 09:08:22.180000,11935.08,11860,3010,11865,2720,11855,10,11850,5442
2020-06-09 09:08:24.510000,11938.95,11860,3010,11865,2720,11850,5442,11845,5673
2020-06-09 09:08:25.580000,11938.95,11855,3010,11860,3010,11845,5673,11840,6443
2020-06-09 09:08:26.590000,11938.95,11855,3010,11860,3010,11845,5673,11840,6443
2020-06-09 09:08:27.680000,11938.95,11855,3010,11860,3010,11850,3010,11845,5673
2020-06-09 09:08:28.740000,11938.95,11860,3010,11865,2720,11850,3010,11845,5673
2020-06-09 09:08:29.780000,11938.95,11855,3010,11860,3060,11850,2960,11845,5673
2020-06-09 09:08:30.880000,11938.95,11855,3010,11860,3060,11845,5673,11840,6443
2020-06-09 09:08:31.980000,11938.95,11855,3010,11860,3060,11850,2960,11845,5673
2020-06-09 09:08:32.900000,11938.95,11855,3010,11860,3060,11850,2959,11845,5673
2020-06-09 09:08:33.960000,11938.95,11855,3010,11860,3060,11850,2959,11845,5673
2020-06-09 09:08:35.460000,11935.85,11855,3010,11860,3060,11850,2959,11845,5673
2020-06-09 09:08:35.960000,11935.85,11855,3010,11860,3060,11850,2959,11845,5673
2020-06-09 09:08:37.020000,11935.85,11855,3010,11860,3060,11850,2944,11845,5673
2020-06-09 09:08:40.200000,11935.85,11855,3010,11860,3060,11850,2944,11845,5673
2020-06-09 09:08:41.210000,11935.85,11860,3060,11865,2720,11850,2944,11845,5673
2020-06-09 09:08:41.850000,11935.85,11855,3010,11860,3060,11850,2944,11845,5673
2020-06-09 09:08:42.900000,11935.85,11855,3010,11860,3060,11845,5673,11840,6443
2020-06-09 09:08:46.020000,11931.74,11855,3010,11860,3060,11850,2944,11845,5673
2020-06-09 09:08:49.110000,11931.74,11860,3060,11865,2720,11850,2944,11845,5673
2020-06-09 09:08:50.190000,11931.74,11855,3010,11860,3060,11845,5673,11840,6443
2020-06-09 09:08:51.240000,11931.74,11855,3010,11860,3060,11850,2944,11845,5673
2020-06-09 09:08:53.360000,11931.74,11860,3060,11865,2720,11850,2944,11845,5673
2020-06-09 09:08:55.420000,11928.7,11860,3060,11865,2720,11850,2944,11845,5673
2020-06-09 09:08:56.460000,11928.7,11855,3010,11860,3060,11850,2944,11845,5673
2020-06-09 09:08:57.500000,11928.7,11855,3010,11860,3060,11850,2944,11845,5673
2020-06-09 09:08:59.610000,11928.7,11855,3010,11860,3060,11850,2944,11845,5673
2020-06-09 09:09:00.660000,11928.7,11855,3010,11860,3060,11850,2944,11845,5673
2020-06-09 09:09:03.780000,11928.7,11855,50,11860,3060,11850,2894,11845,5673
2020-06-09 09:09:05.330000,11927.86,11855,3060,11860,3060,11850,2894,11845,5673
2020-06-09 09:09:05.910000,11927.86,11855,3060,11860,3060,11850,2894,11845,5673
2020-06-09 09:09:06.950000,11927.86,11855,3060,11860,3060,11850,2707,11845,5673
2020-06-09 09:09:08.000000,11927.86,11855,3060,11860,3060,11850,2692,11845,5673
2020-06-09 09:09:09.110000,11927.86,11855,50,11860,3060,11850,2691,11845,5673
2020-06-09 09:09:10.270000,11927.86,11855,50,11860,3060,11850,2691,11845,5673
2020-06-09 09:09:11.480000,11927.86,11860,3060,11865,2720,11850,2691,11845,5673
2020-06-09 09:09:13.780000,11927.86,11860,3060,11865,2720,11850,6024,11845,5673
2020-06-09 09:09:15.840000,11924.16,11860,3060,11865,2720,11850,2691,11845,5673
2020-06-09 09:09:16.910000,11924.16,11860,3060,11865,2720,11850,6024,11845,5673
2020-06-09 09:09:21.100000,11924.16,11860,2672,11865,2720,11855,2575,11850,6024
2020-06-09 09:09:22.150000,11924.16,11860,2672,11865,2720,11850,6024,11845,5673
2020-06-09 09:09:23.190000,11924.16,11860,2672,11865,2720,11850,6024,11845,5673
2020-06-09 09:09:24.240000,11924.16,11860,2672,11865,2720,11855,2575,11850,6024
2020-06-09 09:09:26.290000,11929.96,11860,2672,11865,2720,11850,6024,11845,5673
2020-06-09 09:09:27.400000,11929.96,11860,2672,11865,2720,11855,2575,11850,6024
2020-06-09 09:09:28.430000,11929.96,11860,2672,11865,2720,11855,2575,11850,6024
2020-06-09 09:09:29.050000,11929.96,11860,2672,11865,2720,11855,2575,11850,6024
2020-06-09 09:09:32.140000,11929.96,11860,2672,11865,2720,11855,2575,11850,6024
2020-06-09 09:09:35.220000,11930.8,11860,2672,11865,2720,11855,2575,11850,6029
2020-06-09 09:09:35.770000,11930.8,11860,2722,11865,2720,11855,2575,11850,6029
2020-06-09 09:09:39.000000,11930.8,11860,2722,11865,2720,11855,2560,11850,6029
2020-06-09 09:09:42.170000,11930.8,11860,2722,11865,2720,11855,2560,11850,6029
2020-06-09 09:09:44.250000,11928.51,11860,2722,11865,2720,11855,2559,11850,6029
2020-06-09 09:09:45.330000,11928.51,11860,2722,11865,2720,11850,6029,11845,5673
2020-06-09 09:09:46.340000,11928.51,11860,2722,11865,2720,11850,2696,11845,5673
2020-06-09 09:09:46.970000,11928.51,11855,3010,11860,2722,11850,2696,11845,5673
2020-06-09 09:09:49.180000,11928.51,11860,2722,11865,2720,11850,2696,11845,5673
2020-06-09 09:09:50.170000,11928.51,11860,2722,11865,2720,11850,6029,11845,5673
2020-06-09 09:09:52.480000,11928.51,11860,2722,11865,2720,11850,6029,11845,5673
2020-06-09 09:09:56.490000,11930.71,11860,2722,11865,2720,11855,3500,11850,6029
2020-06-09 09:09:59.680000,11930.71,11860,100,11865,2720,11855,6833,11850,6029
2020-06-09 09:10:00.380000,11930.71,11865,2720,11870,2390,11855,6833,11850,6029
2020-06-09 09:10:02.470000,11930.71,11865,2720,11870,2390,11855,3500,11850,6029
2020-06-09 09:10:03.510000,11931.89,11860,3500,11865,2720,11855,3500,11850,6029
2020-06-09 09:10:07.620000,11931.89,11860,3500,11865,2720,11850,6029,11845,5673
2020-06-09 09:10:08.620000,11931.89,11860,3500,11865,2720,11855,2,11850,6029
2020-06-09 09:10:09.680000,11931.89,11855,15,11860,3500,11850,6029,11845,5673
2020-06-09 09:10:10.740000,11931.89,11855,50,11860,3500,11850,6029,11845,5673
2020-06-09 09:10:11.830000,11931.89,11855,1,11860,3500,11850,6029,11845,5673
2020-06-09 09:10:12.930000,11931.89,11860,3500,11865,2720,11850,2696,11845,5673
2020-06-09 09:10:15.280000,11930.11,11860,3500,11865,2720,11850,6029,11845,5673
2020-06-09 09:10:17.370000,11930.11,11860,3500,11865,2720,11850,2696,11845,5673
2020-06-09 09:10:18.370000,11930.11,11860,3500,11865,2720,11850,6029,11845,5673
2020-06-09 09:10:19.370000,11930.11,11860,3500,11865,2720,11850,2695,11845,5673
2020-06-09 09:10:23.580000,11930.11,11855,3010,11860,3500,11850,2695,11845,5673
2020-06-09 09:10:24.710000,11932.52,11855,3010,11860,3500,11850,5,11845,5673
2020-06-09 09:10:26.770000,11932.52,11850,3500,11855,3010,11845,2340,11840,6453
2020-06-09 09:10:27.890000,11932.52,11855,3010,11860,3500,11845,3500,11840,6453
2020-06-09 09:10:28.970000,11932.52,11855,3010,11860,3500,11845,3500,11840,6453
2020-06-09 09:10:29.970000,11932.52,11850,3262,11855,3010,11845,3500,11840,6453
2020-06-09 09:10:31.490000,11932.52,11850,3262,11855,3010,11845,3500,11840,6453
2020-06-09 09:10:32.080000,11932.52,11850,3262,11855,3010,11840,6453,11835,6052
2020-06-09 09:10:33.140000,11932.52,11850,3262,11855,3010,11840,6453,11835,6052
2020-06-09 09:10:35.160000,11928.04,11850,3262,11855,3010,11840,6353,11835,6052
2020-06-09 09:10:36.300000,11928.04,11850,3262,11855,3010,11840,3020,11835,6052
2020-06-09 09:10:38.410000,11928.04,11850,3262,11855,3010,11840,6353,11835,6052
2020-06-09 09:10:39.450000,11928.04,11850,3262,11855,3010,11845,3500,11840,6353
2020-06-09 09:10:40.080000,11928.04,11855,3010,11860,3500,11845,3500,11840,6353
2020-06-09 09:10:40.970000,11928.04,11855,3010,11860,3500,11845,3485,11840,6353
2020-06-09 09:10:42.060000,11928.04,11850,3050,11855,3010,11845,3485,11840,6353
2020-06-09 09:10:43.140000,11928.04,11850,3100,11855,3010,11845,3485,11840,6353
2020-06-09 09:10:46.250000,11925.27,11850,3100,11855,3010,11840,3020,11835,6052
2020-06-09 09:10:46.870000,11925.27,11850,3100,11855,3010,11840,6353,11835,6052
2020-06-09 09:10:47.870000,11925.27,11850,2934,11855,3010,11840,6353,11835,6052
2020-06-09 09:10:52.070000,11925.27,11845,3500,11850,2934,11840,3020,11835,6052
2020-06-09 09:10:54.270000,11922.46,11850,2934,11855,3010,11840,6352,11835,6052
2020-06-09 09:10:56.350000,11922.46,11845,3500,11850,2934,11840,3019,11835,6052
2020-06-09 09:10:57.290000,11922.46,11845,3155,11850,2934,11840,3019,11835,6052
2020-06-09 09:10:58.430000,11922.46,11850,2934,11855,3010,11840,6352,11835,6052
2020-06-09 09:10:59.430000,11922.46,11850,2934,11855,3010,11845,3485,11840,6352
2020-06-09 09:11:00.470000,11922.46,11855,3010,11860,3500,11845,3485,11840,6352
2020-06-09 09:11:01.580000,11922.46,11855,3010,11860,3500,11850,2690,11845,3485
2020-06-09 09:11:02.670000,11922.46,11855,3010,11860,3500,11850,2690,11845,6818
2020-06-09 09:11:03.640000,11922.46,11860,3500,11865,2720,11850,6023,11845,6818
2020-06-09 09:11:04.770000,11923.83,11860,3500,11865,2720,11850,2690,11845,6818
2020-06-09 09:11:05.870000,11923.83,11860,3500,11865,2720,11850,6023,11845,6818
2020-06-09 09:11:08.920000,11923.83,11860,3500,11865,2720,11850,6023,11845,6818
2020-06-09 09:11:09.960000,11923.83,11860,3500,11865,2720,11850,2690,11845,6818
2020-06-09 09:11:11.010000,11923.83,11860,3500,11865,2720,11850,2690,11845,6818
2020-06-09 09:11:12.070000,11923.83,11860,3500,11865,2720,11850,2675,11845,6818
2020-06-09 09:11:13.120000,11923.83,11855,3010,11860,3500,11845,6818,11840,6352
2020-06-09 09:11:15.210000,11925.6,11855,3010,11860,3500,11845,3485,11840,6352
2020-06-09 09:11:16.160000,11925.6,11855,3060,11860,3500,11845,6818,11840,6352
2020-06-09 09:11:16.630000,11925.6,11855,3060,11860,3500,11845,6818,11840,6352
2020-06-09 09:11:17.850000,11925.6,11855,3060,11860,3500,11845,3485,11840,6352
2020-06-09 09:11:20.440000,11925.6,11850,3500,11855,3060,11845,3485,11840,6352
2020-06-09 09:11:21.490000,11925.6,11850,3500,11855,3060,11840,6352,11835,6052
2020-06-09 09:11:22.550000,11925.6,11850,3500,11855,3060,11845,3485,11840,6352
2020-06-09 09:11:24.600000,11925.21,11850,3500,11855,3060,11845,3485,11840,6352
2020-06-09 09:11:26.720000,11925.21,11850,3500,11855,3060,11845,3485,11840,6352
2020-06-09 09:11:27.790000,11925.21,11855,3060,11860,3500,11845,3485,11840,6352
2020-06-09 09:11:28.410000,11925.21,11855,3060,11860,3500,11845,3485,11840,6352
2020-06-09 09:11:29.580000,11925.21,11855,3060,11860,3500,11845,3485,11840,6352
2020-06-09 09:11:30.750000,11925.21,11855,3060,11860,3500,11845,3484,11840,6352
2020-06-09 09:11:31.980000,11925.21,11855,3060,11860,3500,11845,3484,11840,6352
2020-06-09 09:11:32.580000,11925.21,11850,3500,11855,3060,11845,3484,11840,6352
2020-06-09 09:11:33.540000,11925.21,11850,3500,11855,3060,11845,3484,11840,6352
2020-06-09 09:11:35.640000,11923.44,11855,3060,11860,3500,11845,3484,11840,6352
2020-06-09 09:11:36.700000,11923.44,11850,3500,11855,3060,11845,3484,11840,6352
2020-06-09 09:11:37.750000,11923.44,11850,3500,11855,3060,11845,3484,11840,6352
2020-06-09 09:11:38.790000,11923.44,11850,3500,11855,3060,11845,3484,11840,6352
2020-06-09 09:11:39.780000,11923.44,11850,3500,11855,3060,11845,3484,11840,6352
2020-06-09 09:11:40.890000,11923.44,11855,3060,11860,3500,11845,3484,11840,6352
2020-06-09 09:11:41.960000,11923.44,11855,3060,11860,3500,11850,2675,11845,3484
2020-06-09 09:11:42.990000,11923.44,11855,3060,11860,3500,11850,2660,11845,3484
2020-06-09 09:11:44.040000,11923.44,11855,3060,11860,3500,11845,3484,11840,6352
2020-06-09 09:11:45.090000,11921.46,11850,3500,11855,3060,11845,3484,11840,6352
2020-06-09 09:11:46.130000,11921.46,11850,3500,11855,3060,11840,6352,11835,6052
2020-06-09 09:11:46.620000,11921.46,11850,3500,11855,3060,11840,6352,11835,6052
2020-06-09 09:11:47.740000,11921.46,11850,3500,11855,3070,11840,6352,11835,6052
2020-06-09 09:11:48.800000,11921.46,11850,3550,11855,3070,11840,6352,11835,6052
2020-06-09 09:11:51.990000,11921.46,11845,2754,11850,3550,11840,3019,11835,6052
2020-06-09 09:11:55.660000,11921.46,11850,3550,11855,3070,11840,3019,11835,6052
2020-06-09 09:11:56.100000,11921.46,11850,3550,11855,3070,11840,6352,11835,6052
2020-06-09 09:12:00.990000,11921.46,11850,3550,11855,3070,11840,3019,11835,6052
2020-06-09 09:12:02.030000,11921.46,11845,2754,11850,3550,11840,3019,11835,6052
2020-06-09 09:12:03.080000,11921.46,11845,2754,11850,3550,11840,3019,11835,6052
2020-06-09 09:12:05.130000,11920.1,11850,3550,11855,3070,11840,3019,11835,6052
2020-06-09 09:12:05.550000,11920.1,11850,3550,11855,3070,11840,3018,11835,6052
2020-06-09 09:12:06.720000,11920.1,11845,2754,11850,3550,11840,3018,11835,6052
2020-06-09 09:12:07.410000,11920.1,11845,2754,11850,3550,11840,3018,11835,6052
2020-06-09 09:12:08.360000,11920.1,11845,2754,11850,3550,11840,9,11835,6052
2020-06-09 09:12:12.550000,11920.1,11845,2754,11850,3550,11835,6052,11830,6783
2020-06-09 09:12:14.160000,11917.06,11845,2754,11850,3550,11835,6052,11830,6783
2020-06-09 09:12:15.250000,11917.06,11845,2754,11850,3550,11835,6037,11830,6783
2020-06-09 09:12:20.540000,11917.06,11845,2754,11850,3550,11835,2704,11830,6783
2020-06-09 09:12:21.580000,11917.06,11840,2720,11845,2754,11835,2704,11830,6783
2020-06-09 09:12:22.170000,11917.06,11840,2770,11845,2754,11835,2654,11830,6783
2020-06-09 09:12:24.200000,11917.06,11840,2770,11845,2754,11835,2654,11830,6783
2020-06-09 09:12:25.310000,11918.01,11840,2770,11845,2754,11835,2654,11830,6783
2020-06-09 09:12:27.400000,11918.01,11835,615,11840,2770,11830,3450,11825,5993
2020-06-09 09:12:28.450000,11918.01,11840,2770,11845,2754,11830,3450,11825,5993
2020-06-09 09:12:29.490000,11918.01,11840,2770,11845,2754,11830,3450,11825,5993
2020-06-09 09:12:30.070000,11918.01,11840,2770,11845,2754,11830,3450,11825,5993
2020-06-09 09:12:31.010000,11918.01,11840,2770,11845,2754,11830,6783,11825,5993
2020-06-09 09:12:32.130000,11918.01,11840,2770,11845,2754,11830,6783,11825,5993
2020-06-09 09:12:33.200000,11918.01,11840,2770,11845,2754,11830,3450,11825,5993
2020-06-09 09:12:37.930000,11909.97,11840,2770,11845,2754,11830,6783,11825,5993
2020-06-09 09:12:39.020000,11909.97,11840,2770,11845,2754,11830,3450,11825,5993
2020-06-09 09:12:42.130000,11909.97,11840,2770,11845,2754,11830,3449,11825,5993
2020-06-09 09:12:42.770000,11909.97,11840,2770,11845,2754,11830,3449,11825,5993
2020-06-09 09:12:44.790000,11906.92,11835,3500,11840,2770,11830,3449,11825,5993
2020-06-09 09:12:45.860000,11906.92,11835,3500,11840,2770,11825,5993,11820,6817
2020-06-09 09:12:49.550000,11906.92,11835,3250,11840,2770,11825,5993,11820,6817
2020-06-09 09:12:51.580000,11906.92,11835,3250,11840,2770,11825,5993,11820,6817
2020-06-09 09:12:53.670000,11906.92,11835,3250,11840,2770,11825,5993,11820,6817
2020-06-09 09:12:55.740000,11907.75,11835,3300,11840,2770,11825,5943,11820,6817
2020-06-09 09:12:59.070000,11907.75,11835,3300,11840,2770,11825,2610,11820,6817
2020-06-09 09:13:00.070000,11907.75,11835,3300,11840,2770,11825,5943,11820,6817
2020-06-09 09:13:01.070000,11907.75,11835,50,11840,2770,11830,3434,11825,5943
2020-06-09 09:13:02.240000,11907.75,11835,50,11840,2770,11830,3434,11825,5943
2020-06-09 09:13:06.300000,11906.3,11835,50,11840,2770,11830,3434,11825,5943
2020-06-09 09:13:07.320000,11906.3,11835,3300,11840,2770,11830,3434,11825,5943
2020-06-09 09:13:08.400000,11906.3,11835,50,11840,2770,11830,6767,11825,5943
2020-06-09 09:13:09.430000,11906.3,11840,2770,11845,2754,11830,6767,11825,5943
2020-06-09 09:13:12.080000,11906.3,11840,2770,11845,2754,11830,3434,11825,5943
2020-06-09 09:13:13.180000,11906.3,11840,2770,11845,2754,11830,6767,11825,5943
2020-06-09 09:13:14.270000,11906.3,11840,2770,11845,2754,11835,3500,11830,6767
2020-06-09 09:13:15.270000,11907.44,11840,1885,11845,2754,11835,3500,11830,6767
2020-06-09 09:13:16.320000,11907.44,11840,1885,11845,2754,11835,3485,11830,6767
2020-06-09 09:13:17.390000,11907.44,11840,1729,11845,2754,11835,3484,11830,6767
2020-06-09 09:13:18.050000,11907.44,11845,2754,11850,3550,11835,3484,11830,6767
2020-06-09 09:13:18.970000,11907.44,11845,2754,11850,3550,11835,3484,11830,6767
2020-06-09 09:13:19.990000,11907.44,11845,2754,11850,3550,11840,3009,11835,6817
2020-06-09 09:13:21.030000,11907.44,11845,1869,11850,3550,11835,6817,11830,6767
2020-06-09 09:13:22.080000,11907.44,11845,1869,11850,3550,11840,3009,11835,6817
2020-06-09 09:13:23.640000,11907.44,11850,3550,11855,3020,11840,3009,11835,6817
2020-06-09 09:13:24.380000,11913.34,11850,3550,11855,3020,11840,3009,11835,6817
2020-06-09 09:13:28.410000,11913.34,11845,3500,11850,3600,11840,3009,11835,6817
2020-06-09 09:13:29.490000,11913.34,11845,3500,11850,3600,11840,3009,11835,6817
2020-06-09 09:13:30.540000,11913.34,11850,3600,11855,3020,11840,3009,11835,6817
2020-06-09 09:13:31.580000,11913.34,11850,3600,11855,3020,11840,3009,11835,6817
2020-06-09 09:13:32.660000,11913.34,11845,3500,11850,3600,11840,3009,11835,6817
2020-06-09 09:13:33.630000,11913.34,11850,3600,11855,3020,11840,3009,11835,6817
2020-06-09 09:13:35.900000,11913.66,11845,3500,11850,3600,11840,3009,11835,6817
2020-06-09 09:13:38.000000,11913.66,11850,3600,11855,3020,11840,3009,11835,6817
2020-06-09 09:13:39.040000,11913.66,11845,3500,11850,3600,11840,3009,11835,6817
2020-06-09 09:13:39.480000,11913.66,11850,3600,11855,3020,11840,3009,11835,6817
2020-06-09 09:13:40.590000,11913.66,11850,3557,11855,3020,11840,3009,11835,6817
2020-06-09 09:13:44.980000,11913.87,11850,3557,11855,3020,11840,2709,11835,6817
2020-06-09 09:13:47.490000,11913.87,11850,3557,11855,3020,11840,2694,11835,6817
2020-06-09 09:13:50.240000,11913.87,11850,2672,11855,3020,11845,3484,11840,6027
2020-06-09 09:13:52.300000,11913.87,11850,100,11855,3020,11845,3484,11840,6027
2020-06-09 09:13:53.370000,11913.87,11850,105,11855,3020,11845,3483,11840,6027
2020-06-09 09:13:55.490000,11915.02,11850,105,11855,3020,11845,3483,11840,6027
2020-06-09 09:13:55.870000,11915.02,11855,3020,11860,3250,11850,10,11845,3883
2020-06-09 09:13:58.600000,11915.02,11855,3020,11860,3250,11850,10,11845,3883
2020-06-09 09:13:59.710000,11915.02,11855,3020,11860,3250,11850,10,11845,7216
2020-06-09 09:14:00.800000,11915.02,11855,3020,11860,3250,11850,10,11845,3883
2020-06-09 09:14:01.380000,11915.02,11850,3490,11855,3070,11845,3883,11840,6027
2020-06-09 09:14:02.380000,11915.02,11850,3490,11855,3070,11840,6027,11835,6817
2020-06-09 09:14:03.440000,11915.02,11850,3490,11855,3070,11840,2694,11835,6817
2020-06-09 09:14:04.500000,11927.32,11850,3490,11855,3070,11845,1,11840,2794
2020-06-09 09:14:06.030000,11927.32,11850,3490,11855,3070,11845,3484,11840,6127
2020-06-09 09:14:07.130000,11927.32,11855,3070,11860,3250,11845,3484,11840,6127
2020-06-09 09:14:08.190000,11927.32,11855,3070,11860,3250,11845,3484,11840,6127
2020-06-09 09:14:09.250000,11927.32,11850,3490,11855,3070,11845,3484,11840,6127
2020-06-09 09:14:09.880000,11927.32,11850,2605,11855,3070,11845,3484,11840,6127
2020-06-09 09:14:12.000000,11927.32,11855,3070,11860,3250,11850,2605,11845,3484
2020-06-09 09:14:12.970000,11927.32,11855,3070,11860,3250,11850,2605,11845,3484
2020-06-09 09:14:14.000000,11927.32,11855,3070,11860,3250,11850,6105,11845,6817
2020-06-09 09:14:15.060000,11922.95,11860,3250,11865,3500,11855,735,11850,6105
2020-06-09 09:14:17.870000,11922.95,11860,3250,11865,3500,11855,735,11850,6105
2020-06-09 09:14:18.950000,11922.95,11860,3250,11865,3500,11855,720,11850,6105
2020-06-09 09:14:20.920000,11922.95,11860,3250,11865,3500,11850,6105,11845,6817
2020-06-09 09:14:21.960000,11922.95,11860,3250,11865,3500,11850,6105,11845,6817
2020-06-09 09:14:24.050000,11922.95,11860,3250,11865,3500,11850,6105,11845,6817
2020-06-09 09:14:25.110000,11927.07,11860,3250,11865,3500,11855,3434,11850,6105
2020-06-09 09:14:26.140000,11927.07,11860,3250,11865,3500,11855,3434,11850,6105
2020-06-09 09:14:26.670000,11927.07,11865,3500,11870,3500,11855,3434,11850,9438
2020-06-09 09:14:27.750000,11927.07,11860,3250,11865,3500,11855,3434,11850,9438
2020-06-09 09:14:28.800000,11927.07,11860,2366,11865,3500,11855,3434,11850,6105
2020-06-09 09:14:29.840000,11927.07,11860,2366,11865,3500,11850,6105,11845,6817
2020-06-09 09:14:31.940000,11927.07,11860,2366,11865,3500,11855,3434,11850,9438
2020-06-09 09:14:32.560000,11927.07,11860,3500,11865,3500,11855,3434,11850,9438
2020-06-09 09:14:34.580000,11926.65,11860,3550,11865,3500,11855,3434,11850,9438
2020-06-09 09:14:35.650000,11926.65,11860,50,11865,3500,11855,3434,11850,9438
2020-06-09 09:14:37.720000,11926.65,11865,3500,11870,3500,11860,795,11855,3434
2020-06-09 09:14:38.790000,11926.65,11865,3500,11870,3500,11860,4279,11855,3434
2020-06-09 09:14:39.340000,11926.65,11865,3500,11870,3500,11860,795,11855,3434
2020-06-09 09:14:40.360000,11926.65,11860,3500,11865,3500,11855,3434,11850,6105
2020-06-09 09:14:41.370000,11926.65,11860,3500,11865,3500,11855,3434,11850,9438
2020-06-09 09:14:42.780000,11926.65,11860,3500,11865,3500,11855,3434,11850,9438
2020-06-09 09:14:47.650000,11928.67,11860,3500,11865,3500,11855,3434,11850,9438
2020-06-09 09:14:48.130000,11928.67,11860,3500,11865,3500,11850,9438,11845,6817
2020-06-09 09:14:49.230000,11928.67,11860,3500,11865,3500,11855,3434,11850,9438
2020-06-09 09:14:50.290000,11928.67,11865,3500,11870,3500,11860,885,11855,3419
2020-06-09 09:14:51.340000,11928.67,11865,3500,11870,3500,11855,3419,11850,9438
2020-06-09 09:14:52.350000,11928.67,11865,3500,11870,3500,11855,3419,11850,9438
2020-06-09 09:14:52.950000,11928.67,11865,3447,11870,3500,11860,3484,11855,3419
2020-06-09 09:14:53.850000,11928.67,11865,2562,11870,3500,11860,3484,11855,3419
2020-06-09 09:14:58.080000,11938.46,11865,1677,11870,3500,11860,3484,11855,3419
2020-06-09 09:14:58.610000,11938.46,11870,3500,11875,3500,11860,3484,11855,3419
2020-06-09 09:14:59.730000,11938.46,11870,3500,11875,3500,11860,3484,11855,6752
2020-06-09 09:15:00.780000,11938.46,11870,3500,11875,3500,11860,3484,11855,6752
2020-06-09 09:15:01.830000,11938.46,11870,3500,11875,3500,11860,3484,11855,6752
2020-06-09 09:15:02.870000,11938.46,11870,3500,11875,3500,11865,3680,11860,3484
2020-06-09 09:15:04.440000,11940.66,11870,3500,11875,3500,11865,3679,11860,3484
2020-06-09 09:15:05.530000,11940.66,11870,3500,11875,3500,11865,3679,11860,3484
2020-06-09 09:15:06.560000,11940.66,11870,3500,11875,3500,11860,3484,11855,6752
2020-06-09 09:15:07.590000,11940.66,11870,3550,11875,3500,11860,3484,11855,6752
2020-06-09 09:15:08.690000,11940.66,11870,3566,11875,3500,11860,3484,11855,6752
2020-06-09 09:15:09.730000,11940.66,11870,3566,11875,3500,11860,3484,11855,6752
2020-06-09 09:15:11.840000,11940.66,11865,3500,11870,3566,11860,3484,11855,6752
2020-06-09 09:15:12.860000,11940.66,11865,3500,11870,3566,11855,3419,11850,9438
2020-06-09 09:15:15.460000,11940.34,11865,3500,11870,3566,11860,3484,11855,3419
2020-06-09 09:15:16.570000,11940.34,11865,3500,11870,3566,11860,3484,11855,3419
2020-06-09 09:15:17.620000,11940.34,11870,3566,11875,3500,11860,3484,11855,6752
2020-06-09 09:15:18.680000,11940.34,11870,3566,11875,3500,11860,3484,11855,6752
2020-06-09 09:15:20.180000,11940.34,11870,3566,11875,3500,11860,3469,11855,6752
2020-06-09 09:15:21.260000,11940.34,11870,3566,11875,3500,11860,3469,11855,6752
2020-06-09 09:15:26.020000,11943.27,11870,3566,11875,3500,11860,3469,11855,6752
2020-06-09 09:15:27.570000,11943.27,11870,3566,11875,3500,11865,3679,11860,3469
2020-06-09 09:15:28.660000,11943.27,11870,2681,11875,3500,11860,3469,11855,6752
2020-06-09 09:15:29.720000,11943.27,11870,2681,11875,3500,11860,3469,11855,6752
2020-06-09 09:15:30.770000,11943.27,11870,2681,11875,3500,11860,3469,11855,6752
2020-06-09 09:15:33.930000,11943.27,11870,2681,11875,3500,11860,3469,11855,6752
2020-06-09 09:15:34.570000,11945.78,11870,2681,11875,3500,11865,3679,11860,3469
2020-06-09 09:15:35.520000,11945.78,11870,3746,11875,3500,11865,3679,11860,3469
2020-06-09 09:15:36.610000,11945.78,11870,3746,11875,3500,11860,3469,11855,6752
2020-06-09 09:15:37.670000,11945.78,11870,3746,11875,3500,11860,3469,11855,6752
2020-06-09 09:15:38.740000,11945.78,11865,3500,11870,3746,11860,3469,11855,3419
2020-06-09 09:15:39.740000,11945.78,11860,1,11865,2615,11855,3419,11850,9606
2020-06-09 09:15:40.100000,11945.78,11860,3551,11865,2615,11855,3419,11850,6273
2020-06-09 09:15:42.040000,11945.78,11860,3551,11865,2615,11855,3419,11850,9606
2020-06-09 09:15:43.040000,11945.78,11860,3551,11865,2615,11855,3419,11850,6273
2020-06-09 09:15:45.370000,11945.43,11860,51,11865,2615,11855,3419,11850,9606
2020-06-09 09:15:47.270000,11945.43,11860,3551,11865,2615,11855,3419,11850,6273
2020-06-09 09:15:51.980000,11945.43,11860,3551,11865,2615,11855,3404,11850,6273
2020-06-09 09:15:53.580000,11945.43,11860,3551,11865,2615,11850,6273,11845,6817
2020-06-09 09:15:54.070000,11946.0,11860,3551,11865,2615,11850,6273,11845,6817
2020-06-09 09:15:55.130000,11946.0,11860,3551,11865,2615,11855,3134,11850,6273
2020-06-09 09:15:56.190000,11946.0,11860,3551,11865,2615,11855,1784,11850,9606
2020-06-09 09:15:56.770000,11946.0,11860,3551,11865,2615,11855,1784,11850,6273
2020-06-09 09:15:57.760000,11946.0,11860,3551,11865,2615,11850,6273,11845,6817
2020-06-09 09:15:58.880000,11946.0,11860,3551,11865,2615,11850,6273,11845,6817
2020-06-09 09:16:01.520000,11946.0,11860,3551,11865,2615,11850,6273,11845,6817
2020-06-09 09:16:02.550000,11946.0,11860,3551,11865,2615,11855,3680,11850,6273
2020-06-09 09:16:04.100000,11946.0,11860,3551,11865,2615,11855,3680,11850,9606
2020-06-09 09:16:05.220000,11948.08,11860,51,11865,2615,11855,3680,11850,9606
2020-06-09 09:16:06.220000,11948.08,11860,3501,11865,2615,11855,3680,11850,6273
2020-06-09 09:16:06.670000,11948.08,11860,3500,11865,2615,11855,3680,11850,6293
2020-06-09 09:16:07.810000,11948.08,11860,3500,11865,2615,11855,3680,11850,6293
2020-06-09 09:16:09.950000,11948.08,11860,3500,11865,2615,11850,6293,11845,6817
2020-06-09 09:16:11.000000,11948.08,11865,2615,11870,3746,11855,3680,11850,9626
2020-06-09 09:16:12.020000,11948.08,11865,2615,11870,3746,11855,3680,11850,6293
2020-06-09 09:16:12.500000,11948.08,11860,3500,11865,2615,11855,3680,11850,6293
2020-06-09 09:16:13.700000,11948.08,11860,3550,11865,2615,11850,6293,11845,6817
2020-06-09 09:16:14.200000,11944.89,11860,3550,11865,2615,11855,3679,11850,6293
2020-06-09 09:16:16.830000,11944.89,11860,3550,11865,2615,11850,6293,11845,6817
2020-06-09 09:16:18.860000,11944.89,11860,3550,11865,2615,11855,3699,11850,6293
2020-06-09 09:16:20.170000,11944.89,11860,3550,11865,2615,11855,20,11850,6293
2020-06-09 09:16:21.130000,11944.89,11860,3550,11865,2615,11850,6293,11845,6817
2020-06-09 09:16:22.160000,11944.89,11855,3010,11860,3550,11850,6278,11845,6817
2020-06-09 09:16:26.790000,11946.56,11855,3010,11860,3550,11850,6278,11845,3484
2020-06-09 09:16:27.370000,11946.56,11855,3010,11860,3550,11850,2778,11845,3484
2020-06-09 09:16:29.460000,11946.56,11855,3710,11860,3550,11850,188,11845,3484
2020-06-09 09:16:29.880000,11946.56,11855,3010,11860,3550,11850,888,11845,3484
2020-06-09 09:16:31.010000,11946.56,11850,700,11855,3710,11845,3484,11840,7112
2020-06-09 09:16:32.080000,11946.56,11855,3710,11860,3550,11845,3484,11840,7112
2020-06-09 09:16:33.100000,11946.56,11855,3710,11860,3550,11845,4184,11840,7112
2020-06-09 09:16:33.540000,11946.56,11855,3710,11860,3550,11845,4184,11840,7112
2020-06-09 09:16:35.880000,11941.55,11855,3710,11860,3550,11845,4184,11840,7112
2020-06-09 09:16:37.250000,11941.55,11855,3710,11860,3550,11850,3500,11845,4184
2020-06-09 09:16:37.640000,11941.55,11855,3010,11860,3550,11850,3500,11845,4184
2020-06-09 09:16:38.470000,11941.55,11855,3010,11860,3551,11850,3500,11845,7517
2020-06-09 09:16:39.460000,11941.55,11855,3710,11860,3551,11850,3500,11845,4184
2020-06-09 09:16:42.640000,11941.55,11855,3010,11860,3552,11850,3500,11845,4184
2020-06-09 09:16:43.690000,11938.07,11855,3710,11860,3552,11845,4184,11840,7112
2020-06-09 09:16:44.670000,11938.07,11855,3710,11860,3552,11850,3500,11845,4184
2020-06-09 09:16:45.720000,11938.07,11855,3710,11860,3552,11850,3500,11845,4184
2020-06-09 09:16:46.200000,11938.07,11855,3060,11860,3552,11850,3500,11845,4184
2020-06-09 09:16:47.340000,11938.07,11855,3860,11860,3552,11850,3500,11845,4184
2020-06-09 09:16:48.360000,11938.07,11855,3060,11860,3552,11850,3500,11845,4184
2020-06-09 09:16:48.870000,11938.07,11855,50,11860,3552,11850,3500,11845,7517
2020-06-09 09:16:49.870000,11938.07,11855,850,11860,3552,11850,3500,11845,7517
2020-06-09 09:16:50.950000,11938.07,11855,3860,11860,3552,11850,3499,11845,7517
2020-06-09 09:16:51.550000,11938.07,11855,3860,11860,3552,11850,3499,11845,7517
2020-06-09 09:16:53.610000,11938.07,11855,3860,11860,3552,11850,3484,11845,7517
2020-06-09 09:16:54.650000,11937.84,11855,850,11860,3552,11850,3484,11845,7517
2020-06-09 09:16:54.930000,11937.84,11855,850,11860,3552,11850,3484,11845,7517
2020-06-09 09:16:56.720000,11937.84,11855,3860,11860,3552,11850,3484,11845,4184
2020-06-09 09:16:57.780000,11937.84,11855,3860,11860,3552,11850,3484,11845,4184
2020-06-09 09:17:00.180000,11937.84,11850,800,11855,3560,11845,4184,11840,7112
2020-06-09 09:17:01.180000,11937.84,11855,3560,11860,3552,11845,4284,11840,7112
2020-06-09 09:17:02.070000,11937.84,11855,3860,11860,3552,11845,4284,11840,7112
2020-06-09 09:17:05.600000,11937.19,11855,3860,11860,3552,11845,3484,11840,7112
2020-06-09 09:17:06.740000,11937.19,11855,3860,11860,3552,11845,4284,11840,7112
2020-06-09 09:17:07.160000,11937.19,11855,3860,11860,3552,11845,3484,11840,7112
2020-06-09 09:17:08.350000,11937.19,11850,3500,11855,3860,11845,3484,11840,7112
2020-06-09 09:17:10.960000,11937.19,11850,4300,11855,3360,11840,3779,11835,6751
2020-06-09 09:17:12.000000,11937.19,11850,3500,11855,3360,11840,4479,11835,6751
2020-06-09 09:17:13.030000,11937.19,11850,3500,11855,3360,11845,3483,11840,4479
2020-06-09 09:17:13.440000,11937.19,11850,3500,11855,3360,11845,3483,11840,4479
2020-06-09 09:17:14.660000,11933.76,11855,3360,11860,3552,11845,3483,11840,7812
2020-06-09 09:17:15.080000,11933.76,11855,3860,11860,3552,11845,3483,11840,7812
2020-06-09 09:17:16.220000,11933.76,11850,3500,11855,3860,11845,3483,11840,7812
2020-06-09 09:17:17.220000,11933.76,11855,3860,11860,3552,11845,3483,11840,7812
2020-06-09 09:17:19.370000,11933.76,11855,3910,11860,3552,11845,3433,11840,7812
2020-06-09 09:17:20.590000,11933.76,11855,3910,11860,3552,11845,3433,11840,7812
2020-06-09 09:17:22.040000,11933.76,11855,3910,11860,3552,11850,3484,11845,3433
2020-06-09 09:17:24.840000,11934.74,11855,100,11860,3552,11850,3469,11845,6766
2020-06-09 09:17:25.870000,11934.74,11855,100,11860,3552,11850,3468,11845,6766
2020-06-09 09:17:26.270000,11934.74,11860,4352,11865,2615,11850,3468,11845,6766
2020-06-09 09:17:27.440000,11934.74,11860,4351,11865,2615,11850,3468,11845,6766
2020-06-09 09:17:28.430000,11934.74,11860,3551,11865,2615,11855,3578,11850,3468
2020-06-09 09:17:28.900000,11934.74,11860,51,11865,2615,11855,3578,11850,6801
2020-06-09 09:17:30.050000,11934.74,11865,3415,11870,3696,11860,3295,11855,3578
2020-06-09 09:17:31.110000,11934.74,11865,4480,11870,3696,11860,3295,11855,3578
2020-06-09 09:17:32.160000,11934.74,11870,3696,11875,3500,11860,3295,11855,6911
2020-06-09 09:17:34.290000,11933.11,11870,4296,11875,3500,11860,3295,11855,6911
2020-06-09 09:17:37.940000,11933.11,11870,4296,11875,3500,11860,3295,11855,6911
2020-06-09 09:17:40.110000,11933.11,11865,3680,11870,4296,11860,3295,11855,3578
2020-06-09 09:17:41.140000,11933.11,11865,3680,11870,4296,11860,3295,11855,6911
2020-06-09 09:17:41.670000,11933.11,11865,4280,11870,4296,11855,3578,11850,6801
2020-06-09 09:17:42.770000,11933.11,11865,4280,11870,4296,11855,3578,11850,6801
2020-06-09 09:17:43.830000,11933.11,11860,3500,11865,4280,11855,3578,11850,6801
2020-06-09 09:17:44.890000,11934.03,11860,3500,11865,4280,11850,3468,11845,6766
2020-06-09 09:17:45.920000,11934.03,11860,3500,11865,4280,11850,6801,11845,6766
2020-06-09 09:17:46.880000,11934.03,11860,3500,11865,4280,11850,3468,11845,6766
2020-06-09 09:17:47.200000,11934.03,11860,3500,11865,4280,11855,3578,11850,3468
2020-06-09 09:17:48.020000,11934.03,11860,3500,11865,4280,11855,3578,11850,3468
2020-06-09 09:17:49.620000,11934.03,11860,4200,11865,4280,11850,3468,11845,6766
2020-06-09 09:17:51.760000,11934.03,11860,4200,11865,4280,11850,3468,11845,6766
2020-06-09 09:17:52.370000,11934.03,11860,4250,11865,4280,11850,3468,11845,6766
2020-06-09 09:17:54.370000,11934.03,11860,4250,11865,4280,11850,3468,11845,6766
2020-06-09 09:17:54.870000,11932.19,11855,3010,11860,4250,11850,3468,11845,6766
2020-06-09 09:17:55.940000,11932.19,11855,3010,11860,4250,11850,3453,11845,6766
2020-06-09 09:17:56.980000,11932.19,11855,3710,11860,4250,11845,3433,11840,7812
2020-06-09 09:17:58.160000,11932.19,11855,3710,11860,4250,11845,3433,11840,7812
2020-06-09 09:18:00.210000,11932.19,11855,3710,11860,4250,11845,3433,11840,7812
2020-06-09 09:18:01.190000,11932.19,11855,3710,11860,4250,11845,3433,11840,7812
2020-06-09 09:18:02.240000,11932.19,11855,3710,11860,4250,11845,3432,11840,7812
2020-06-09 09:18:02.650000,11932.19,11850,3500,11855,3710,11845,3432,11840,7812
2020-06-09 09:18:03.830000,11932.19,11855,3710,11860,4250,11845,3432,11840,7812
2020-06-09 09:18:04.830000,11932.54,11855,3710,11860,4250,11845,3432,11840,7812
2020-06-09 09:18:05.160000,11932.54,11855,3710,11860,4250,11845,3432,11840,7812
2020-06-09 09:18:05.960000,11932.54,11855,3710,11860,4250,11850,5,11845,3432
2020-06-09 09:18:07.000000,11932.54,11855,3710,11860,4250,11845,3432,11840,7812
2020-06-09 09:18:10.220000,11932.54,11855,3710,11860,4250,11845,3432,11840,7812
2020-06-09 09:18:16.460000,11935.8,11850,3500,11855,3710,11845,3432,11840,7812
2020-06-09 09:18:17.420000,11935.8,11855,3710,11860,4250,11845,3432,11840,7812
2020-06-09 09:18:19.810000,11935.8,11855,3010,11860,4250,11845,3432,11840,7812
2020-06-09 09:18:20.700000,11935.8,11855,3710,11860,4250,11845,3432,11840,7812
2020-06-09 09:18:22.760000,11935.8,11855,3710,11860,4250,11845,3432,11840,7812
2020-06-09 09:18:22.990000,11935.8,11855,3010,11860,4250,11850,3453,11845,3432
2020-06-09 09:18:24.880000,11931.02,11855,3060,11860,4250,11850,3453,11845,6765
2020-06-09 09:18:25.930000,11931.02,11855,50,11860,4250,11850,3453,11845,6765
2020-06-09 09:18:26.310000,11931.02,11855,3760,11860,4250,11850,3438,11845,6765
2020-06-09 09:18:27.460000,11931.02,11855,3760,11860,4250,11845,3432,11840,7812
2020-06-09 09:18:27.900000,11931.02,11855,3760,11860,4250,11845,3432,11840,7812
2020-06-09 09:18:29.070000,11931.02,11850,3500,11855,3760,11845,3432,11840,4479
2020-06-09 09:18:30.120000,11931.02,11850,3500,11855,3760,11840,4479,11835,6628
2020-06-09 09:18:30.540000,11931.02,11850,4200,11855,3760,11840,4479,11835,6628
2020-06-09 09:18:33.240000,11931.02,11850,4200,11855,3760,11840,3679,11835,6628
2020-06-09 09:18:34.870000,11931.64,11850,4200,11855,3760,11840,3679,11835,6628
2020-06-09 09:18:36.830000,11931.64,11850,4200,11855,3760,11840,3678,11835,6628
2020-06-09 09:18:37.970000,11931.64,11850,4203,11855,3760,11840,3678,11835,6628
2020-06-09 09:18:41.000000,11931.64,11850,3503,11855,3760,11845,3432,11840,3678
2020-06-09 09:18:41.390000,11931.64,11850,3503,11855,3760,11845,3432,11840,3678
2020-06-09 09:18:43.080000,11931.64,11850,3503,11855,3760,11845,3432,11840,7011
2020-06-09 09:18:44.370000,11931.64,11850,4203,11855,3760,11845,3432,11840,3678
2020-06-09 09:18:44.760000,11928.34,11850,3503,11855,3760,11845,3432,11840,3678
2020-06-09 09:18:46.290000,11928.34,11850,3503,11855,3760,11845,3432,11840,7011
2020-06-09 09:18:47.510000,11928.34,11850,3,11855,3760,11845,3432,11840,7011
2020-06-09 09:18:47.930000,11928.34,11850,703,11855,3760,11845,3432,11840,7011
2020-06-09 09:18:49.070000,11928.34,11850,3,11855,3760,11845,3432,11840,7011
2020-06-09 09:18:50.600000,11928.34,11850,103,11855,3760,11845,3432,11840,7011
2020-06-09 09:18:51.620000,11928.34,11850,703,11855,3760,11845,3432,11840,7011
2020-06-09 09:18:51.990000,11928.34,11850,703,11855,3760,11845,3432,11840,7011
2020-06-09 09:18:53.210000,11928.34,11850,4203,11855,3760,11845,3432,11840,7011
2020-06-09 09:18:54.260000,11928.34,11850,3503,11855,3760,11845,3432,11840,7011
2020-06-09 09:18:54.670000,11929.83,11850,3,11855,3760,11845,3432,11840,7011
2020-06-09 09:18:55.870000,11929.83,11850,703,11855,3760,11845,3432,11840,7011
2020-06-09 09:18:57.410000,11929.83,11850,703,11855,3760,11845,3417,11840,7011
2020-06-09 09:18:58.990000,11929.83,11850,753,11855,3760,11845,3417,11840,7011
2020-06-09 09:19:01.370000,11929.83,11850,53,11855,3760,11845,3417,11840,7011
2020-06-09 09:19:03.270000,11929.83,11855,3760,11860,3550,11850,3385,11845,3417
2020-06-09 09:19:04.330000,11929.83,11855,3760,11860,3550,11845,3417,11840,7011
2020-06-09 09:19:05.330000,11927.32,11855,3760,11860,3550,11845,3417,11840,7011
2020-06-09 09:19:05.680000,11927.32,11855,3760,11860,3550,11845,3417,11840,7011
2020-06-09 09:19:06.460000,11927.32,11855,3760,11860,3550,11845,3417,11840,7011
2020-06-09 09:19:07.490000,11927.32,11855,3760,11860,3550,11850,3307,11845,3417
2020-06-09 09:19:08.520000,11927.32,11855,3760,11860,3550,11845,3417,11840,7011
2020-06-09 09:19:08.970000,11927.32,11850,3500,11855,3760,11845,3417,11840,7011
2020-06-09 09:19:10.110000,11927.32,11855,3760,11860,3550,11845,3417,11840,3678
2020-06-09 09:19:10.600000,11927.32,11855,3860,11860,3550,11845,3417,11840,7011
2020-06-09 09:19:11.710000,11927.32,11855,3860,11860,3550,11845,3417,11840,7011
2020-06-09 09:19:12.750000,11927.32,11855,3860,11860,3550,11845,3416,11840,7011
2020-06-09 09:19:13.080000,11927.32,11855,3860,11860,3550,11845,3416,11840,7011
2020-06-09 09:19:14.880000,11924.87,11855,3860,11860,3550,11845,3416,11840,7011
2020-06-09 09:19:16.060000,11924.87,11855,3760,11860,3550,11850,3307,11845,6749
2020-06-09 09:19:16.970000,11924.87,11855,3760,11860,3550,11850,3306,11845,6749
2020-06-09 09:19:17.970000,11924.87,11855,750,11860,3550,11850,3306,11845,6749
2020-06-09 09:19:19.200000,11924.87,11855,50,11860,3550,11850,3306,11845,6749
2020-06-09 09:19:20.000000,11924.87,11860,4350,11865,3681,11850,3306,11845,6749
2020-06-09 09:19:23.280000,11924.87,11860,4350,11865,3681,11850,3306,11845,6749
2020-06-09 09:19:26.500000,11927.25,11860,4350,11865,3681,11850,3306,11845,6749
2020-06-09 09:19:27.530000,11927.25,11855,3010,11860,4350,11845,3416,11840,7011
2020-06-09 09:19:27.890000,11927.25,11855,3810,11860,3550,11845,3416,11840,7011
2020-06-09 09:19:28.740000,11927.25,11855,3810,11860,3550,11845,3401,11840,7011
2020-06-09 09:19:30.680000,11927.25,11855,3010,11860,3550,11850,3306,11845,6734
2020-06-09 09:19:31.100000,11927.25,11855,3810,11860,3550,11845,3401,11840,7011
2020-06-09 09:19:31.960000,11927.25,11855,3860,11860,3550,11845,3401,11840,7011
2020-06-09 09:19:32.870000,11927.25,11850,3500,11855,3860,11845,3401,11840,7011
2020-06-09 09:19:39.740000,11924.82,11855,3860,11860,3550,11845,3401,11840,7011
2020-06-09 09:19:40.800000,11924.82,11855,3860,11860,3550,11850,3306,11845,3401
2020-06-09 09:19:41.270000,11924.82,11855,3860,11860,3550,11850,3306,11845,6734
2020-06-09 09:19:42.380000,11924.82,11855,3060,11860,3550,11850,3306,11845,6734
2020-06-09 09:19:42.860000,11924.82,11855,3060,11860,3550,11850,3306,11845,6734
2020-06-09 09:19:44.530000,11927.81,11855,3860,11860,3550,11850,3306,11845,3401
2020-06-09 09:19:46.580000,11927.81,11855,3860,11860,3550,11845,3401,11840,7011
2020-06-09 09:19:46.890000,11927.81,11855,3860,11860,3550,11845,3401,11840,7011
2020-06-09 09:19:47.710000,11927.81,11855,3060,11860,3550,11850,3306,11845,6733
2020-06-09 09:19:48.700000,11927.81,11855,3860,11860,3550,11845,3400,11840,7011
2020-06-09 09:19:50.170000,11927.81,11850,3500,11855,3860,11845,3400,11840,7011
2020-06-09 09:19:51.310000,11927.81,11850,2615,11855,3860,11845,3400,11840,7011
2020-06-09 09:19:51.800000,11927.81,11850,2615,11855,3060,11845,3400,11840,7011
2020-06-09 09:19:52.910000,11927.81,11850,3415,11855,3060,11840,3678,11835,6628
2020-06-09 09:19:54.940000,11923.56,11850,2715,11855,3060,11845,3400,11840,7011
2020-06-09 09:19:55.980000,11923.56,11850,2615,11855,3060,11845,3400,11840,7011
2020-06-09 09:19:58.120000,11923.56,11850,3415,11855,3060,11840,3678,11835,6628
2020-06-09 09:19:59.110000,11923.56,11850,3415,11855,3060,11840,3678,11835,6628
2020-06-09 09:19:59.470000,11923.56,11850,3415,11855,3060,11840,3663,11835,6628
2020-06-09 09:20:00.400000,11923.56,11845,3680,11850,3415,11840,3663,11835,3295
2020-06-09 09:20:01.370000,11923.56,11845,4480,11850,2615,11835,3295,11830,6712
2020-06-09 09:20:03.480000,11923.56,11845,4480,11850,2615,11835,3295,11830,6712
2020-06-09 09:20:04.490000,11924.69,11845,4480,11850,2615,11835,3295,11830,6712
2020-06-09 09:20:05.570000,11924.69,11840,3680,11845,4530,11830,3379,11825,6639
2020-06-09 09:20:06.580000,11924.69,11840,3680,11845,4530,11830,3379,11825,6639
2020-06-09 09:20:08.710000,11924.69,11840,3680,11845,3730,11835,3295,11830,6712
2020-06-09 09:20:10.360000,11924.69,11840,3695,11845,3730,11830,3379,11825,6639
2020-06-09 09:20:11.360000,11924.69,11840,3695,11845,3730,11830,3379,11825,6639
2020-06-09 09:20:12.380000,11924.69,11840,3695,11845,3730,11830,3379,11825,6639
2020-06-09 09:20:13.440000,11924.69,11835,3500,11840,3695,11830,3379,11825,3306
2020-06-09 09:20:14.490000,11919.57,11835,4400,11840,2795,11825,3306,11820,6733
2020-06-09 09:20:15.520000,11919.57,11830,3010,11835,4400,11825,3306,11820,6733
2020-06-09 09:20:16.500000,11919.57,11835,4400,11840,2795,11825,3306,11820,6833
2020-06-09 09:20:16.960000,11919.57,11835,4400,11840,2795,11825,3306,11820,6833
2020-06-09 09:20:18.170000,11919.57,11840,2795,11845,3730,11830,3379,11825,6639
2020-06-09 09:20:18.630000,11919.57,11840,3695,11845,3730,11830,3379,11825,6639
2020-06-09 09:20:19.740000,11919.57,11835,3500,11840,3695,11825,3306,11820,6833
2020-06-09 09:20:20.780000,11919.57,11835,4400,11840,2795,11825,3306,11820,6833
2020-06-09 09:20:21.830000,11919.57,11835,4400,11840,2795,11825,3306,11820,6833
2020-06-09 09:20:22.880000,11919.57,11835,3500,11840,2795,11830,3379,11825,6639
2020-06-09 09:20:23.920000,11919.57,11835,4400,11840,2795,11825,3306,11820,6833
2020-06-09 09:20:26.550000,11916.3,11835,4400,11840,2795,11825,3306,11820,6833
2020-06-09 09:20:27.590000,11916.3,11835,4400,11840,2795,11825,3306,11820,6733
2020-06-09 09:20:27.860000,11916.3,11830,3010,11835,4400,11820,3400,11815,7096
2020-06-09 09:20:28.870000,11916.3,11830,3910,11835,3700,11820,3400,11815,7096
2020-06-09 09:20:31.850000,11916.3,11825,3680,11830,3910,11820,3400,11815,7096
2020-06-09 09:20:33.370000,11916.3,11830,3910,11835,3700,11820,3400,11815,7096
2020-06-09 09:20:35.660000,11911.89,11825,3680,11830,3910,11815,3763,11810,6883
2020-06-09 09:20:36.630000,11911.89,11825,4580,11830,3010,11815,3763,11810,6883
2020-06-09 09:20:38.100000,11911.89,11825,4630,11830,3010,11815,3713,11810,6883
2020-06-09 09:20:39.320000,11911.89,11825,4630,11830,3010,11815,3713,11810,6883
2020-06-09 09:20:39.660000,11911.89,11825,3730,11830,3010,11815,3713,11810,6883
2020-06-09 09:20:40.860000,11911.89,11825,4630,11830,3010,11815,3713,11810,6883
2020-06-09 09:20:41.360000,11911.89,11825,3730,11830,3010,11820,3400,11815,7046
2020-06-09 09:20:42.470000,11911.89,11825,4630,11830,3010,11820,3400,11815,3713
2020-06-09 09:20:43.550000,11911.89,11825,4630,11830,3010,11815,3713,11810,6883
2020-06-09 09:20:44.600000,11910.52,11825,3730,11830,3010,11820,3400,11815,3613
2020-06-09 09:20:44.960000,11910.52,11830,3810,11835,3500,11825,762,11820,3400
2020-06-09 09:20:46.180000,11910.52,11830,3810,11835,3500,11820,3400,11815,6946
2020-06-09 09:20:46.800000,11910.52,11830,3810,11835,3500,11820,3400,11815,6946
2020-06-09 09:20:48.800000,11910.52,11825,3214,11830,3810,11820,3400,11815,3613
2020-06-09 09:20:49.190000,11910.52,11825,3914,11830,3010,11815,3613,11810,6983
2020-06-09 09:20:50.410000,11910.52,11825,3214,11830,3010,11820,3400,11815,3613
2020-06-09 09:20:51.000000,11910.52,11825,2963,11830,3010,11820,3400,11815,3613
2020-06-09 09:20:51.940000,11910.52,11825,2670,11830,3010,11820,3400,11815,3613
2020-06-09 09:20:52.950000,11910.52,11830,3010,11835,3500,11820,3400,11815,6946
2020-06-09 09:20:53.390000,11910.52,11825,3680,11830,3710,11820,3400,11815,3613
2020-06-09 09:20:54.580000,11908.51,11825,4380,11830,3010,11820,3400,11815,3613
2020-06-09 09:20:55.000000,11908.51,11825,3680,11830,3010,11815,3613,11810,6983
2020-06-09 09:20:56.170000,11908.51,11825,3680,11830,3010,11820,3400,11815,3613
2020-06-09 09:20:56.660000,11908.51,11820,3680,11825,4380,11815,3613,11810,6983
2020-06-09 09:20:57.700000,11908.51,11825,4380,11830,3010,11815,3613,11810,6983
2020-06-09 09:20:58.670000,11908.51,11825,3680,11830,3010,11815,3613,11810,6983
2020-06-09 09:20:58.970000,11908.51,11830,3010,11835,3500,11820,3400,11815,3613
2020-06-09 09:20:59.870000,11908.51,11830,3810,11835,3500,11820,3399,11815,6946
2020-06-09 09:21:00.920000,11908.51,11830,3810,11835,3500,11825,3306,11820,3399
2020-06-09 09:21:01.940000,11908.51,11830,3810,11835,3500,11820,3399,11815,6946
2020-06-09 09:21:03.130000,11908.51,11830,3810,11835,3500,11820,3399,11815,6946
2020-06-09 09:21:07.370000,11907.93,11830,3010,11835,3500,11820,3399,11815,6946
2020-06-09 09:21:08.330000,11907.93,11830,3810,11835,3500,11820,3399,11815,6946
2020-06-09 09:21:10.940000,11907.93,11830,3860,11835,3500,11820,3399,11815,6946
2020-06-09 09:21:13.140000,11907.93,11830,3860,11835,3500,11820,3399,11815,6946
2020-06-09 09:21:15.170000,11909.9,11830,3860,11835,3500,11820,3399,11815,6946
2020-06-09 09:21:17.690000,11909.9,11830,3060,11835,3500,11825,3306,11820,3399
2020-06-09 09:21:20.390000,11909.9,11830,50,11835,3500,11825,3306,11820,6732
2020-06-09 09:21:21.470000,11909.9,11830,3860,11835,3500,11825,3306,11820,3399
2020-06-09 09:21:22.060000,11909.9,11830,50,11835,3500,11825,3306,11820,6732
2020-06-09 09:21:23.040000,11909.9,11835,4300,11840,2795,11825,3306,11820,6732
2020-06-09 09:21:24.090000,11909.9,11835,3500,11840,2795,11830,3378,11825,3306
2020-06-09 09:21:24.590000,11909.35,11840,2795,11845,3730,11830,3378,11825,3306
2020-06-09 09:21:25.670000,11909.35,11835,3500,11840,3595,11825,3306,11820,6732
2020-06-09 09:21:26.730000,11909.35,11835,4300,11840,2795,11825,3306,11820,6732
2020-06-09 09:21:27.100000,11909.35,11830,3010,11835,4300,11825,3306,11820,6732
2020-06-09 09:21:27.840000,11909.35,11835,4300,11840,2795,11825,3306,11820,6732
2020-06-09 09:21:29.960000,11909.35,11830,3010,11835,4300,11825,3306,11820,3399
2020-06-09 09:21:33.210000,11909.35,11830,3010,11835,4300,11820,3399,11815,6946
2020-06-09 09:21:34.170000,11909.35,11830,3010,11835,4300,11825,3306,11820,3399
2020-06-09 09:21:35.270000,11908.35,11830,3010,11835,4300,11825,3306,11820,3399
2020-06-09 09:21:36.800000,11908.35,11835,4300,11840,2795,11825,3306,11820,3399
2020-06-09 09:21:39.470000,11908.35,11835,4300,11840,2795,11825,3306,11820,3399
2020-06-09 09:21:39.840000,11908.35,11835,4300,11840,2795,11825,3306,11820,6732
2020-06-09 09:21:40.660000,11908.35,11835,3500,11840,2795,11825,3306,11820,6732
2020-06-09 09:21:42.470000,11908.35,11835,3500,11840,2795,11825,3306,11820,6732
2020-06-09 09:21:43.640000,11908.35,11835,3800,11840,2795,11825,3306,11820,6732
2020-06-09 09:21:44.620000,11910.91,11835,3550,11840,2795,11825,3306,11820,6732
2020-06-09 09:21:45.090000,11910.91,11835,50,11840,2795,11830,3378,11825,3306
2020-06-09 09:21:46.280000,11910.91,11840,3595,11845,3730,11830,3378,11825,3306
2020-06-09 09:21:48.260000,11910.91,11835,3500,11840,3595,11830,3378,11825,3306
2020-06-09 09:21:49.420000,11910.91,11835,3500,11840,2795,11825,3306,11820,6732
2020-06-09 09:21:50.470000,11910.91,11835,3500,11840,2795,11825,3306,11820,6732
2020-06-09 09:21:52.040000,11910.91,11840,2795,11845,3730,11830,3378,11825,6639
2020-06-09 09:21:53.060000,11910.91,11840,3595,11845,3730,11830,3378,11825,3306
2020-06-09 09:21:53.570000,11910.91,11835,3500,11840,3595,11830,3378,11825,3306
2020-06-09 09:21:56.250000,11911.66,11835,3500,11840,2795,11830,3378,11825,3306
2020-06-09 09:21:57.290000,11911.66,11835,3500,11840,2795,11825,3306,11820,6732
2020-06-09 09:21:57.670000,11911.66,11835,3500,11840,2795,11825,3306,11820,6732
2020-06-09 09:21:58.840000,11911.66,11835,3500,11840,2795,11825,3306,11820,6732
2020-06-09 09:21:59.140000,11911.66,11835,4300,11840,2795,11825,3306,11820,6732
2020-06-09 09:22:00.070000,11911.66,11835,4397,11840,2795,11825,3306,11820,6732
2020-06-09 09:22:00.970000,11911.66,11835,4396,11840,2795,11825,3306,11820,3399
2020-06-09 09:22:02.080000,11911.66,11835,4396,11840,2795,11825,3306,11820,3399
2020-06-09 09:22:03.130000,11911.66,11835,4396,11840,2795,11825,3306,11820,6732
2020-06-09 09:22:04.170000,11911.66,11835,4396,11840,2795,11825,3306,11820,6732
2020-06-09 09:22:05.740000,11909.51,11835,4396,11840,2795,11825,3306,11820,6732
2020-06-09 09:22:07.300000,11909.51,11835,3496,11840,2795,11825,3306,11820,6732
2020-06-09 09:22:08.330000,11909.51,11835,3496,11840,2795,11825,3306,11820,6732
2020-06-09 09:22:08.750000,11909.51,11835,3496,11840,2795,11830,3378,11825,3306
2020-06-09 09:22:09.910000,11909.51,11835,3496,11840,2795,11825,3306,11820,6732
2020-06-09 09:22:10.360000,11909.51,11835,4396,11840,2795,11825,3306,11820,6732
2020-06-09 09:22:12.560000,11909.51,11835,4396,11840,2795,11825,3306,11820,3399
2020-06-09 09:22:13.000000,11909.51,11835,4396,11840,2795,11825,3306,11820,6732
2020-06-09 09:22:14.140000,11909.51,11835,3496,11840,2795,11825,3306,11820,6732
2020-06-09 09:22:15.340000,11912.81,11835,4396,11840,2795,11825,3306,11820,6732
2020-06-09 09:22:16.250000,11912.81,11835,3496,11840,2795,11825,3306,11820,6732
2020-06-09 09:22:16.860000,11912.81,11835,4446,11840,2795,11825,3306,11820,6732
2020-06-09 09:22:17.840000,11912.81,11830,3010,11835,4446,11825,3306,11820,3399
2020-06-09 09:22:18.900000,11912.81,11830,3910,11835,3546,11820,3399,11815,6946
2020-06-09 09:22:20.500000,11912.81,11830,3910,11835,3546,11820,3399,11815,6946
2020-06-09 09:22:20.970000,11912.81,11830,3910,11835,3546,11820,3399,11815,6946
2020-06-09 09:22:23.040000,11912.81,11825,3680,11830,3910,11820,3399,11815,3613
2020-06-09 09:22:23.460000,11912.81,11830,3910,11835,3546,11820,3399,11815,6946
2020-06-09 09:22:24.370000,11911.06,11830,3910,11835,3546,11820,3399,11815,6946
2020-06-09 09:22:26.290000,11911.06,11830,3910,11835,3546,11820,3399,11815,6946
2020-06-09 09:22:26.670000,11911.06,11825,3680,11830,3910,11820,3399,11815,3613
2020-06-09 09:22:32.130000,11911.06,11825,4580,11830,3010,11815,3613,11810,6883
2020-06-09 09:22:33.200000,11911.06,11820,3680,11825,4290,11810,3550,11805,6755
2020-06-09 09:22:34.290000,11911.06,11820,4580,11825,3390,11810,3550,11805,6755
2020-06-09 09:22:36.380000,11910.47,11820,3680,11825,3390,11815,3613,11810,3550
2020-06-09 09:22:36.870000,11910.47,11825,3390,11830,3010,11815,3613,11810,6883
2020-06-09 09:22:37.980000,11910.47,11825,4290,11830,3010,11815,3613,11810,6883
2020-06-09 09:22:38.570000,11910.47,11820,3680,11825,4290,11815,3613,11810,3550
2020-06-09 09:22:39.520000,11910.47,11820,4480,11825,3390,11810,3550,11805,6755
2020-06-09 09:22:40.580000,11910.47,11820,4480,11825,3390,11810,3550,11805,6755
2020-06-09 09:22:42.100000,11910.47,11820,4480,11825,3390,11810,3550,11805,6755
2020-06-09 09:22:43.290000,11910.47,11820,4480,11825,3390,11810,3550,11805,6755
2020-06-09 09:22:44.910000,11906.42,11820,4480,11825,3390,11810,3550,11805,3422
2020-06-09 09:22:45.360000,11906.42,11815,2795,11820,4480,11810,3550,11805,3422
2020-06-09 09:22:46.460000,11906.42,11815,2795,11820,3680,11810,3550,11805,3422
2020-06-09 09:22:47.000000,11906.42,11815,3595,11820,3680,11810,3550,11805,3422
2020-06-09 09:22:48.460000,11906.42,11815,3595,11820,3680,11810,3547,11805,6755
2020-06-09 09:22:49.600000,11906.42,11820,3680,11825,3390,11810,3547,11805,6755
2020-06-09 09:22:50.640000,11906.42,11820,4530,11825,3390,11810,3497,11805,6755
2020-06-09 09:22:51.720000,11906.42,11820,4530,11825,3390,11810,3497,11805,6755
2020-06-09 09:22:52.800000,11906.42,11820,4530,11825,3390,11810,3487,11805,6755
2020-06-09 09:22:54.350000,11906.42,11820,4530,11825,3390,11810,3487,11805,6755
2020-06-09 09:22:54.800000,11901.43,11820,850,11825,3390,11815,3613,11810,3487
2020-06-09 09:22:55.940000,11901.43,11820,4530,11825,3390,11810,3487,11805,6755
2020-06-09 09:22:58.500000,11901.43,11820,4530,11825,3390,11810,3487,11805,6755
2020-06-09 09:23:00.760000,11901.43,11820,4530,11825,3390,11810,3487,11805,7255
2020-06-09 09:23:01.760000,11901.43,11820,4530,11825,3390,11810,2215,11805,7255
2020-06-09 09:23:02.780000,11901.43,11820,4530,11825,3390,11810,2215,11805,7255
2020-06-09 09:23:04.360000,11898.3,11820,4530,11825,3390,11810,2215,11805,7255
2020-06-09 09:23:05.420000,11898.3,11820,4530,11825,3390,11815,3613,11810,2215
2020-06-09 09:23:06.400000,11898.3,11820,3730,11825,3390,11815,3613,11810,2215
2020-06-09 09:23:06.900000,11898.3,11820,850,11825,3390,11815,3613,11810,5549
2020-06-09 09:23:08.010000,11898.3,11820,850,11825,3390,11815,3613,11810,5549
2020-06-09 09:23:09.060000,11898.3,11820,4530,11825,3390,11815,3613,11810,2216
2020-06-09 09:23:09.370000,11898.3,11820,4530,11825,3390,11815,3613,11810,5549
2020-06-09 09:23:10.110000,11898.3,11820,850,11825,3390,11815,3613,11810,5549
2020-06-09 09:23:11.210000,11898.3,11825,3390,11830,3010,11815,4113,11810,5549
2020-06-09 09:23:12.250000,11898.3,11825,4190,11830,3010,11815,4113,11810,5549
2020-06-09 09:23:12.730000,11898.3,11825,4190,11830,3010,11815,4113,11810,5549
2020-06-09 09:23:15.170000,11893.21,11825,4190,11830,3010,11815,4113,11810,5549
2020-06-09 09:23:17.040000,11893.21,11825,4190,11830,3010,11815,4113,11810,5549
2020-06-09 09:23:19.120000,11893.21,11825,3390,11830,3010,11820,3399,11815,4113
2020-06-09 09:23:19.570000,11893.21,11830,3010,11835,3556,11820,3899,11815,7446
2020-06-09 09:23:20.710000,11893.21,11830,3810,11835,3556,11820,3899,11815,7446
2020-06-09 09:23:22.800000,11893.21,11830,3710,11835,3556,11820,3899,11815,7446
2020-06-09 09:23:23.820000,11893.21,11830,3760,11835,3556,11825,3306,11820,3899
2020-06-09 09:23:26.480000,11892.8,11830,3760,11835,3556,11820,3899,11815,7446
2020-06-09 09:23:27.520000,11892.8,11830,3760,11835,3556,11820,3899,11815,7446
2020-06-09 09:23:28.520000,11892.8,11830,3760,11835,3556,11820,3899,11815,7446
2020-06-09 09:23:28.870000,11892.8,11830,3760,11835,3556,11820,3949,11815,7446
2020-06-09 09:23:29.650000,11892.8,11825,3390,11830,3760,11820,3449,11815,7446
2020-06-09 09:23:30.740000,11892.8,11825,3120,11830,3760,11820,3949,11815,7446
2020-06-09 09:23:31.240000,11892.8,11830,3760,11835,3556,11820,3949,11815,7446
2020-06-09 09:23:33.350000,11892.8,11830,3760,11835,3556,11825,3306,11820,3949
2020-06-09 09:23:33.800000,11892.8,11830,3360,11835,3556,11820,3949,11815,7446
2020-06-09 09:23:34.940000,11894.6,11830,3760,11835,3556,11820,3949,11815,7446
2020-06-09 09:23:36.990000,11894.6,11830,3760,11835,3556,11820,3449,11815,7446
2020-06-09 09:23:38.100000,11894.6,11830,3760,11835,3556,11820,3449,11815,7446
2020-06-09 09:23:38.470000,11894.6,11825,2826,11830,3760,11820,3449,11815,4113
2020-06-09 09:23:39.670000,11894.6,11825,2826,11830,3060,11820,3449,11815,4113
2020-06-09 09:23:40.000000,11894.6,11825,3526,11830,3060,11820,50,11815,4113
2020-06-09 09:23:41.240000,11894.6,11825,2826,11830,3060,11820,3449,11815,4113
2020-06-09 09:23:42.190000,11894.6,11825,3526,11830,3060,11820,3449,11815,4113
2020-06-09 09:23:42.640000,11894.6,11830,3060,11835,3556,11825,6832,11820,3949
2020-06-09 09:23:43.840000,11894.6,11830,3760,11835,3556,11825,3526,11820,3949
2020-06-09 09:23:45.000000,11889.72,11825,2826,11830,4060,11820,4449,11815,7446
2020-06-09 09:23:45.940000,11889.72,11830,4060,11835,3556,11820,4949,11815,7446
2020-06-09 09:23:46.590000,11889.72,11825,2826,11830,4060,11820,3749,11815,4113
2020-06-09 09:23:47.560000,11889.72,11825,2826,11830,4060,11820,3449,11815,4113
2020-06-09 09:23:48.580000,11889.72,11825,3326,11830,4060,11820,3449,11815,4113
2020-06-09 09:23:49.550000,11889.72,11825,2826,11830,4060,11820,4449,11815,4113
2020-06-09 09:23:50.660000,11889.72,11825,2826,11830,4060,11820,3449,11815,4113
2020-06-09 09:23:51.690000,11889.72,11825,2826,11830,4060,11820,3449,11815,4113
2020-06-09 09:23:52.090000,11889.72,11825,2826,11830,4060,11820,4449,11815,4113
2020-06-09 09:23:53.310000,11889.72,11825,2826,11830,4060,11820,3449,11815,4113
2020-06-09 09:23:53.730000,11889.72,11825,2826,11830,4060,11820,3449,11815,4113
2020-06-09 09:23:54.900000,11898.06,11825,3826,11830,4060,11820,3449,11815,4113
2020-06-09 09:23:56.140000,11898.06,11825,3876,11830,4060,11820,3399,11815,4113
2020-06-09 09:23:58.000000,11898.06,11825,3876,11830,4060,11815,4113,11810,5549
2020-06-09 09:23:58.370000,11898.06,11820,3680,11825,3876,11815,3613,11810,2216
2020-06-09 09:23:59.060000,11898.06,11820,4680,11825,3876,11815,3613,11810,2216
2020-06-09 09:24:00.200000,11898.06,11820,4680,11825,3876,11810,2216,11805,7255
2020-06-09 09:24:00.750000,11898.06,11820,4680,11825,3876,11810,3316,11805,7255
2020-06-09 09:24:01.780000,11898.06,11820,3680,11825,3876,11815,3143,11810,3316
2020-06-09 09:24:02.840000,11898.06,11825,3876,11830,4060,11815,3143,11810,3316
2020-06-09 09:24:03.400000,11898.06,11825,3876,11830,4060,11815,4743,11810,6649
2020-06-09 09:24:04.370000,11894.88,11825,3876,11830,4060,11815,3943,11810,6649
2020-06-09 09:24:05.370000,11894.88,11825,3876,11830,4060,11815,4743,11810,6649
2020-06-09 09:24:05.490000,11894.88,11825,3876,11830,4060,11815,4747,11810,6649
2020-06-09 09:24:07.760000,11894.88,11825,3876,11830,4060,11815,4747,11810,6649
2020-06-09 09:24:08.630000,11894.88,11825,3876,11830,4060,11815,4747,11810,6649
2020-06-09 09:24:10.040000,11894.88,11825,3876,11830,4060,11815,4747,11810,6649
2020-06-09 09:24:11.300000,11894.88,11825,3876,11830,4060,11815,3647,11810,6649
2020-06-09 09:24:12.320000,11894.88,11825,3876,11830,4060,11820,3399,11815,3647
2020-06-09 09:24:13.370000,11894.88,11825,3876,11830,4060,11820,3399,11815,3647
2020-06-09 09:24:13.760000,11894.88,11825,3876,11830,4060,11815,3647,11810,6654
2020-06-09 09:24:15.430000,11893.53,11825,3876,11830,4060,11815,3647,11810,6654
2020-06-09 09:24:18.130000,11893.53,11825,3876,11830,4060,11815,3647,11810,6654
2020-06-09 09:24:20.660000,11893.53,11825,3876,11830,4060,11815,3647,11810,6654
2020-06-09 09:24:23.990000,11893.53,11825,3876,11830,4060,11820,3399,11815,3647
2020-06-09 09:24:25.990000,11893.69,11825,2876,11830,4060,11820,3399,11815,6980
2020-06-09 09:24:27.130000,11893.69,11830,4060,11835,3556,11820,3899,11815,6980
2020-06-09 09:24:27.570000,11893.69,11830,50,11835,3556,11825,3306,11820,7232
2020-06-09 09:24:28.740000,11893.69,11830,1100,11835,3556,11825,3306,11820,3899
2020-06-09 09:24:29.140000,11893.69,11830,1162,11835,3556,11825,3306,11820,3899
2020-06-09 09:24:29.860000,11893.69,11830,4172,11835,3556,11825,3306,11820,3899
2020-06-09 09:24:30.850000,11893.69,11830,4172,11835,3556,11820,3899,11815,6980
2020-06-09 09:24:32.160000,11893.69,11830,4172,11835,3556,11820,3899,11815,6980
2020-06-09 09:24:32.970000,11893.69,11830,4172,11835,3556,11820,3899,11815,6980
2020-06-09 09:24:36.170000,11895.97,11830,4172,11835,3556,11820,3899,11815,6980
2020-06-09 09:24:37.120000,11895.97,11830,4172,11835,3556,11820,3399,11815,6980
2020-06-09 09:24:37.690000,11895.97,11830,4172,11835,3556,11820,3899,11815,6980
2020-06-09 09:24:38.730000,11895.97,11830,4172,11835,3556,11820,3399,11815,6980
2020-06-09 09:24:39.260000,11895.97,11830,4172,11835,3556,11820,3399,11815,6980
2020-06-09 09:24:40.690000,11895.97,11830,4172,11835,3556,11820,3899,11815,6980
2020-06-09 09:24:44.010000,11895.97,11830,4172,11835,3556,11825,3306,11820,3899
2020-06-09 09:24:44.290000,11894.44,11830,4172,11835,3556,11820,3899,11815,6980
2020-06-09 09:24:45.090000,11894.44,11830,4172,11835,3556,11820,3899,11815,6980
2020-06-09 09:24:46.530000,11894.44,11830,4172,11835,3556,11820,3899,11815,6980
2020-06-09 09:24:47.260000,11894.44,11830,4172,11835,3556,11820,3899,11815,6980
2020-06-09 09:24:49.280000,11894.44,11830,4172,11835,3556,11820,3399,11815,6980
2020-06-09 09:24:49.590000,11894.44,11830,4172,11835,3556,11820,3399,11815,6980
2020-06-09 09:24:51.160000,11894.44,11830,4172,11835,3556,11820,3899,11815,6980
2020-06-09 09:24:54.690000,11891.56,11830,4172,11835,3556,11820,3399,11815,3647
2020-06-09 09:24:55.630000,11891.56,11825,2814,11830,4172,11820,3399,11815,3647
2020-06-09 09:24:56.680000,11891.56,11830,4172,11835,3556,11820,3399,11815,3647
2020-06-09 09:24:57.130000,11891.56,11830,4172,11835,3556,11820,3399,11815,6980
2020-06-09 09:24:58.140000,11891.56,11830,4172,11835,3556,11820,3399,11815,6980
2020-06-09 09:24:59.250000,11891.56,11830,4172,11835,3556,11820,3899,11815,6980
2020-06-09 09:25:00.330000,11891.56,11825,2814,11830,4172,11820,3399,11815,3647
2020-06-09 09:25:01.380000,11891.56,11825,3914,11830,4172,11820,3399,11815,3647
2020-06-09 09:25:01.780000,11891.56,11825,50,11830,4172,11820,3399,11815,6980
2020-06-09 09:25:02.910000,11891.56,11825,350,11830,4172,11820,3399,11815,6980
2020-06-09 09:25:03.360000,11891.56,11825,1150,11830,4172,11820,3399,11815,6980
2020-06-09 09:25:05.450000,11890.23,11825,1150,11830,4172,11820,3399,11815,3647
2020-06-09 09:25:05.770000,11890.23,11825,2864,11830,4172,11820,3399,11815,3647
2020-06-09 09:25:06.610000,11890.23,11825,50,11830,4172,11820,3899,11815,6980
2020-06-09 09:25:07.670000,11890.23,11830,4172,11835,3556,11820,3899,11815,6980
2020-06-09 09:25:09.250000,11890.23,11830,4172,11835,3556,11820,3899,11815,6980
2020-06-09 09:25:11.230000,11890.23,11830,4172,11835,3556,11820,3899,11815,6980
2020-06-09 09:25:12.840000,11890.23,11830,4172,11835,3556,11820,3899,11815,6980
2020-06-09 09:25:13.920000,11890.23,11830,4172,11835,3556,11820,3899,11815,6980
2020-06-09 09:25:14.470000,11891.1,11830,3060,11835,3556,11825,3306,11820,3899
2020-06-09 09:25:15.540000,11891.1,11830,3060,11835,3556,11820,3899,11815,6980
2020-06-09 09:25:16.530000,11891.1,11830,3060,11835,3556,11825,3306,11820,3899
2020-06-09 09:25:17.080000,11891.1,11830,50,11835,3556,11825,3806,11820,7232
2020-06-09 09:25:18.170000,11891.1,11835,4656,11840,3065,11825,3306,11820,3899
2020-06-09 09:25:19.230000,11891.1,11835,4656,11840,3065,11825,3306,11820,3899
2020-06-09 09:25:20.290000,11891.1,11830,3010,11835,4656,11825,3306,11820,3899
2020-06-09 09:25:21.340000,11891.1,11830,3010,11835,4656,11825,3806,11820,7232
2020-06-09 09:25:22.380000,11891.1,11835,4656,11840,3065,11825,3306,11820,7232
2020-06-09 09:25:26.070000,11897.95,11835,4656,11840,3065,11825,3806,11820,7232
2020-06-09 09:25:27.660000,11897.95,11835,4656,11840,3065,11825,3306,11820,7232
2020-06-09 09:25:28.070000,11897.95,11835,4656,11840,3065,11825,3806,11820,7232
2020-06-09 09:25:29.570000,11897.95,11835,4656,11840,3065,11825,3306,11820,7232
2020-06-09 09:25:30.370000,11897.95,11835,4656,11840,3065,11825,3806,11820,7232
2020-06-09 09:25:32.400000,11897.95,11835,4656,11840,3065,11825,3806,11820,7232
2020-06-09 09:25:33.430000,11897.95,11835,4356,11840,3065,11830,3378,11825,3806
2020-06-09 09:25:33.850000,11897.95,11835,3556,11840,3065,11830,3378,11825,3806
2020-06-09 09:25:35.040000,11899.07,11835,3606,11840,3065,11830,3378,11825,3806
2020-06-09 09:25:36.570000,11899.07,11840,3065,11845,3680,11830,3378,11825,7139
2020-06-09 09:25:37.660000,11899.07,11840,4165,11845,3680,11830,3378,11825,7139
2020-06-09 09:25:38.190000,11899.07,11840,4165,11845,3680,11835,3680,11830,3878
2020-06-09 09:25:39.270000,11899.07,11840,3065,11845,3680,11835,3680,11830,3878
2020-06-09 09:25:40.270000,11899.07,11840,4165,11845,3680,11835,3680,11830,3878
2020-06-09 09:25:41.390000,11899.07,11840,4165,11845,3680,11830,3878,11825,7139
2020-06-09 09:25:43.490000,11899.07,11835,3276,11840,4165,11830,3378,11825,3806
2020-06-09 09:25:44.530000,11906.42,11840,4165,11845,3680,11830,3878,11825,7139
2020-06-09 09:25:45.460000,11906.42,11835,3276,11840,4165,11830,3378,11825,3806
2020-06-09 09:25:45.770000,11906.42,11835,3276,11840,4165,11830,3378,11825,3806
2020-06-09 09:25:46.560000,11906.42,11840,4165,11845,3680,11830,3878,11825,7139
2020-06-09 09:25:47.670000,11906.42,11840,4165,11845,3680,11830,3378,11825,3806
2020-06-09 09:25:48.100000,11906.42,11835,3276,11840,4165,11825,3806,11820,7232
2020-06-09 09:25:49.270000,11906.42,11840,4165,11845,3680,11830,3378,11825,3806
2020-06-09 09:25:50.840000,11906.42,11840,4165,11845,3680,11830,3378,11825,7139
2020-06-09 09:25:51.390000,11906.42,11835,3276,11840,4165,11830,3378,11825,3806
2020-06-09 09:25:52.440000,11906.42,11840,4165,11845,3680,11830,3678,11825,7139
2020-06-09 09:25:53.060000,11906.42,11835,100,11840,4165,11830,4178,11825,7139
2020-06-09 09:25:54.030000,11906.42,11840,4165,11845,3680,11830,4178,11825,7139
2020-06-09 09:25:55.390000,11903.56,11840,4165,11845,3680,11835,3680,11830,4178
2020-06-09 09:25:57.200000,11903.56,11840,3065,11845,3680,11835,3680,11830,4178
2020-06-09 09:25:57.670000,11903.56,11840,4265,11845,3680,11835,3680,11830,4178
2020-06-09 09:26:00.340000,11903.56,11840,4265,11845,3680,11830,4178,11825,7139
2020-06-09 09:26:02.260000,11903.56,11840,4265,11845,3680,11835,3680,11830,4178
2020-06-09 09:26:02.960000,11903.56,11840,4265,11845,3680,11835,3680,11830,4178
2020-06-09 09:26:04.020000,11903.56,11840,4265,11845,3680,11830,4178,11825,7139
2020-06-09 09:26:04.540000,11909.62,11840,3065,11845,3680,11835,3680,11830,4178
2020-06-09 09:26:05.650000,11909.62,11840,4265,11845,3680,11835,3680,11830,4178
2020-06-09 09:26:06.600000,11909.62,11840,4265,11845,3680,11830,4178,11825,7139
2020-06-09 09:26:07.740000,11909.62,11840,4315,11845,3680,11830,3678,11825,3806
2020-06-09 09:26:08.820000,11909.62,11835,3276,11840,4315,11830,3678,11825,3806
2020-06-09 09:26:09.350000,11909.62,11835,3276,11840,4315,11830,3678,11825,3806
2020-06-09 09:26:10.360000,11909.62,11835,3276,11840,4315,11830,3678,11825,3806
2020-06-09 09:26:11.410000,11909.62,11835,4476,11840,4315,11830,3678,11825,3806
2020-06-09 09:26:11.800000,11909.62,11835,3276,11840,4315,11830,3678,11825,3806
2020-06-09 09:26:14.580000,11907.33,11835,3976,11840,4315,11830,3678,11825,3806
2020-06-09 09:26:14.830000,11907.33,11835,3276,11840,4315,11830,3678,11825,3806
2020-06-09 09:26:16.670000,11907.33,11835,3276,11840,4315,11830,3678,11825,3806
2020-06-09 09:26:18.770000,11907.33,11840,4315,11845,3680,11830,4178,11825,3806
2020-06-09 09:26:19.160000,11907.33,11840,4315,11845,3680,11830,4178,11825,7139
2020-06-09 09:26:20.380000,11907.33,11840,4315,11845,3680,11830,4178,11825,7139
2020-06-09 09:26:23.000000,11907.33,11840,4315,11845,3680,11830,3678,11825,3806
2020-06-09 09:26:24.050000,11907.33,11840,4315,11845,3680,11830,4178,11825,7139
2020-06-09 09:26:24.640000,11909.32,11840,4315,11845,3680,11830,4178,11825,7139
2020-06-09 09:26:25.580000,11909.32,11840,4315,11845,3680,11830,3678,11825,3806
2020-06-09 09:26:26.090000,11909.32,11835,3276,11840,4315,11830,300,11825,3806
2020-06-09 09:26:27.220000,11909.32,11835,3591,11840,4315,11830,300,11825,3806
2020-06-09 09:26:41.400000,11907.29,11835,3641,11840,4315,11830,300,11825,3806
2020-06-09 09:26:41.930000,11907.29,11835,3641,11840,4315,11830,301,11825,3806
2020-06-09 09:26:44.040000,11907.29,11835,2441,11840,4315,11830,3679,11825,3806
2020-06-09 09:26:45.100000,11907.34,11835,3641,11840,4315,11830,301,11825,3806
2020-06-09 09:26:45.370000,11907.34,11835,3641,11840,4315,11830,301,11825,3806
2020-06-09 09:26:51.970000,11907.34,11835,3641,11840,4315,11830,301,11825,3806
2020-06-09 09:26:53.150000,11907.34,11835,3641,11840,4315,11830,301,11825,3806
2020-06-09 09:26:54.110000,11907.34,11830,3010,11835,3641,11825,3306,11820,3999
2020-06-09 09:26:55.110000,11908.16,11830,3680,11835,3641,11825,3306,11820,3999
2020-06-09 09:26:55.460000,11908.16,11830,3680,11835,3641,11825,3306,11820,3999
2020-06-09 09:26:57.210000,11908.16,11830,3680,11835,3641,11825,3306,11820,3999
2020-06-09 09:26:58.300000,11908.16,11830,3680,11835,3641,11825,3306,11820,3999
2020-06-09 09:27:00.440000,11908.16,11835,3641,11840,4315,11825,3806,11820,3999
2020-06-09 09:27:01.500000,11908.16,11835,3641,11840,4315,11825,3806,11820,7332
2020-06-09 09:27:02.070000,11908.16,11835,50,11840,4315,11830,3378,11825,3806
2020-06-09 09:27:03.080000,11908.16,11840,4315,11845,3680,11835,3680,11830,3878
2020-06-09 09:27:04.140000,11908.16,11840,4315,11845,3680,11835,3380,11830,3878
2020-06-09 09:27:05.660000,11908.69,11840,4315,11845,3680,11830,3878,11825,3806
2020-06-09 09:27:06.800000,11908.69,11835,3680,11840,4315,11830,3378,11825,3806
2020-06-09 09:27:09.270000,11908.69,11840,4315,11845,3680,11830,3878,11825,7139
2020-06-09 09:27:10.060000,11908.69,11835,3680,11840,4315,11830,3878,11825,3806
2020-06-09 09:27:11.000000,11908.69,11835,1200,11840,4315,11830,3878,11825,3806
2020-06-09 09:27:12.020000,11908.69,11840,4315,11845,3680,11830,3878,11825,3806
2020-06-09 09:27:13.580000,11908.69,11840,4315,11845,3680,11830,3878,11825,3806
2020-06-09 09:27:13.700000,11908.69,11840,4365,11845,3680,11830,3878,11825,3806
2020-06-09 09:27:14.700000,11908.58,11840,4365,11845,3680,11830,3878,11825,7139
2020-06-09 09:27:15.110000,11908.58,11840,4365,11845,3680,11830,3878,11825,3806
2020-06-09 09:27:16.200000,11908.58,11840,4365,11845,3680,11830,4178,11825,7139
2020-06-09 09:27:17.340000,11908.58,11840,4365,11845,3680,11830,4178,11825,3806
2020-06-09 09:27:17.860000,11908.58,11840,4365,11845,3680,11830,4178,11825,7139
2020-06-09 09:27:18.940000,11908.58,11840,4365,11845,3680,11830,4178,11825,7139
2020-06-09 09:27:20.290000,11908.58,11840,4365,11845,3680,11830,4178,11825,3806
2020-06-09 09:27:21.030000,11908.58,11835,3680,11840,4365,11830,4178,11825,3806
2020-06-09 09:27:22.530000,11908.58,11835,3680,11840,4365,11830,4178,11825,3806
2020-06-09 09:27:24.230000,11908.58,11840,4365,11845,3680,11830,4178,11825,3806
2020-06-09 09:27:24.460000,11908.62,11840,4365,11845,3680,11830,3678,11825,3806
2020-06-09 09:27:27.400000,11908.62,11840,3165,11845,3680,11835,3380,11830,4178
2020-06-09 09:27:28.420000,11908.62,11840,370,11845,3680,11835,3880,11830,4178
2020-06-09 09:27:29.490000,11908.62,11840,870,11845,3680,11835,3880,11830,4178
2020-06-09 09:27:29.960000,11908.62,11840,370,11845,3680,11835,3880,11830,4178
2020-06-09 09:27:31.040000,11908.62,11840,370,11845,3680,11835,3880,11830,4178
2020-06-09 09:27:32.120000,11908.62,11840,1570,11845,3680,11835,3880,11830,4178
2020-06-09 09:27:32.590000,11908.62,11840,1570,11845,3680,11835,3880,11830,4178
2020-06-09 09:27:33.630000,11908.62,11840,370,11845,3680,11835,3880,11830,4178
2020-06-09 09:27:34.270000,11908.62,11840,370,11845,3680,11835,3880,11830,7511
2020-06-09 09:27:35.240000,11907.09,11840,1570,11845,3680,11835,3880,11830,4178
2020-06-09 09:27:36.300000,11907.09,11840,4365,11845,3680,11835,3380,11830,4178
2020-06-09 09:27:36.760000,11907.09,11840,370,11845,3680,11835,3880,11830,4178
2020-06-09 09:27:37.460000,11907.09,11840,4065,11845,3680,11835,3380,11830,4178
2020-06-09 09:27:38.630000,11907.09,11840,370,11845,3680,11835,3880,11830,7511
2020-06-09 09:27:39.400000,11907.09,11840,370,11845,3680,11835,3880,11830,4178
2020-06-09 09:27:39.960000,11907.09,11840,370,11845,3680,11835,3880,11830,4178
2020-06-09 09:27:42.070000,11907.09,11840,370,11845,3680,11835,3880,11830,4178
2020-06-09 09:27:43.160000,11907.09,11840,370,11845,3680,11835,3880,11830,7511
2020-06-09 09:27:43.540000,11907.09,11845,4880,11850,3457,11835,3880,11830,7511
2020-06-09 09:27:45.720000,11908.54,11845,4880,11850,3457,11835,3380,11830,4178
2020-06-09 09:27:46.190000,11908.54,11840,2795,11845,4880,11835,3380,11830,4178
2020-06-09 09:27:47.360000,11908.54,11840,2845,11845,4880,11835,3380,11830,4178
2020-06-09 09:27:47.600000,11908.54,11840,2945,11845,4880,11835,3380,11830,4178
2020-06-09 09:27:48.460000,11908.54,11840,2845,11845,4880,11835,3380,11830,4178
2020-06-09 09:27:49.070000,11908.54,11840,4045,11845,4880,11830,4178,11825,7139
2020-06-09 09:27:51.050000,11908.54,11840,4045,11845,4880,11830,4178,11825,7139
2020-06-09 09:27:55.060000,11907.62,11840,4045,11845,4880,11830,4278,11825,3806
2020-06-09 09:27:55.810000,11907.62,11835,3680,11840,4045,11830,3778,11825,3806
2020-06-09 09:27:56.910000,11907.62,11840,4045,11845,4880,11830,4278,11825,7139
2020-06-09 09:28:02.170000,11907.62,11840,4045,11845,4880,11830,4278,11825,7139
2020-06-09 09:28:07.360000,11909.12,11840,4045,11845,4880,11830,4278,11825,7139
2020-06-09 09:28:09.420000,11909.12,11840,4045,11845,4880,11830,4278,11825,3806
2020-06-09 09:28:10.700000,11909.12,11840,4045,11845,4880,11830,4278,11825,7139
2020-06-09 09:28:15.680000,11909.04,11840,4045,11845,4880,11830,3778,11825,3806
2020-06-09 09:28:16.790000,11909.04,11835,3680,11840,4045,11830,3778,11825,3806
2020-06-09 09:28:17.760000,11909.04,11835,3680,11840,4045,11830,3778,11825,3806
2020-06-09 09:28:17.980000,11909.04,11835,4880,11840,4045,11830,400,11825,3806
2020-06-09 09:28:18.900000,11909.04,11835,3680,11840,4045,11830,3378,11825,3806
2020-06-09 09:28:19.980000,11909.04,11840,4045,11845,4880,11830,3878,11825,3806
2020-06-09 09:28:20.290000,11909.04,11840,4045,11845,4880,11830,3878,11825,7139
2020-06-09 09:28:21.040000,11909.04,11840,4095,11845,4880,11835,3380,11830,3878
2020-06-09 09:28:24.520000,11908.49,11840,2895,11845,4880,11835,3380,11830,3878
2020-06-09 09:28:25.410000,11908.49,11840,100,11845,4880,11835,3380,11830,3878
2020-06-09 09:28:26.160000,11908.49,11840,100,11845,4880,11835,3880,11830,7211
2020-06-09 09:28:26.860000,11908.49,11840,700,11845,4880,11835,3880,11830,7211
2020-06-09 09:28:28.160000,11908.49,11840,1000,11845,4880,11835,3880,11830,7211
2020-06-09 09:28:29.440000,11908.49,11840,1600,11845,4880,11835,3880,11830,7211
2020-06-09 09:28:30.560000,11908.49,11840,1000,11845,4880,11835,3880,11830,7211
2020-06-09 09:28:31.620000,11908.49,11840,400,11845,4880,11835,3880,11830,7211
2020-06-09 09:28:32.080000,11908.49,11840,1000,11845,4880,11835,3380,11830,7211
2020-06-09 09:28:33.200000,11908.49,11840,400,11845,4880,11835,3380,11830,7211
2020-06-09 09:28:34.280000,11908.49,11840,1600,11845,4880,11835,3880,11830,7211
2020-06-09 09:28:34.530000,11905.48,11840,400,11845,4880,11835,3880,11830,7211
2020-06-09 09:28:35.260000,11905.48,11840,1100,11845,4880,11835,3880,11830,7211
2020-06-09 09:28:35.700000,11905.48,11840,400,11845,4880,11835,3880,11830,7211
2020-06-09 09:28:36.340000,11905.48,11840,400,11845,4880,11835,3880,11830,7211
2020-06-09 09:28:36.840000,11905.48,11840,416,11845,4880,11835,3880,11830,7211
2020-06-09 09:28:39.040000,11905.48,11840,1616,11845,4880,11835,3880,11830,7211
2020-06-09 09:28:40.030000,11905.48,11840,1616,11845,4880,11835,2773,11830,7211
2020-06-09 09:28:40.290000,11905.48,11840,4411,11845,4880,11830,3878,11825,7139
2020-06-09 09:28:41.150000,11905.48,11840,4411,11845,4880,11835,2773,11830,3878
2020-06-09 09:28:41.450000,11905.48,11840,4411,11845,4880,11835,3680,11830,3878
2020-06-09 09:28:43.170000,11905.48,11840,4411,11845,4880,11835,3680,11830,3878
2020-06-09 09:28:45.890000,11904.06,11840,1616,11845,4880,11835,3680,11830,3878
2020-06-09 09:28:46.950000,11904.06,11840,4411,11845,4880,11835,3680,11830,3878
2020-06-09 09:28:49.600000,11904.06,11840,4411,11845,4880,11835,3680,11830,3878
2020-06-09 09:28:50.670000,11904.06,11840,416,11845,4880,11835,4180,11830,7211
2020-06-09 09:28:51.170000,11904.06,11845,4880,11850,3497,11835,4180,11830,7211
2020-06-09 09:28:52.260000,11904.06,11845,4880,11850,3497,11835,4180,11830,7211
2020-06-09 09:28:53.290000,11904.06,11845,4880,11850,3497,11835,4180,11830,7211
2020-06-09 09:28:54.290000,11904.06,11845,4930,11850,3497,11835,4180,11830,3878
2020-06-09 09:28:55.870000,11907.59,11845,4930,11850,3497,11835,4180,11830,7211
2020-06-09 09:28:56.980000,11907.59,11845,4930,11850,3497,11835,4180,11830,3878
2020-06-09 09:28:57.540000,11907.59,11845,4930,11850,3497,11835,4180,11830,7211
2020-06-09 09:29:03.750000,11906.47,11845,4930,11850,3497,11835,4185,11830,7211
2020-06-09 09:29:04.900000,11906.47,11845,4930,11850,3497,11835,4185,11830,3878
2020-06-09 09:29:05.940000,11906.47,11845,4930,11850,3497,11835,4185,11830,7211
2020-06-09 09:29:06.880000,11906.47,11845,4930,11850,3497,11835,4185,11830,3878
2020-06-09 09:29:07.030000,11906.47,11845,4930,11850,3497,11835,4185,11830,3883
2020-06-09 09:29:08.300000,11906.47,11845,4930,11850,3497,11835,4185,11830,7216
2020-06-09 09:29:09.530000,11906.47,11845,4930,11850,3497,11835,4185,11830,3883
2020-06-09 09:29:10.660000,11906.47,11840,2795,11845,4930,11835,3685,11830,3883
2020-06-09 09:29:10.850000,11906.47,11840,3895,11845,4930,11835,3685,11830,3883
2020-06-09 09:29:11.640000,11906.47,11840,3495,11845,4930,11835,3685,11830,3883
2020-06-09 09:29:11.970000,11906.47,11845,4930,11850,3497,11835,4185,11830,7216
2020-06-09 09:29:12.740000,11906.47,11845,4930,11850,3497,11835,3685,11830,3883
2020-06-09 09:29:13.750000,11906.47,11845,4930,11850,3497,11835,4185,11830,7216
2020-06-09 09:29:15.300000,11910.87,11845,4930,11850,3497,11835,3685,11830,3883
2020-06-09 09:29:17.530000,11910.87,11845,4930,11850,3497,11835,4185,11830,7216
2020-06-09 09:29:18.580000,11910.87,11845,3730,11850,3497,11840,3143,11835,4185
2020-06-09 09:29:18.970000,11910.87,11845,4930,11850,3497,11840,3143,11835,4185
2020-06-09 09:29:20.160000,11910.87,11845,4930,11850,3497,11835,4185,11830,7216
2020-06-09 09:29:20.450000,11910.87,11845,4930,11850,3497,11835,4185,11830,7216
2020-06-09 09:29:26.870000,11909.51,11845,4980,11850,3497,11835,4185,11830,7216
2020-06-09 09:29:27.360000,11909.51,11845,4980,11850,3497,11840,3143,11835,4185
2020-06-09 09:29:28.500000,11909.51,11845,4980,11850,3497,11840,3143,11835,4185
2020-06-09 09:29:29.560000,11909.51,11845,3780,11850,3497,11840,3143,11835,4185
2020-06-09 09:29:30.590000,11909.51,11845,3780,11850,3497,11840,3643,11835,4185
2020-06-09 09:29:30.890000,11909.51,11845,4980,11850,3497,11840,3143,11835,4185
2020-06-09 09:29:31.670000,11909.51,11845,4980,11850,3497,11840,3143,11835,4185
2020-06-09 09:29:32.730000,11909.51,11845,4980,11850,3497,11835,4185,11830,7216
2020-06-09 09:29:34.840000,11911.55,11845,4980,11850,3497,11840,3143,11835,4185
2020-06-09 09:29:35.820000,11911.55,11845,4880,11850,3497,11840,3143,11835,4185
2020-06-09 09:29:36.030000,11911.55,11845,3780,11850,3497,11840,3143,11835,4185
2020-06-09 09:29:36.950000,11911.55,11845,4980,11850,3497,11840,3143,11835,4185
2020-06-09 09:29:38.170000,11911.55,11845,4480,11850,3497,11835,4185,11830,7216
2020-06-09 09:29:39.960000,11911.55,11845,4980,11850,3497,11835,4159,11830,7216
2020-06-09 09:29:40.160000,11911.55,11845,4280,11850,3497,11835,4159,11830,7216
2020-06-09 09:29:41.100000,11911.55,11845,4080,11850,3497,11840,3143,11835,4159
2020-06-09 09:29:41.560000,11911.55,11845,100,11850,3497,11840,3143,11835,7492
2020-06-09 09:29:42.630000,11911.55,11845,4980,11850,3497,11840,3143,11835,4159
2020-06-09 09:29:42.990000,11911.55,11845,4980,11850,3497,11835,4159,11830,7216
2020-06-09 09:29:43.860000,11911.55,11845,4980,11850,3497,11835,4159,11830,7216
2020-06-09 09:29:44.630000,11913.0,11840,2795,11845,4980,11835,5,11830,3883
2020-06-09 09:29:45.280000,11913.0,11840,3995,11845,4980,11835,5,11830,3883
2020-06-09 09:29:47.470000,11913.0,11840,3995,11845,4980,11835,3659,11830,3883
2020-06-09 09:29:48.830000,11913.0,11845,4980,11850,3497,11835,3659,11830,3883
2020-06-09 09:29:50.020000,11913.0,11845,4980,11850,3497,11835,3659,11830,3883
2020-06-09 09:29:52.160000,11913.0,11845,4980,11850,3497,11835,3659,11830,7216
2020-06-09 09:29:52.640000,11913.0,11845,4980,11850,3497,11835,4159,11830,7216
2020-06-09 09:29:57.150000,11913.36,11840,2795,11845,4980,11835,3659,11830,3883
2020-06-09 09:29:58.040000,11913.36,11840,3995,11845,4980,11835,3659,11830,3883
2020-06-09 09:29:58.360000,11913.36,11840,3995,11845,4980,11835,3659,11830,3883
2020-06-09 09:30:00.140000,11913.36,11840,4045,11845,4980,11835,3659,11830,3883
2020-06-09 09:30:00.640000,11913.36,11840,2845,11845,4980,11835,3659,11830,3883
2020-06-09 09:30:02.140000,11913.36,11840,50,11845,4980,11835,4159,11830,7216
2020-06-09 09:30:02.960000,11913.36,11845,4980,11850,3497,11835,4159,11830,7216
2020-06-09 09:30:04.460000,11912.63,11845,4980,11850,3497,11840,3143,11835,4159
2020-06-09 09:30:05.430000,11912.63,11845,4980,11850,3497,11835,4159,11830,7216
2020-06-09 09:30:12.310000,11912.63,11845,4980,11850,3497,11835,4159,11830,7216
2020-06-09 09:30:12.820000,11912.63,11845,4980,11850,3497,11835,4133,11830,7216
2020-06-09 09:30:14.160000,11912.63,11845,4980,11850,3497,11840,3143,11835,4133
2020-06-09 09:30:17.050000,11914.3,11845,4980,11850,3497,11835,4133,11830,7216
2020-06-09 09:30:17.540000,11914.3,11845,4980,11850,3497,11835,4130,11830,7216
2020-06-09 09:30:23.970000,11914.3,11840,2795,11845,4980,11835,3630,11830,3883
2020-06-09 09:30:24.190000,11916.31,11840,4095,11845,4980,11830,3883,11825,7144
2020-06-09 09:30:31.770000,11916.31,11840,4095,11845,4980,11830,4183,11825,7144
2020-06-09 09:30:32.880000,11916.31,11840,4145,11845,4980,11830,4183,11825,7144
2020-06-09 09:30:33.330000,11916.31,11840,4144,11845,4980,11830,4183,11825,7144
2020-06-09 09:30:35.520000,11911.64,11840,4144,11845,4980,11830,3683,11825,7144
2020-06-09 09:30:36.590000,11911.64,11840,4144,11845,4980,11830,3683,11825,3811
2020-06-09 09:30:36.950000,11911.64,11840,4144,11845,4980,11830,3683,11825,7144
2020-06-09 09:30:37.860000,11911.64,11840,4144,11845,4980,11830,3683,11825,7144
2020-06-09 09:30:38.930000,11911.64,11835,3680,11840,4144,11830,3683,11825,3811
2020-06-09 09:30:39.960000,11911.64,11835,4980,11840,4144,11830,188,11825,3311
2020-06-09 09:30:40.850000,11911.64,11830,3680,11835,4980,11825,3311,11820,3904
2020-06-09 09:30:42.950000,11911.64,11830,4980,11835,4980,11825,3311,11820,3904
2020-06-09 09:30:43.990000,11911.64,11830,4980,11835,4980,11825,3311,11820,3904
2020-06-09 09:30:45.070000,11909.61,11830,3680,11835,4980,11825,3311,11820,3904
2020-06-09 09:30:45.630000,11909.61,11830,4180,11835,4980,11825,3311,11820,3904
2020-06-09 09:30:46.630000,11909.61,11830,1100,11835,4980,11825,3285,11820,3904
2020-06-09 09:30:47.050000,11909.61,11830,4980,11835,4980,11825,3285,11820,3904
2020-06-09 09:30:49.300000,11909.61,11835,4980,11840,2844,11825,3285,11820,3904
2020-06-09 09:30:50.260000,11909.61,11835,4980,11840,2844,11825,3785,11820,7237
2020-06-09 09:30:51.870000,11909.61,11835,4980,11840,2844,11830,3378,11825,3785
2020-06-09 09:30:52.260000,11909.61,11835,4980,11840,2844,11830,3378,11825,3785
2020-06-09 09:30:53.960000,11909.61,11835,4980,11840,2844,11830,3378,11825,3785
2020-06-09 09:30:54.970000,11910.14,11835,4980,11840,2844,11825,3785,11820,7237
2020-06-09 09:30:56.040000,11910.14,11835,4980,11840,2844,11830,3378,11825,3785
2020-06-09 09:30:56.270000,11910.14,11835,3680,11840,2844,11830,3378,11825,3785
2020-06-09 09:30:57.110000,11910.14,11835,4980,11840,2844,11830,3378,11825,3785
2020-06-09 09:30:57.570000,11910.14,11835,4980,11840,2844,11830,3378,11825,3785
2020-06-09 09:30:58.830000,11910.14,11835,3680,11840,2844,11830,3378,11825,3785
2020-06-09 09:31:00.800000,11910.14,11835,5180,11840,2844,11830,3378,11825,3785
2020-06-09 09:31:02.380000,11910.14,11835,5180,11840,2844,11825,3785,11820,7237
2020-06-09 09:31:03.940000,11910.14,11830,3680,11835,5180,11825,3285,11820,3904
2020-06-09 09:31:06.470000,11910.27,11830,3730,11835,5180,11825,3235,11820,3904
2020-06-09 09:31:07.610000,11910.27,11830,5030,11835,5180,11825,3235,11820,3904
2020-06-09 09:31:08.640000,11910.27,11830,5030,11835,5180,11825,5,11820,3904
2020-06-09 09:31:08.950000,11910.27,11830,50,11835,5180,11825,3735,11820,7237
2020-06-09 09:31:09.690000,11910.27,11830,750,11835,5180,11825,3735,11820,7237
2020-06-09 09:31:10.780000,11910.27,11830,50,11835,5180,11825,3235,11820,7237
2020-06-09 09:31:11.230000,11910.27,11830,50,11835,5180,11825,3235,11820,7237
2020-06-09 09:31:12.340000,11910.27,11830,950,11835,5180,11825,3235,11820,7237
2020-06-09 09:31:12.840000,11910.27,11830,4930,11835,5180,11825,3235,11820,3904
2020-06-09 09:31:14.920000,11910.6,11830,50,11835,5180,11825,3235,11820,7237
2020-06-09 09:31:15.390000,11910.6,11830,1250,11835,5180,11825,3235,11820,3904
2020-06-09 09:31:16.760000,11910.6,11830,4930,11835,5180,11825,3235,11820,3904
2020-06-09 09:31:19.700000,11910.6,11830,4930,11835,5180,11820,3883,11815,6981
2020-06-09 09:31:20.170000,11910.6,11830,4930,11835,5180,11825,3230,11820,3883
2020-06-09 09:31:21.330000,11910.6,11830,4930,11835,5180,11820,3383,11815,6981
2020-06-09 09:31:21.680000,11910.6,11830,4930,11835,5180,11825,3230,11820,3883
2020-06-09 09:31:22.840000,11910.6,11830,4930,11835,5180,11825,3230,11820,3883
2020-06-09 09:31:23.950000,11910.6,11830,4930,11835,5180,11820,3383,11815,6981
2020-06-09 09:31:25.000000,11911.82,11830,4930,11835,5180,11820,3883,11815,6981
2020-06-09 09:31:26.400000,11911.82,11830,5230,11835,4880,11820,3883,11815,6981
2020-06-09 09:31:33.700000,11911.82,11830,5230,11835,4880,11820,3883,11815,6981
2020-06-09 09:31:34.450000,11911.82,11830,5245,11835,4880,11820,3383,11815,6981
2020-06-09 09:31:35.700000,11911.82,11830,5245,11835,4880,11820,3883,11815,6981
2020-06-09 09:31:38.760000,11911.82,11830,5295,11835,4880,11820,3883,11815,6981
2020-06-09 09:31:40.050000,11911.82,11830,4395,11835,4880,11825,3230,11820,3883
2020-06-09 09:31:40.820000,11911.82,11830,715,11835,4880,11825,3230,11820,3883
2020-06-09 09:31:41.370000,11911.82,11830,4995,11835,4180,11825,3230,11820,3883
2020-06-09 09:31:41.830000,11911.82,11830,4543,11835,4180,11825,3230,11820,3883
2020-06-09 09:31:43.520000,11911.82,11830,4543,11835,4180,11825,3230,11820,3883
2020-06-09 09:31:44.520000,11911.82,11830,3680,11835,4180,11825,3230,11820,3883
2020-06-09 09:31:44.720000,11911.31,11835,4180,11840,2844,11825,3230,11820,3883
2020-06-09 09:31:45.600000,11911.31,11835,4880,11840,2844,11825,3230,11820,3883
2020-06-09 09:31:50.820000,11911.31,11835,4880,11840,2844,11825,3730,11820,7216
2020-06-09 09:31:51.070000,11911.31,11835,4480,11840,2844,11825,3730,11820,7216
2020-06-09 09:31:51.890000,11911.31,11835,4880,11840,2844,11825,3730,11820,7216
2020-06-09 09:31:52.330000,11911.31,11835,4180,11840,2844,11825,3704,11820,7216
2020-06-09 09:31:52.860000,11911.31,11835,4880,11840,2844,11830,3378,11825,3704
2020-06-09 09:31:53.860000,11911.31,11835,3995,11840,2844,11825,3704,11820,7216
2020-06-09 09:31:54.420000,11911.94,11835,3995,11840,2844,11825,3704,11820,7216
2020-06-09 09:31:58.560000,11911.94,11835,3995,11840,2844,11830,3378,11825,3704
2020-06-09 09:31:59.330000,11911.94,11835,3110,11840,2844,11825,3704,11820,7216
2020-06-09 09:32:00.370000,11911.94,11835,3110,11840,2844,11825,3204,11820,3883
2020-06-09 09:32:01.420000,11911.94,11830,3680,11835,3110,11825,3204,11820,3883
2020-06-09 09:32:05.580000,11910.11,11835,3110,11840,2844,11830,885,11825,3704
2020-06-09 09:32:10.140000,11910.11,11835,2710,11840,2844,11830,885,11825,3704
2020-06-09 09:32:10.820000,11910.11,11835,3110,11840,2844,11830,885,11825,3704
2020-06-09 09:32:12.290000,11910.11,11835,3160,11840,2844,11830,885,11825,3704
2020-06-09 09:32:14.260000,11912.59,11835,1960,11840,2844,11830,4263,11825,3704
2020-06-09 09:32:16.070000,11912.59,11835,1940,11840,2844,11830,4263,11825,3704
2020-06-09 09:32:16.320000,11912.59,11840,2844,11845,3730,11830,4263,11825,3704
2020-06-09 09:32:17.180000,11912.59,11840,4044,11845,3730,11830,4263,11825,7037
2020-06-09 09:32:17.620000,11912.59,11840,4044,11845,3730,11830,4263,11825,7037
2020-06-09 09:32:18.780000,11912.59,11835,4879,11840,2844,11830,4263,11825,3704
2020-06-09 09:32:19.260000,11912.59,11835,4879,11840,2844,11825,3204,11820,3883
2020-06-09 09:32:20.340000,11912.59,11830,3680,11835,4879,11825,3204,11820,3883
2020-06-09 09:32:22.450000,11912.59,11830,2795,11835,4879,11825,3204,11820,3883
2020-06-09 09:32:24.570000,11913.6,11830,3110,11835,3679,11825,3204,11820,3883
2020-06-09 09:32:25.070000,11913.6,11830,1910,11835,3679,11825,3204,11820,3883
2020-06-09 09:32:26.130000,11913.6,11835,3679,11840,2844,11825,3204,11820,3883
2020-06-09 09:32:27.180000,11913.6,11835,4879,11840,2844,11830,3378,11825,3678
2020-06-09 09:32:27.730000,11913.6,11835,3679,11840,2844,11825,3678,11820,7216
2020-06-09 09:32:29.130000,11913.6,11835,4879,11840,2844,11830,3378,11825,3678
2020-06-09 09:32:30.770000,11913.6,11835,4879,11840,2844,11825,3678,11820,7216
2020-06-09 09:32:31.760000,11913.6,11835,3679,11840,2844,11830,3378,11825,3678
2020-06-09 09:32:32.270000,11913.6,11835,2794,11840,2844,11830,3378,11825,3678
2020-06-09 09:32:33.410000,11913.6,11840,2844,11845,3730,11830,3378,11825,3678
2020-06-09 09:32:35.550000,11911.27,11840,4044,11845,3730,11830,3378,11825,3678
2020-06-09 09:32:36.630000,11911.27,11835,2794,11840,4044,11830,3378,11825,3678
2020-06-09 09:32:39.220000,11911.27,11835,3109,11840,2844,11830,3378,11825,3678
2020-06-09 09:32:40.250000,11911.27,11835,1909,11840,2844,11830,3378,11825,3678
2020-06-09 09:32:40.600000,11911.27,11835,3109,11840,2844,11825,3678,11820,3883
2020-06-09 09:32:42.380000,11911.27,11835,3109,11840,2844,11825,3678,11820,7216
2020-06-09 09:32:44.470000,11910.2,11835,1909,11840,2844,11830,3378,11825,3678
2020-06-09 09:32:45.560000,11910.2,11835,1959,11840,2844,11830,3378,11825,3678
2020-06-09 09:32:45.890000,11910.2,11835,3159,11840,2844,11825,3678,11820,7216
2020-06-09 09:32:50.300000,11910.2,11835,1959,11840,2844,11830,3378,11825,3678
2020-06-09 09:32:52.420000,11910.2,11835,50,11840,2844,11830,3378,11825,3678
2020-06-09 09:32:53.830000,11910.2,11835,50,11840,2844,11830,3378,11825,3678
2020-06-09 09:32:55.750000,11909.35,11840,4044,11845,7063,11830,3878,11825,3678
2020-06-09 09:32:56.690000,11909.35,11840,4044,11845,3730,11830,3878,11825,3678
2020-06-09 09:32:58.030000,11909.35,11840,3159,11845,3730,11835,3630,11830,3878
2020-06-09 09:32:58.780000,11909.35,11840,3159,11845,3730,11835,3630,11830,3878
2020-06-09 09:32:59.450000,11909.35,11840,550,11845,3730,11835,3604,11830,3878
2020-06-09 09:33:00.400000,11909.35,11840,4930,11845,3730,11830,3878,11825,7011
2020-06-09 09:33:01.060000,11909.35,11840,4930,11845,3730,11830,3878,11825,3678
2020-06-09 09:33:02.030000,11909.35,11835,3680,11840,4930,11825,3678,11820,3883
2020-06-09 09:33:03.090000,11909.35,11835,3895,11840,3730,11825,3678,11820,3883
2020-06-09 09:33:03.390000,11909.35,11835,3895,11840,7063,11825,3678,11820,3883
2020-06-09 09:33:06.850000,11908.31,11835,3895,11840,3730,11825,3678,11820,3883
2020-06-09 09:33:07.780000,11908.31,11835,3395,11840,3730,11825,3678,11820,3883
2020-06-09 09:33:08.930000,11908.31,11835,2795,11840,3730,11830,3378,11825,3678
2020-06-09 09:33:12.380000,11908.31,11835,2795,11840,3730,11825,3678,11820,3883
2020-06-09 09:33:13.120000,11908.31,11835,3995,11840,3730,11825,3678,11820,3883
2020-06-09 09:33:15.050000,11908.72,11830,3680,11835,3995,11825,3178,11820,3883
2020-06-09 09:33:15.740000,11908.72,11830,3680,11835,3995,11825,3678,11820,3883
2020-06-09 09:33:16.230000,11908.72,11835,3995,11840,3730,11825,3678,11820,3883
2020-06-09 09:33:18.330000,11908.72,11835,4045,11840,3730,11825,3678,11820,3883
2020-06-09 09:33:23.130000,11908.72,11835,4045,11840,3730,11830,3378,11825,3678
2020-06-09 09:33:23.320000,11908.72,11835,4045,11840,3730,11825,3678,11820,3883
2020-06-09 09:33:26.320000,11909.03,11835,4045,11840,3730,11825,3678,11820,3883
2020-06-09 09:33:29.440000,11909.03,11835,4045,11840,3730,11825,3678,11820,3883
2020-06-09 09:33:30.990000,11909.03,11835,2845,11840,3730,11830,3378,11825,3678
2020-06-09 09:33:32.080000,11909.03,11835,2847,11840,3730,11830,3378,11825,3678
2020-06-09 09:33:33.160000,11909.03,11835,2847,11840,3730,11830,3352,11825,3678
2020-06-09 09:33:34.200000,11909.03,11835,2847,11840,3730,11830,3352,11825,3678
2020-06-09 09:33:36.800000,11907.72,11835,50,11840,3730,11830,3350,11825,3678
2020-06-09 09:33:37.920000,11907.72,11835,2795,11840,3730,11830,3350,11825,3678
2020-06-09 09:33:38.190000,11907.72,11835,3195,11840,3730,11825,3678,11820,7216
2020-06-09 09:33:42.110000,11907.72,11835,3195,11840,3730,11825,3678,11820,3883
2020-06-09 09:33:46.340000,11910.45,11835,2795,11840,3730,11830,3350,11825,3678
2020-06-09 09:33:46.860000,11910.45,11840,3730,11845,7063,11830,3350,11825,3678
2020-06-09 09:33:47.930000,11910.45,11840,4130,11845,7063,11830,3350,11825,3678
2020-06-09 09:33:50.420000,11910.45,11835,2795,11840,4130,11830,3350,11825,3678
2020-06-09 09:33:51.060000,11910.45,11835,3245,11840,3730,11830,3350,11825,3678
2020-06-09 09:33:52.040000,11910.45,11835,3245,11840,3730,11825,3678,11820,7216
2020-06-09 09:33:53.730000,11909.26,11835,3245,11840,3730,11825,3678,11820,3883
2020-06-09 09:33:55.820000,11909.26,11830,3680,11835,3245,11825,3678,11820,3883
2020-06-09 09:33:56.780000,11909.26,11830,3680,11835,3245,11825,3628,11820,3883
2020-06-09 09:33:57.180000,11909.26,11835,3245,11840,7063,11825,3628,11820,3883
2020-06-09 09:33:57.880000,11909.26,11830,3680,11835,3245,11825,3128,11820,3883
2020-06-09 09:33:58.990000,11909.26,11835,3245,11840,3730,11825,3628,11820,3883
2020-06-09 09:34:00.060000,11909.26,11830,3680,11835,3245,11825,3128,11820,3883
2020-06-09 09:34:00.680000,11909.26,11835,3245,11840,3730,11825,3128,11820,3883
2020-06-09 09:34:01.630000,11909.26,11830,3680,11835,3245,11825,3128,11820,3883
2020-06-09 09:34:02.650000,11909.26,11830,3095,11835,2845,11825,3128,11820,3883
2020-06-09 09:34:03.090000,11909.26,11830,3095,11835,6178,11820,3383,11815,3648
2020-06-09 09:34:04.230000,11909.26,11825,2814,11830,3095,11820,3383,11815,3648
2020-06-09 09:34:04.350000,11907.27,11825,2813,11830,3095,11820,3383,11815,3648
2020-06-09 09:34:06.760000,11907.27,11825,2813,11830,3095,11820,3358,11815,3648
2020-06-09 09:34:08.990000,11907.27,11825,3113,11830,2795,11820,5,11815,3648
2020-06-09 09:34:10.040000,11907.27,11825,3113,11830,2795,11820,3358,11815,3648
2020-06-09 09:34:10.350000,11907.27,11825,2813,11830,2795,11820,3358,11815,3648
2020-06-09 09:34:11.100000,11907.27,11830,2795,11835,6178,11820,3358,11815,3648
2020-06-09 09:34:12.130000,11907.27,11830,3095,11835,2845,11820,3858,11815,3648
2020-06-09 09:34:13.690000,11907.27,11830,3095,11835,6178,11820,3858,11815,3648
2020-06-09 09:34:13.910000,11907.27,11825,2813,11830,3095,11820,3358,11815,3648
2020-06-09 09:34:16.330000,11905.95,11825,3113,11830,2795,11820,3358,11815,3648
2020-06-09 09:34:16.530000,11905.95,11825,3113,11830,2795,11820,5,11815,3648
2020-06-09 09:34:17.360000,11905.95,11825,3113,11830,2795,11820,3358,11815,3648
2020-06-09 09:34:17.860000,11905.95,11825,2813,11830,2795,11820,5,11815,3648
2020-06-09 09:34:18.990000,11905.95,11825,3213,11830,2795,11820,5,11815,3648
2020-06-09 09:34:19.190000,11905.95,11825,3213,11830,2795,11820,5,11815,3648
2020-06-09 09:34:20.100000,11905.95,11825,3213,11830,2795,11820,5,11815,3648
2020-06-09 09:34:21.130000,11905.95,11825,3213,11830,6128,11820,5,11815,3648
2020-06-09 09:34:22.160000,11905.95,11825,3213,11830,2795,11820,5,11815,3648
2020-06-09 09:34:22.470000,11905.95,11825,3213,11830,6128,11815,3648,11810,5210
2020-06-09 09:34:23.200000,11905.95,11825,3213,11830,6128,11815,3149,11810,5210
2020-06-09 09:34:23.740000,11905.95,11825,3263,11830,6128,11815,3099,11810,5210
2020-06-09 09:34:25.910000,11906.5,11825,3263,11830,6128,11815,3099,11810,5210
2020-06-09 09:34:27.080000,11906.5,11820,3680,11825,3263,11815,1,11810,5210
2020-06-09 09:34:28.000000,11906.5,11815,3680,11820,4080,11810,3610,11805,3901
2020-06-09 09:34:29.060000,11906.5,11815,4080,11820,3680,11810,3610,11805,3901
2020-06-09 09:34:29.250000,11906.5,11820,3680,11825,6196,11810,3610,11805,3901
2020-06-09 09:34:30.140000,11906.5,11820,4080,11825,2863,11810,4110,11805,3901
2020-06-09 09:34:30.590000,11906.5,11820,4080,11825,2863,11810,4110,11805,3901
2020-06-09 09:34:31.700000,11906.5,11820,4080,11825,2863,11810,4110,11805,3901
2020-06-09 09:34:32.690000,11906.5,11820,4080,11825,2863,11810,4110,11805,3901
2020-06-09 09:34:33.760000,11906.5,11820,4080,11825,6196,11810,4110,11805,3901
2020-06-09 09:34:34.810000,11900.76,11820,4080,11825,6196,11810,3610,11805,3901
2020-06-09 09:34:35.260000,11900.76,11820,4080,11825,2863,11810,4110,11805,3901
2020-06-09 09:34:37.470000,11900.76,11820,4080,11825,2863,11810,4110,11805,3901
2020-06-09 09:34:38.530000,11900.76,11820,4080,11825,2863,11815,3098,11810,4110
2020-06-09 09:34:38.810000,11900.76,11820,4080,11825,2863,11815,3098,11810,4110
2020-06-09 09:34:39.590000,11900.76,11820,4080,11825,2863,11810,4084,11805,3901
2020-06-09 09:34:40.570000,11900.76,11815,3680,11820,4080,11810,4084,11805,3901
2020-06-09 09:34:41.570000,11900.76,11815,3680,11820,3680,11810,3584,11805,3901
2020-06-09 09:34:41.820000,11900.76,11815,3980,11820,3680,11805,3901,11800,6972
2020-06-09 09:34:42.700000,11900.76,11815,3680,11820,3680,11805,3901,11800,3639
