time,nav,sell1,sell1_cnt,sell2,sell2_cnt,buy1,buy1_cnt,buy2,buy2_cnt
2020-06-08 09:24:28.040000,0.0,11880,3975,11885,3675,11875,3590,11870,7423
2020-06-08 09:24:28.880000,0.0,11880,3575,11885,3675,11875,3590,11870,4090
2020-06-08 09:24:29.670000,0.0,11880,5275,11885,3675,11870,4090,11865,6848
2020-06-08 09:24:30.370000,0.0,11885,3675,11890,6889,11875,3590,11870,7423
2020-06-08 09:24:31.080000,0.0,11885,5375,11890,6889,11875,3590,11870,7423
2020-06-08 09:24:35.180000,11949.11,11885,3675,11890,3556,11880,3587,11875,6994
2020-06-08 09:24:36.230000,11949.11,11885,505,11890,3556,11880,3587,11875,6994
2020-06-08 09:24:37.260000,11949.11,11885,505,11890,3556,11880,4087,11875,6994
2020-06-08 09:24:38.310000,11949.11,11885,5275,11890,3556,11880,3587,11875,4090
2020-06-08 09:24:39.350000,11949.11,11885,5275,11890,3556,11875,4090,11870,7423
2020-06-08 09:24:40.400000,11949.11,11885,5275,11890,6889,11875,3590,11870,7423
2020-06-08 09:24:40.910000,11949.11,11885,5275,11890,3556,11880,3587,11875,4090
2020-06-08 09:24:41.910000,11949.11,11885,4775,11890,3556,11880,3587,11875,4090
2020-06-08 09:24:43.550000,11949.11,11880,3587,11885,4775,11875,3590,11870,7423
2020-06-08 09:24:44.530000,11949.11,11880,7162,11885,4775,11875,3590,11870,7423
2020-06-08 09:24:45.500000,11949.11,11880,7162,11885,4775,11870,4090,11865,6848
2020-06-08 09:24:45.780000,11949.52,11880,7162,11885,4775,11870,4090,11865,6848
2020-06-08 09:24:46.670000,11949.52,11880,7162,11885,4775,11870,4090,11865,6848
2020-06-08 09:24:47.720000,11949.52,11880,7162,11885,4775,11875,3590,11870,7423
2020-06-08 09:24:49.270000,11949.52,11875,3590,11880,7162,11870,4090,11865,6848
2020-06-08 09:24:51.380000,11949.52,11880,7162,11885,3175,11870,4090,11865,6848
2020-06-08 09:24:52.400000,11949.52,11880,7162,11885,3175,11870,4090,11865,6848
2020-06-08 09:24:52.870000,11949.52,11880,3587,11885,3375,11875,3590,11870,7423
2020-06-08 09:24:54.010000,11949.52,11880,3587,11885,3375,11875,3590,11870,7423
2020-06-08 09:24:56.080000,11946.57,11880,7162,11885,3375,11875,3590,11870,4090
2020-06-08 09:24:57.120000,11946.57,11875,1955,11880,7162,11870,4090,11865,6848
2020-06-08 09:24:58.160000,11946.57,11880,7162,11885,3375,11870,4090,11865,6848
2020-06-08 09:24:59.230000,11946.57,11880,7162,11885,3375,11870,4090,11865,6848
2020-06-08 09:25:00.810000,11946.57,11880,7162,11885,3375,11870,4090,11865,6848
2020-06-08 09:25:01.880000,11946.57,11875,3590,11880,7162,11870,4090,11865,6848
2020-06-08 09:25:02.930000,11946.57,11875,5290,11880,7162,11870,3590,11865,6848
2020-06-08 09:25:03.380000,11946.57,11875,202,11880,7162,11870,3590,11865,6848
2020-06-08 09:25:04.480000,11946.57,11875,1702,11880,7162,11870,3590,11865,6848
2020-06-08 09:25:04.980000,11944.07,11880,7162,11885,3375,11875,5290,11870,7423
2020-06-08 09:25:06.050000,11944.07,11885,3375,11890,3856,11875,8694,11870,7423
2020-06-08 09:25:07.030000,11944.07,11885,5075,11890,3856,11880,3587,11875,8694
2020-06-08 09:25:08.680000,11944.07,11885,5075,11890,3856,11875,5790,11870,7423
2020-06-08 09:25:09.050000,11944.07,11880,3575,11885,5075,11875,5790,11870,7423
2020-06-08 09:25:10.250000,11944.07,11880,3975,11885,5075,11875,5790,11870,7423
2020-06-08 09:25:10.600000,11944.07,11885,5075,11890,3856,11875,5790,11870,7423
2020-06-08 09:25:11.840000,11944.07,11885,5075,11890,3856,11875,5290,11870,7423
2020-06-08 09:25:12.890000,11944.07,11885,5075,11890,3856,11875,5790,11870,7423
2020-06-08 09:25:14.490000,11944.07,11885,5075,11890,7189,11875,5290,11870,7423
2020-06-08 09:25:14.870000,11944.07,11880,3575,11885,5075,11875,5290,11870,7423
2020-06-08 09:25:15.590000,11946.05,11880,3575,11885,5075,11875,1700,11870,7423
2020-06-08 09:25:16.530000,11946.05,11880,5275,11885,5075,11875,5290,11870,7423
2020-06-08 09:25:17.610000,11946.05,11880,5275,11885,5075,11875,1700,11870,4090
2020-06-08 09:25:18.650000,11946.05,11880,5275,11885,5075,11875,1700,11870,4090
2020-06-08 09:25:19.210000,11946.05,11880,3575,11885,5075,11875,5290,11870,7423
2020-06-08 09:25:20.180000,11946.05,11885,5075,11890,3856,11875,5290,11870,7423
2020-06-08 09:25:20.580000,11946.05,11885,5075,11890,3856,11875,5290,11870,7423
2020-06-08 09:25:21.770000,11946.05,11885,5075,11890,3856,11875,5790,11870,7423
2020-06-08 09:25:22.190000,11946.05,11885,5075,11890,3856,11875,5790,11870,7423
2020-06-08 09:25:28.610000,11945.42,11885,5075,11890,3856,11875,8694,11870,7423
2020-06-08 09:25:28.970000,11945.42,11885,5075,11890,3856,11875,5790,11870,7423
2020-06-08 09:25:30.490000,11945.42,11885,5075,11890,3856,11875,5790,11870,7423
2020-06-08 09:25:31.310000,11945.42,11885,5075,11890,7189,11875,5290,11870,7423
2020-06-08 09:25:32.270000,11945.42,11880,3575,11885,5075,11875,5290,11870,7423
2020-06-08 09:25:33.410000,11945.42,11880,5275,11885,5075,11875,5290,11870,7423
2020-06-08 09:25:34.390000,11945.42,11880,3575,11885,5075,11875,5290,11870,7423
2020-06-08 09:25:34.670000,11944.14,11880,3575,11885,5075,11875,5290,11870,7423
2020-06-08 09:25:35.470000,11944.14,11880,3575,11885,5075,11875,5290,11870,7423
2020-06-08 09:25:36.380000,11944.14,11880,3575,11885,5075,11875,5290,11870,7423
2020-06-08 09:25:36.830000,11944.14,11885,5075,11890,3856,11875,5790,11870,7423
2020-06-08 09:25:38.560000,11944.14,11885,5075,11890,3856,11875,5790,11870,7423
2020-06-08 09:25:39.020000,11944.14,11885,5075,11890,3856,11875,5790,11870,7423
2020-06-08 09:25:43.340000,11944.14,11880,3575,11885,5075,11875,1700,11870,4090
2020-06-08 09:25:44.260000,11944.14,11880,5275,11885,5075,11875,1700,11870,4090
2020-06-08 09:25:46.510000,11944.52,11880,5275,11885,5075,11875,1700,11870,7423
2020-06-08 09:25:46.750000,11944.52,11880,5275,11885,5075,11875,1700,11870,4090
2020-06-08 09:25:47.550000,11944.52,11880,5275,11885,5075,11875,1700,11870,4090
2020-06-08 09:25:48.600000,11944.52,11880,5275,11885,5075,11870,4090,11865,6848
2020-06-08 09:25:48.970000,11944.52,11880,5275,11885,5075,11870,4090,11865,6848
2020-06-08 09:25:50.180000,11944.52,11880,5175,11885,5075,11870,4090,11865,6848
2020-06-08 09:25:52.830000,11944.52,11885,5075,11890,3856,11880,4400,11875,4090
2020-06-08 09:25:53.880000,11944.52,11885,3375,11890,3856,11880,8487,11875,6994
2020-06-08 09:25:54.380000,11944.52,11885,205,11890,3856,11880,8487,11875,6994
2020-06-08 09:25:55.450000,11945.42,11885,3375,11890,3856,11880,8487,11875,6994
2020-06-08 09:25:56.450000,11945.42,11885,3375,11890,3856,11880,7987,11875,6994
2020-06-08 09:25:56.880000,11945.42,11885,3375,11890,3856,11880,7987,11875,6994
2020-06-08 09:25:58.060000,11945.42,11885,4775,11890,3856,11880,7987,11875,4090
2020-06-08 09:25:58.470000,11945.42,11885,3375,11890,3856,11880,7987,11875,6994
2020-06-08 09:25:59.650000,11945.42,11885,5075,11890,3856,11880,7987,11875,6994
2020-06-08 09:25:59.980000,11945.42,11885,4275,11890,3856,11880,7987,11875,6994
2020-06-08 09:26:00.770000,11945.42,11885,3375,11890,3856,11880,7987,11875,6994
2020-06-08 09:26:01.770000,11945.42,11890,5556,11895,3582,11880,8487,11875,6994
2020-06-08 09:26:02.780000,11945.42,11890,5556,11895,3582,11880,8487,11875,6994
2020-06-08 09:26:05.430000,11947.84,11890,5556,11895,6915,11880,8487,11875,6994
2020-06-08 09:26:05.820000,11947.84,11890,5556,11895,3582,11880,8487,11875,6994
2020-06-08 09:26:06.610000,11947.84,11890,4656,11895,3582,11885,3424,11880,11820
2020-06-08 09:26:07.560000,11947.84,11890,3856,11895,3582,11880,8487,11875,6994
2020-06-08 09:26:08.600000,11947.84,11890,5456,11895,3582,11880,8487,11875,6994
2020-06-08 09:26:09.200000,11947.84,11890,5556,11895,6915,11880,8487,11875,6994
2020-06-08 09:26:10.170000,11947.84,11890,3856,11895,3582,11885,3424,11880,11820
2020-06-08 09:26:14.340000,11947.84,11895,3582,11900,3900,11890,3504,11885,3924
2020-06-08 09:26:15.360000,11947.84,11895,3582,11900,3900,11890,6948,11885,3924
2020-06-08 09:26:15.630000,11949.63,11895,4682,11900,3900,11890,6948,11885,3924
2020-06-08 09:26:16.550000,11949.63,11895,3582,11900,3900,11890,3504,11885,3924
2020-06-08 09:26:17.370000,11949.63,11895,5282,11900,3900,11890,3504,11885,3924
2020-06-08 09:26:18.580000,11949.63,11895,10,11900,3900,11890,7448,11885,6828
2020-06-08 09:26:19.120000,11949.63,11900,5600,11905,2855,11890,7448,11885,6828
2020-06-08 09:26:21.480000,11949.63,11900,5600,11905,2855,11890,7448,11885,6828
2020-06-08 09:26:22.250000,11949.63,11900,3900,11905,2855,11895,3590,11890,10781
2020-06-08 09:26:23.290000,11949.63,11900,5500,11905,2855,11890,7448,11885,6828
2020-06-08 09:26:23.770000,11949.63,11900,5500,11905,2855,11890,7448,11885,6828
2020-06-08 09:26:24.870000,11949.63,11900,5600,11905,2855,11890,7448,11885,6828
2020-06-08 09:26:26.480000,11964.02,11900,3900,11905,2855,11890,7448,11885,6828
2020-06-08 09:26:26.900000,11964.02,11900,5600,11905,6188,11890,7448,11885,6828
2020-06-08 09:26:28.030000,11964.02,11900,3900,11905,2855,11890,10781,11885,6828
2020-06-08 09:26:28.410000,11964.02,11900,4300,11905,2855,11890,7448,11885,6828
2020-06-08 09:26:29.600000,11964.02,11900,3900,11905,2855,11895,3590,11890,10781
2020-06-08 09:26:30.680000,11964.02,11905,4555,11910,3200,11900,3590,11895,4090
2020-06-08 09:26:31.650000,11964.02,11905,4555,11910,3200,11900,2240,11895,4090
2020-06-08 09:26:32.280000,11964.02,11905,2855,11910,3200,11900,5830,11895,6994
2020-06-08 09:26:33.210000,11964.02,11905,55,11910,3200,11900,6330,11895,6994
2020-06-08 09:26:34.210000,11964.02,11905,2855,11910,3200,11900,5830,11895,6994
2020-06-08 09:26:34.470000,11964.02,11905,2855,11910,3200,11900,2225,11895,4090
2020-06-08 09:26:35.360000,11966.49,11905,4555,11910,3200,11900,2225,11895,4090
2020-06-08 09:26:36.390000,11966.49,11905,4555,11910,3200,11900,5815,11895,6994
2020-06-08 09:26:36.680000,11966.49,11905,2855,11910,3200,11900,5815,11895,6994
2020-06-08 09:26:37.990000,11966.49,11900,3590,11905,4555,11895,3590,11890,10781
2020-06-08 09:26:39.060000,11966.49,11900,5290,11905,4555,11895,4690,11890,10781
2020-06-08 09:26:39.510000,11966.49,11900,5290,11905,4555,11890,10781,11885,6828
2020-06-08 09:26:40.620000,11966.49,11900,5272,11905,4555,11890,10781,11885,6828
2020-06-08 09:26:41.660000,11966.49,11900,5272,11905,7888,11890,6948,11885,6828
2020-06-08 09:26:42.080000,11966.49,11900,5272,11905,4555,11890,3944,11885,6828
2020-06-08 09:26:45.840000,11969.74,11900,5272,11905,4555,11890,3944,11885,6828
2020-06-08 09:26:47.780000,11969.74,11900,5272,11905,4555,11890,3944,11885,6828
2020-06-08 09:26:49.250000,11969.74,11900,5272,11905,4555,11890,3944,11885,6828
2020-06-08 09:26:50.730000,11969.74,11900,5272,11905,4555,11890,3944,11885,6828
2020-06-08 09:26:51.780000,11969.74,11900,5272,11905,4555,11890,3944,11885,6828
2020-06-08 09:26:52.680000,11969.74,11900,5272,11905,7888,11890,3944,11885,6828
2020-06-08 09:26:53.790000,11969.74,11895,3572,11900,5272,11885,6828,11880,11820
2020-06-08 09:26:54.310000,11969.74,11895,4972,11900,5272,11890,3444,11885,6828
2020-06-08 09:26:55.360000,11970.58,11900,5272,11905,7888,11890,3444,11885,6828
2020-06-08 09:26:56.330000,11970.58,11900,5272,11905,4555,11890,3944,11885,6828
2020-06-08 09:26:58.460000,11970.58,11900,5275,11905,4555,11890,3944,11885,6828
2020-06-08 09:27:00.530000,11970.58,11900,3575,11905,4555,11895,3590,11890,7277
2020-06-08 09:27:01.510000,11970.58,11900,3,11905,4555,11895,4090,11890,7277
2020-06-08 09:27:01.880000,11970.58,11905,4555,11910,3200,11900,3590,11895,6994
2020-06-08 09:27:02.740000,11970.58,11905,1755,11910,3200,11900,3590,11895,6994
2020-06-08 09:27:03.590000,11970.58,11905,4555,11910,3200,11900,3590,11895,4090
2020-06-08 09:27:04.730000,11970.58,11905,4555,11910,3200,11895,4090,11890,7277
2020-06-08 09:27:06.810000,11971.01,11905,4556,11910,3200,11895,4090,11890,7277
2020-06-08 09:27:07.900000,11971.01,11905,4556,11910,3200,11895,4090,11890,7277
2020-06-08 09:27:08.350000,11971.01,11900,3572,11905,4556,11890,7277,11885,6828
2020-06-08 09:27:09.460000,11971.01,11900,3572,11905,4556,11890,7277,11885,6828
2020-06-08 09:27:09.900000,11971.01,11900,5272,11905,4556,11890,3944,11885,6828
2020-06-08 09:27:11.030000,11971.01,11895,3572,11900,5272,11890,3944,11885,6828
2020-06-08 09:27:11.470000,11971.01,11895,3572,11900,5272,11890,3944,11885,6828
2020-06-08 09:27:12.600000,11971.01,11895,1700,11900,5272,11890,3944,11885,6828
2020-06-08 09:27:12.870000,11971.01,11895,1700,11900,5272,11890,3944,11885,6828
2020-06-08 09:27:13.620000,11971.01,11900,5272,11905,4556,11890,3944,11885,6828
2020-06-08 09:27:14.650000,11971.01,11900,5272,11905,4556,11890,3944,11885,6828
2020-06-08 09:27:15.010000,11972.32,11895,3572,11900,5272,11890,3944,11885,6828
2020-06-08 09:27:15.720000,11972.32,11895,1700,11900,5272,11890,3944,11885,6828
2020-06-08 09:27:16.750000,11972.32,11895,5272,11900,5272,11890,3444,11885,6828
2020-06-08 09:27:17.800000,11972.32,11895,1700,11900,5272,11890,3444,11885,6828
2020-06-08 09:27:18.410000,11972.32,11900,5272,11905,4556,11890,3944,11885,6828
2020-06-08 09:27:19.360000,11972.32,11900,5272,11905,7889,11890,3444,11885,6828
2020-06-08 09:27:20.780000,11972.32,11900,5272,11905,4556,11890,3944,11885,6828
2020-06-08 09:27:21.910000,11972.32,11900,5272,11905,4556,11890,3944,11885,6828
2020-06-08 09:27:22.270000,11972.32,11900,5272,11905,7889,11890,3444,11885,6828
2020-06-08 09:27:23.010000,11972.32,11900,5272,11905,4556,11890,3944,11885,6828
2020-06-08 09:27:24.320000,11972.32,11900,5272,11905,4556,11890,7277,11885,6828
2020-06-08 09:27:25.110000,11967.74,11900,5272,11905,4556,11890,3444,11885,6828
2020-06-08 09:27:27.220000,11967.74,11900,5272,11905,4556,11890,3444,11885,6828
2020-06-08 09:27:28.530000,11967.74,11900,5272,11905,4556,11890,3944,11885,6828
2020-06-08 09:27:29.330000,11967.74,11900,5272,11905,4556,11890,7277,11885,6828
2020-06-08 09:27:30.340000,11967.74,11900,5272,11905,4556,11890,7277,11885,6828
2020-06-08 09:27:30.610000,11967.74,11900,5272,11905,4556,11890,3944,11885,6828
2020-06-08 09:27:32.420000,11967.74,11900,5272,11905,4556,11890,7277,11885,6828
2020-06-08 09:27:34.050000,11967.74,11895,3572,11900,5272,11890,3444,11885,6828
2020-06-08 09:27:34.950000,11967.74,11895,3572,11900,5272,11890,3444,11885,6828
2020-06-08 09:27:35.280000,11968.49,11900,5272,11905,4556,11890,3444,11885,6828
2020-06-08 09:27:37.130000,11968.49,11900,5272,11905,4556,11890,3444,11885,6928
2020-06-08 09:27:37.380000,11968.49,11895,3572,11900,5272,11890,3444,11885,6928
2020-06-08 09:27:38.240000,11968.49,11900,5272,11905,4556,11890,3444,11885,6928
2020-06-08 09:27:39.820000,11968.49,11895,3572,11900,5272,11890,3444,11885,6928
2020-06-08 09:27:40.110000,11968.49,11895,5272,11900,5272,11885,3524,11880,11820
2020-06-08 09:27:41.360000,11968.49,11890,3504,11895,5272,11885,3524,11880,11820
2020-06-08 09:27:44.530000,11968.49,11890,3504,11895,5272,11885,4024,11880,11820
2020-06-08 09:27:45.620000,11968.28,11895,5272,11900,5272,11885,4024,11880,11820
2020-06-08 09:27:45.870000,11968.28,11895,5272,11900,5272,11885,4024,11880,11820
2020-06-08 09:27:46.640000,11968.28,11895,5272,11900,5272,11885,4024,11880,11820
2020-06-08 09:27:47.670000,11968.28,11895,5272,11900,5272,11890,3444,11885,6928
2020-06-08 09:27:52.120000,11968.28,11895,3572,11900,5272,11890,3444,11885,6928
2020-06-08 09:27:52.880000,11968.28,11895,5272,11900,5272,11890,3444,11885,6928
2020-06-08 09:27:54.000000,11968.28,11895,5272,11900,5272,11885,3524,11880,11820
2020-06-08 09:27:54.250000,11968.28,11890,3504,11895,5272,11885,3524,11880,11820
2020-06-08 09:27:55.020000,11968.79,11890,3504,11895,5272,11885,3524,11880,11820
2020-06-08 09:27:57.110000,11968.79,11890,5204,11895,5272,11885,3524,11880,11820
2020-06-08 09:27:57.340000,11968.79,11890,3504,11895,5272,11885,3524,11880,11820
2020-06-08 09:27:58.240000,11968.79,11895,5272,11900,5272,11885,4024,11880,11820
2020-06-08 09:27:58.670000,11968.79,11895,5272,11900,5272,11890,3444,11885,4024
2020-06-08 09:27:59.310000,11968.79,11895,5272,11900,5272,11890,3444,11885,6928
2020-06-08 09:28:00.770000,11968.79,11900,5272,11905,4556,11890,3944,11885,6928
2020-06-08 09:28:01.890000,11968.79,11900,5322,11905,4556,11890,7277,11885,6928
2020-06-08 09:28:02.180000,11968.79,11900,5322,11905,4556,11895,3590,11890,7277
2020-06-08 09:28:03.720000,11968.79,11905,4556,11910,3200,11895,4090,11890,7277
2020-06-08 09:28:04.470000,11968.79,11905,4556,11910,3200,11895,4090,11890,7277
2020-06-08 09:28:05.840000,11968.66,11905,4556,11910,3200,11900,3590,11895,6994
2020-06-08 09:28:06.580000,11968.66,11905,4556,11910,3200,11895,4090,11890,7277
2020-06-08 09:28:07.650000,11968.66,11905,4556,11910,3200,11895,3590,11890,7277
2020-06-08 09:28:08.610000,11968.66,11900,3572,11905,4556,11890,7277,11885,6928
2020-06-08 09:28:08.850000,11968.66,11900,5172,11905,4556,11890,7277,11885,6928
2020-06-08 09:28:09.770000,11968.66,11900,3572,11905,4556,11895,3590,11890,7277
2020-06-08 09:28:10.810000,11968.66,11900,5272,11905,4556,11890,3944,11885,6928
2020-06-08 09:28:12.900000,11968.66,11900,5272,11905,4556,11890,3944,11885,6928
2020-06-08 09:28:13.390000,11968.66,11900,3572,11905,4556,11890,7236,11885,6928
2020-06-08 09:28:14.450000,11968.66,11900,3572,11905,4556,11895,3590,11890,7236
2020-06-08 09:28:14.740000,11968.2,11900,5072,11905,4556,11895,3590,11890,7236
2020-06-08 09:28:15.460000,11968.2,11900,5272,11905,4556,11895,3590,11890,7236
2020-06-08 09:28:16.520000,11968.2,11900,4072,11905,4556,11890,7236,11885,6928
2020-06-08 09:28:16.700000,11968.2,11900,5272,11905,4556,11890,7236,11885,6928
2020-06-08 09:28:17.980000,11968.2,11900,5268,11905,4556,11890,3903,11885,6928
2020-06-08 09:28:19.710000,11968.2,11900,5268,11905,4556,11890,7236,11885,6928
2020-06-08 09:28:20.020000,11968.2,11900,5268,11905,4556,11890,3903,11885,6928
2020-06-08 09:28:20.770000,11968.2,11900,5268,11905,4556,11890,7236,11885,6928
2020-06-08 09:28:21.820000,11968.2,11900,3568,11905,4556,11895,3590,11890,7236
2020-06-08 09:28:22.860000,11968.2,11905,4556,11910,3200,11895,3590,11890,7236
2020-06-08 09:28:24.670000,11968.2,11905,4556,11910,3200,11895,4090,11890,7236
2020-06-08 09:28:25.520000,11966.85,11905,56,11910,3200,11900,3590,11895,6994
2020-06-08 09:28:26.570000,11966.85,11905,4556,11910,3200,11900,3590,11895,6994
2020-06-08 09:28:26.840000,11966.85,11905,56,11910,3200,11900,3590,11895,6994
2020-06-08 09:28:28.810000,11966.85,11905,1756,11910,3200,11900,3590,11895,6994
2020-06-08 09:28:29.720000,11966.85,11905,4556,11910,3200,11900,3590,11895,6994
2020-06-08 09:28:30.070000,11966.85,11905,2856,11910,3200,11900,3201,11895,6994
2020-06-08 09:28:30.860000,11966.85,11910,3200,11915,6837,11900,3132,11895,6994
2020-06-08 09:28:31.840000,11966.85,11905,2800,11910,4900,11900,3132,11895,6994
2020-06-08 09:28:32.090000,11966.85,11905,4500,11910,4900,11895,6994,11890,7236
2020-06-08 09:28:33.410000,11966.85,11905,4500,11910,4900,11895,4090,11890,7236
2020-06-08 09:28:34.410000,11966.85,11900,3568,11905,4500,11895,4090,11890,7236
2020-06-08 09:28:34.640000,11966.85,11900,3568,11905,4500,11895,4090,11890,7236
2020-06-08 09:28:35.480000,11970.66,11900,3568,11905,4500,11895,3590,11890,7236
2020-06-08 09:28:37.500000,11970.66,11900,3568,11905,4500,11895,4090,11890,7236
2020-06-08 09:28:38.000000,11970.66,11905,4500,11910,4900,11895,4090,11890,7236
2020-06-08 09:28:39.880000,11970.66,11905,4500,11910,4900,11895,4090,11890,7236
2020-06-08 09:28:44.450000,11970.66,11905,4500,11910,4900,11895,4090,11890,7236
2020-06-08 09:28:46.680000,11970.93,11905,4500,11910,4900,11895,6994,11890,7236
2020-06-08 09:28:47.420000,11970.93,11905,2800,11910,4900,11900,3132,11895,6994
2020-06-08 09:28:48.580000,11970.93,11905,4100,11910,4900,11900,3132,11895,6994
2020-06-08 09:28:49.500000,11970.93,11905,2800,11910,4900,11900,3132,11895,6994
2020-06-08 09:28:50.660000,11970.93,11905,4400,11910,4900,11900,3132,11895,6994
2020-06-08 09:28:51.850000,11970.93,11905,2800,11910,4900,11900,3132,11895,6994
2020-06-08 09:28:54.180000,11970.93,11905,4500,11910,4900,11900,3132,11895,6994
2020-06-08 09:28:55.350000,11971.66,11905,2800,11910,4900,11900,3132,11895,6994
2020-06-08 09:28:55.780000,11971.66,11905,4500,11910,4900,11900,3132,11895,6994
2020-06-08 09:28:57.180000,11971.66,11905,2800,11910,4900,11900,3132,11895,6994
2020-06-08 09:28:58.020000,11971.66,11905,2800,11910,4900,11900,3132,11895,6994
2020-06-08 09:29:00.470000,11971.66,11910,4900,11915,3804,11900,6965,11895,6994
2020-06-08 09:29:01.620000,11971.66,11910,4900,11915,3804,11900,3632,11895,6994
2020-06-08 09:29:01.870000,11971.66,11910,4900,11915,3804,11900,3632,11895,6994
2020-06-08 09:29:03.670000,11971.66,11910,4900,11915,3804,11900,6965,11895,6994
2020-06-08 09:29:04.070000,11971.66,11910,30,11915,3804,11905,3587,11900,6965
2020-06-08 09:29:04.820000,11971.66,11910,30,11915,3804,11905,3587,11900,6965
2020-06-08 09:29:05.870000,11971.54,11915,5504,11920,3677,11905,4187,11900,6965
2020-06-08 09:29:07.450000,11971.54,11910,3170,11915,5504,11905,3687,11900,6965
2020-06-08 09:29:07.890000,11971.54,11910,3170,11915,5504,11905,100,11900,6965
2020-06-08 09:29:08.470000,11971.54,11910,3170,11915,5504,11905,3587,11900,6965
2020-06-08 09:29:09.520000,11971.54,11910,4870,11915,5504,11905,3587,11900,6965
2020-06-08 09:29:09.780000,11971.54,11910,4870,11915,5504,11900,3632,11895,6994
2020-06-08 09:29:11.540000,11971.54,11910,4870,11915,5504,11900,3632,11895,6994
2020-06-08 09:29:11.880000,11971.54,11910,4870,11915,5504,11905,168,11900,3632
2020-06-08 09:29:12.680000,11971.54,11910,4870,11915,5504,11905,59,11900,3632
2020-06-08 09:29:14.280000,11971.54,11910,4870,11915,5504,11905,59,11900,6965
2020-06-08 09:29:14.450000,11971.54,11910,3170,11915,5504,11905,59,11900,6965
2020-06-08 09:29:15.290000,11973.74,11910,3670,11915,5504,11905,59,11900,6965
2020-06-08 09:29:16.320000,11973.74,11910,4870,11915,5504,11905,59,11900,6965
2020-06-08 09:29:16.570000,11973.74,11910,4870,11915,5504,11905,59,11900,3632
2020-06-08 09:29:17.440000,11973.74,11905,2741,11910,4870,11900,3132,11895,6994
2020-06-08 09:29:18.420000,11973.74,11905,3641,11910,4870,11895,6994,11890,7236
2020-06-08 09:29:18.800000,11973.74,11905,2741,11910,4870,11900,3132,11895,6994
2020-06-08 09:29:19.570000,11973.74,11905,4341,11910,4870,11895,6994,11890,7236
2020-06-08 09:29:21.640000,11973.74,11905,2741,11910,4870,11900,3132,11895,6994
2020-06-08 09:29:22.010000,11973.74,11910,4870,11915,5504,11900,6965,11895,6994
2020-06-08 09:29:22.740000,11973.74,11910,4870,11915,5504,11900,6965,11895,6994
2020-06-08 09:29:23.770000,11973.74,11905,2741,11910,4870,11900,3548,11895,6994
2020-06-08 09:29:24.820000,11973.74,11905,2741,11910,4870,11900,3548,11895,6994
2020-06-08 09:29:25.080000,11976.16,11910,4870,11915,5504,11900,3048,11895,6994
2020-06-08 09:29:25.830000,11976.16,11910,4870,11915,5504,11900,3548,11895,6994
2020-06-08 09:29:27.200000,11976.16,11910,4870,11915,5504,11900,6881,11895,6994
2020-06-08 09:29:28.440000,11976.16,11910,4870,11915,5504,11900,3548,11895,6994
2020-06-08 09:29:28.810000,11976.16,11905,2741,11910,4870,11900,3048,11895,6994
2020-06-08 09:29:29.510000,11976.16,11905,4341,11910,4870,11900,3048,11895,6994
2020-06-08 09:29:31.600000,11976.16,11905,4341,11910,4870,11895,6994,11890,7236
2020-06-08 09:29:32.630000,11976.16,11905,4341,11910,4870,11900,3048,11895,6994
2020-06-08 09:29:34.860000,11976.16,11900,6616,11905,4341,11895,3590,11890,7236
2020-06-08 09:29:35.800000,11974.55,11900,3975,11905,4341,11895,3590,11890,7236
2020-06-08 09:29:36.850000,11974.55,11900,5168,11905,4341,11895,3590,11890,7236
2020-06-08 09:29:37.870000,11974.55,11905,4341,11910,4870,11895,4090,11890,7236
2020-06-08 09:29:38.170000,11974.55,11905,4341,11910,4870,11895,3590,11890,7236
2020-06-08 09:29:41.050000,11974.55,11900,3568,11905,4341,11895,3590,11890,7236
2020-06-08 09:29:42.060000,11974.55,11900,5168,11905,4341,11890,7236,11885,6928
2020-06-08 09:29:42.460000,11974.55,11900,5168,11905,4341,11890,3903,11885,6928
2020-06-08 09:29:43.610000,11974.55,11895,3572,11900,5168,11890,3403,11885,6928
2020-06-08 09:29:43.830000,11974.55,11895,3572,11900,5168,11890,3903,11885,6928
2020-06-08 09:29:44.660000,11974.55,11895,5172,11900,5168,11890,3403,11885,6928
2020-06-08 09:29:44.940000,11972.73,11895,3572,11900,5168,11885,6928,11880,11820
2020-06-08 09:29:45.700000,11972.73,11895,3372,11900,5168,11885,6928,11880,11820
2020-06-08 09:29:46.120000,11972.73,11895,3372,11900,5168,11890,3403,11885,6928
2020-06-08 09:29:46.710000,11972.73,11900,5168,11905,4341,11890,7236,11885,6928
2020-06-08 09:29:47.370000,11972.73,11900,5168,11905,4341,11895,3590,11890,7236
2020-06-08 09:29:48.370000,11972.73,11900,5268,11905,4341,11895,3590,11890,7236
2020-06-08 09:29:48.750000,11972.73,11900,3568,11905,4341,11895,3590,11890,7236
2020-06-08 09:29:49.470000,11972.73,11900,5168,11905,4341,11895,3590,11890,7236
2020-06-08 09:29:50.460000,11972.73,11900,3568,11905,4341,11895,3590,11890,7236
2020-06-08 09:29:50.820000,11972.73,11900,3568,11905,4341,11895,3590,11890,7236
2020-06-08 09:29:51.520000,11972.73,11900,3568,11905,4341,11895,3590,11890,7236
2020-06-08 09:29:52.560000,11972.73,11900,5168,11905,4341,11895,3590,11890,7236
2020-06-08 09:29:54.110000,11972.73,11900,5168,11905,4341,11895,3590,11890,7236
2020-06-08 09:29:55.190000,11971.09,11900,3568,11905,4341,11895,3590,11890,7236
2020-06-08 09:29:55.500000,11971.09,11905,4341,11910,4870,11895,3590,11890,7236
2020-06-08 09:29:56.750000,11971.09,11900,3568,11905,4341,11890,3903,11885,6828
2020-06-08 09:29:57.010000,11971.09,11895,3372,11900,3568,11890,3403,11885,6828
2020-06-08 09:29:57.800000,11971.09,11900,3568,11905,4341,11890,3903,11885,6828
2020-06-08 09:29:58.870000,11971.09,11900,1700,11905,4341,11895,3590,11890,7236
2020-06-08 09:29:59.270000,11971.09,11900,5268,11905,4341,11895,3590,11890,7236
2020-06-08 09:29:59.970000,11971.09,11895,6962,11900,5268,11890,3403,11885,6828
2020-06-08 09:30:00.990000,11971.09,11900,5268,11905,4341,11890,3403,11885,6828
2020-06-08 09:30:02.490000,11971.09,11900,5268,11905,4341,11890,3403,11885,6828
2020-06-08 09:30:03.970000,11971.09,11895,3372,11900,5268,11890,3403,11885,6828
2020-06-08 09:30:04.570000,11971.09,11895,3372,11900,5268,11890,3403,11885,6828
2020-06-08 09:30:05.640000,11969.86,11900,5268,11905,4341,11890,3403,11885,6828
2020-06-08 09:30:06.570000,11969.86,11895,3372,11900,5268,11890,3403,11885,6828
2020-06-08 09:30:06.720000,11969.86,11895,5072,11900,5268,11890,3703,11885,6828
2020-06-08 09:30:07.750000,11969.86,11895,5072,11900,5268,11885,3924,11880,11820
2020-06-08 09:30:10.270000,11969.86,11890,3504,11895,5072,11885,3424,11880,11820
2020-06-08 09:30:10.680000,11969.86,11890,3504,11895,5072,11885,3424,11880,11820
2020-06-08 09:30:11.770000,11969.86,11890,3804,11895,5072,11885,3424,11880,11820
2020-06-08 09:30:11.980000,11969.86,11895,5072,11900,5268,11885,3924,11880,11820
2020-06-08 09:30:13.850000,11969.86,11895,5072,11900,5268,11885,3924,11880,11820
2020-06-08 09:30:14.080000,11969.86,11895,5072,11900,8601,11885,3424,11880,11820
2020-06-08 09:30:15.070000,11969.86,11890,3504,11895,5072,11885,3424,11880,11820
2020-06-08 09:30:15.480000,11968.52,11890,5104,11895,5072,11885,3424,11880,11820
2020-06-08 09:30:16.570000,11968.52,11890,5104,11895,5072,11880,11820,11875,6452
2020-06-08 09:30:16.970000,11968.52,11890,5104,11895,5072,11880,7987,11875,6452
2020-06-08 09:30:18.160000,11968.52,11885,3170,11890,5104,11880,7987,11875,6452
2020-06-08 09:30:19.230000,11968.52,11885,3170,11890,5104,11880,7987,11875,6452
2020-06-08 09:30:20.270000,11968.52,11890,5104,11895,5072,11880,7987,11875,6452
2020-06-08 09:30:20.780000,11968.52,11890,5204,11895,5072,11880,8487,11875,6452
2020-06-08 09:30:21.820000,11968.52,11890,5204,11895,5072,11880,7987,11875,6452
2020-06-08 09:30:22.860000,11968.52,11885,3170,11890,5204,11880,7987,11875,6452
2020-06-08 09:30:23.910000,11968.52,11890,5204,11895,5072,11880,8487,11875,6452
2020-06-08 09:30:24.280000,11963.06,11885,1,11890,5204,11880,8487,11875,6452
2020-06-08 09:30:25.530000,11963.06,11890,5204,11895,5072,11880,11820,11875,6452
2020-06-08 09:30:25.920000,11963.06,11890,5204,11895,5072,11880,8487,11875,6452
2020-06-08 09:30:27.110000,11963.06,11885,3170,11890,5204,11880,8487,11875,6452
2020-06-08 09:30:27.480000,11963.06,11885,2870,11890,5204,11880,7987,11875,6452
2020-06-08 09:30:28.630000,11963.06,11885,2870,11890,5204,11880,8487,11875,6452
2020-06-08 09:30:29.710000,11963.06,11885,2870,11890,5204,11880,7987,11875,6452
2020-06-08 09:30:30.790000,11963.06,11885,4570,11890,5204,11880,4400,11875,6452
2020-06-08 09:30:31.740000,11963.06,11885,3670,11890,5204,11880,4400,11875,6452
2020-06-08 09:30:32.070000,11963.06,11885,2870,11890,5204,11880,7987,11875,6452
2020-06-08 09:30:32.870000,11963.06,11885,4270,11890,5204,11880,7987,11875,6452
2020-06-08 09:30:33.910000,11963.06,11885,2870,11890,5204,11880,7987,11875,6452
2020-06-08 09:30:34.400000,11963.06,11885,2870,11890,5204,11880,8487,11875,6452
2020-06-08 09:30:35.460000,11962.24,11885,2870,11890,5204,11880,8487,11875,6452
2020-06-08 09:30:36.380000,11962.24,11885,2870,11890,5204,11880,8487,11875,6452
2020-06-08 09:30:36.590000,11962.24,11885,4570,11890,5204,11880,7987,11875,6452
2020-06-08 09:30:37.580000,11962.24,11885,4570,11890,5204,11880,7987,11875,6452
2020-06-08 09:30:37.850000,11962.24,11885,4570,11890,5204,11880,4400,11875,6452
2020-06-08 09:30:39.720000,11962.24,11885,4570,11890,5204,11880,4400,11875,3548
2020-06-08 09:30:41.150000,11962.24,11885,4570,11890,5204,11880,4600,11875,3548
2020-06-08 09:30:41.870000,11962.24,11885,4570,11890,5204,11880,4600,11875,3548
2020-06-08 09:30:42.790000,11962.24,11885,4570,11890,5204,11880,4600,11875,3548
2020-06-08 09:30:43.880000,11962.24,11885,2870,11890,5204,11880,4600,11875,6452
2020-06-08 09:30:44.990000,11962.24,11885,4570,11890,5204,11880,4600,11875,3548
2020-06-08 09:30:48.110000,11960.54,11885,4570,11890,8537,11880,4600,11875,3548
2020-06-08 09:30:48.640000,11960.54,11885,4570,11890,5204,11880,3587,11875,5248
2020-06-08 09:30:49.660000,11960.54,11885,4570,11890,5204,11875,8152,11870,7423
2020-06-08 09:30:50.060000,11960.54,11885,2870,11890,5204,11880,3587,11875,8152
2020-06-08 09:30:51.210000,11960.54,11885,2870,11890,5204,11880,5287,11875,8152
2020-06-08 09:30:52.270000,11960.54,11890,5204,11895,8405,11880,5287,11875,8152
2020-06-08 09:30:53.540000,11960.54,11890,5204,11895,8405,11880,5787,11875,8152
2020-06-08 09:30:55.420000,11960.34,11885,2870,11890,5204,11880,5287,11875,8152
2020-06-08 09:30:56.370000,11960.34,11885,2870,11890,5204,11880,5287,11875,8152
2020-06-08 09:30:56.600000,11960.34,11890,5204,11895,5072,11880,5787,11875,8152
2020-06-08 09:30:58.490000,11960.34,11890,5204,11895,5072,11885,3590,11880,5787
2020-06-08 09:30:58.880000,11960.34,11890,5204,11895,5072,11880,5787,11875,8152
2020-06-08 09:31:00.670000,11960.34,11890,5204,11895,8405,11880,5287,11875,8152
2020-06-08 09:31:01.040000,11960.34,11890,5204,11895,5072,11880,5787,11875,8152
2020-06-08 09:31:03.310000,11960.34,11890,5204,11895,5072,11885,3590,11880,5787
2020-06-08 09:31:03.740000,11960.34,11890,3504,11895,5072,11885,5290,11880,5787
2020-06-08 09:31:04.870000,11960.34,11890,5204,11895,5072,11880,5787,11875,8152
2020-06-08 09:31:06.960000,11960.32,11890,5204,11895,5072,11880,5787,11875,8152
2020-06-08 09:31:07.970000,11960.32,11890,5204,11895,8405,11880,5787,11875,8152
2020-06-08 09:31:08.570000,11960.32,11890,5204,11895,8405,11880,5787,11875,8152
2020-06-08 09:31:13.740000,11960.32,11885,2870,11890,5204,11875,5248,11870,7423
2020-06-08 09:31:13.940000,11960.32,11885,4570,11890,5204,11875,5248,11870,7423
2020-06-08 09:31:15.820000,11962.99,11885,4570,11890,5204,11875,5248,11870,7423
2020-06-08 09:31:16.860000,11962.99,11885,4570,11890,8537,11875,5248,11870,7423
2020-06-08 09:31:18.400000,11962.99,11885,4570,11890,5204,11875,5248,11870,7423
2020-06-08 09:31:20.110000,11962.99,11885,4570,11890,5204,11875,5248,11870,7423
2020-06-08 09:31:22.770000,11962.99,11885,2870,11890,5204,11880,3587,11875,8152
2020-06-08 09:31:23.800000,11962.99,11885,2870,11890,5204,11880,5287,11875,8152
2020-06-08 09:31:24.940000,11961.02,11890,5204,11895,5072,11880,5787,11875,8152
2020-06-08 09:31:25.940000,11961.02,11890,5204,11895,5072,11880,5787,11875,8152
2020-06-08 09:31:26.910000,11961.02,11890,5204,11895,5072,11880,5787,11875,8152
2020-06-08 09:31:29.050000,11961.02,11890,5204,11895,5072,11880,5287,11875,8152
2020-06-08 09:31:29.510000,11961.02,11890,5204,11895,5072,11880,5787,11875,8152
2020-06-08 09:31:30.980000,11961.02,11890,5204,11895,5072,11885,3590,11880,9120
2020-06-08 09:31:32.190000,11961.02,11890,5204,11895,5072,11880,9120,11875,8152
2020-06-08 09:31:32.480000,11961.02,11890,5204,11895,5072,11880,5787,11875,8152
2020-06-08 09:31:34.860000,11961.24,11890,5204,11895,5072,11885,3590,11880,5787
2020-06-08 09:31:35.830000,11961.24,11890,3504,11895,5072,11885,3990,11880,5787
2020-06-08 09:31:36.800000,11961.24,11890,5204,11895,5072,11885,3590,11880,9120
2020-06-08 09:31:37.370000,11961.24,11890,5204,11895,5072,11880,5787,11875,8152
2020-06-08 09:31:38.420000,11961.24,11890,5204,11895,5072,11880,5787,11875,8152
2020-06-08 09:31:43.140000,11961.24,11885,2870,11890,5204,11880,5287,11875,8152
2020-06-08 09:31:43.480000,11961.24,11890,5204,11895,5072,11880,5787,11875,8152
2020-06-08 09:31:44.240000,11961.24,11890,5204,11895,8405,11880,5287,11875,8152
2020-06-08 09:31:45.280000,11959.62,11885,2870,11890,5204,11880,5287,11875,8152
2020-06-08 09:31:46.320000,11959.62,11885,2870,11890,5204,11880,5287,11875,8152
2020-06-08 09:31:46.810000,11959.62,11885,3270,11890,5204,11880,5287,11875,8152
2020-06-08 09:31:47.900000,11959.62,11885,2870,11890,5204,11880,5287,11875,8152
2020-06-08 09:31:48.180000,11959.62,11890,5204,11895,5072,11880,5787,11875,8152
2020-06-08 09:31:48.920000,11959.62,11890,5204,11895,8405,11880,5287,11875,8152
2020-06-08 09:31:50.000000,11959.62,11885,2870,11890,5204,11875,5248,11870,7423
2020-06-08 09:31:50.270000,11959.62,11885,4570,11890,8537,11875,4748,11870,7423
2020-06-08 09:31:51.020000,11959.62,11880,2741,11885,4570,11875,4748,11870,7423
2020-06-08 09:31:52.100000,11959.62,11880,2741,11885,4570,11875,4748,11870,7423
2020-06-08 09:31:53.120000,11959.62,11880,2741,11885,4570,11875,4748,11870,7423
2020-06-08 09:31:54.380000,11956.92,11880,2741,11885,4570,11875,4748,11870,7423
2020-06-08 09:31:55.160000,11956.92,11880,4441,11885,4570,11875,3048,11870,4090
2020-06-08 09:31:56.300000,11956.92,11880,4441,11885,4570,11870,4090,11865,6807
2020-06-08 09:31:58.810000,11956.92,11880,4441,11885,4570,11875,3048,11870,7423
2020-06-08 09:31:59.970000,11956.92,11875,10,11880,4441,11870,7423,11865,6807
2020-06-08 09:32:01.010000,11956.92,11880,4441,11885,4570,11875,3048,11870,7423
2020-06-08 09:32:03.620000,11956.92,11880,4441,11885,4570,11875,3033,11870,7423
2020-06-08 09:32:04.980000,11959.55,11880,4399,11885,4570,11875,3033,11870,7423
2020-06-08 09:32:05.770000,11959.55,11880,4399,11885,4570,11875,3033,11870,7423
2020-06-08 09:32:06.810000,11959.55,11880,4399,11885,4570,11870,7423,11865,6807
2020-06-08 09:32:08.270000,11959.55,11880,4357,11885,4570,11870,7423,11865,6807
2020-06-08 09:32:09.340000,11959.55,11880,4339,11885,4570,11870,4090,11865,6807
2020-06-08 09:32:10.880000,11959.55,11880,4339,11885,4570,11870,4090,11865,6807
2020-06-08 09:32:11.970000,11959.55,11880,3139,11885,4570,11875,3033,11870,7423
2020-06-08 09:32:12.370000,11959.55,11880,4399,11885,4570,11875,3033,11870,7423
2020-06-08 09:32:13.560000,11959.55,11880,4399,11885,4570,11875,3033,11870,7423
2020-06-08 09:32:13.970000,11959.55,11880,4399,11885,4570,11870,7423,11865,6807
2020-06-08 09:32:14.610000,11959.55,11880,4399,11885,4570,11875,3533,11870,7423
2020-06-08 09:32:15.660000,11956.64,11880,2699,11885,4570,11875,3533,11870,7423
2020-06-08 09:32:16.080000,11956.64,11885,4570,11890,8537,11875,3533,11870,7423
2020-06-08 09:32:17.260000,11956.64,11880,2699,11885,4570,11875,3033,11870,7423
2020-06-08 09:32:17.620000,11956.64,11880,4299,11885,4570,11870,7423,11865,6807
2020-06-08 09:32:18.770000,11956.64,11880,4299,11885,4570,11875,3033,11870,7423
2020-06-08 09:32:19.800000,11956.64,11885,4570,11890,5204,11875,3533,11870,7423
2020-06-08 09:32:20.920000,11956.64,11885,4570,11890,5204,11875,3533,11870,7423
2020-06-08 09:32:24.530000,11956.64,11885,4570,11890,5204,11875,3533,11870,7423
2020-06-08 09:32:25.640000,11957.59,11885,4570,11890,5204,11875,3533,11870,7423
2020-06-08 09:32:28.750000,11957.59,11885,4570,11890,5204,11875,3033,11870,7423
2020-06-08 09:32:30.400000,11957.59,11880,2699,11885,4570,11875,3033,11870,4090
2020-06-08 09:32:30.710000,11957.59,11875,3033,11880,4399,11870,3590,11865,6807
2020-06-08 09:32:31.920000,11957.59,11875,3033,11880,4399,11870,3590,11865,6807
2020-06-08 09:32:32.380000,11957.59,11880,4399,11885,4570,11870,3590,11865,6807
2020-06-08 09:32:33.990000,11957.59,11880,4399,11885,7903,11870,3590,11865,6807
2020-06-08 09:32:35.120000,11957.59,11880,4399,11885,4570,11870,4090,11865,6807
2020-06-08 09:32:36.230000,11952.74,11880,4399,11885,4570,11875,3033,11870,7423
2020-06-08 09:32:39.920000,11952.74,11885,4570,11890,5204,11875,3033,11870,7423
2020-06-08 09:32:40.910000,11952.74,11885,4570,11890,8537,11875,3033,11870,7423
2020-06-08 09:32:41.270000,11952.74,11885,4570,11890,5204,11875,3033,11870,7423
2020-06-08 09:32:44.040000,11952.74,11885,4570,11890,5204,11880,3587,11875,6437
2020-06-08 09:32:44.380000,11952.74,11885,4570,11890,5204,11880,3587,11875,6437
2020-06-08 09:32:47.220000,11948.93,11885,4570,11890,5204,11880,3587,11875,6437
2020-06-08 09:32:48.240000,11948.93,11885,4570,11890,5204,11875,6437,11870,7423
2020-06-08 09:32:50.350000,11948.93,11885,4570,11890,8537,11875,3033,11870,7423
2020-06-08 09:32:51.350000,11948.93,11885,4570,11890,5204,11875,3533,11870,7423
2020-06-08 09:32:51.870000,11948.93,11885,4570,11890,5204,11880,3587,11875,6437
2020-06-08 09:32:52.920000,11948.93,11885,4570,11890,5204,11880,3587,11875,3533
2020-06-08 09:32:55.510000,11948.68,11885,4570,11890,5204,11875,3533,11870,7423
2020-06-08 09:33:00.280000,11948.68,11885,4570,11890,5204,11875,3033,11870,7423
2020-06-08 09:33:00.870000,11948.68,11880,2699,11885,4570,11875,3033,11870,7423
2020-06-08 09:33:01.790000,11948.68,11880,2699,11885,4570,11870,7423,11865,6807
2020-06-08 09:33:02.780000,11948.68,11880,4399,11885,4570,11870,4090,11865,6807
2020-06-08 09:33:03.970000,11948.68,11880,4399,11885,4570,11870,4090,11865,6807
2020-06-08 09:33:05.460000,11944.9,11880,2699,11885,4570,11875,3033,11870,7423
2020-06-08 09:33:06.530000,11944.9,11880,4399,11885,4570,11875,3033,11870,7423
2020-06-08 09:33:07.530000,11944.9,11880,4399,11885,4570,11870,7423,11865,6807
2020-06-08 09:33:09.380000,11944.9,11880,2699,11885,4570,11875,3033,11870,7423
2020-06-08 09:33:10.150000,11944.9,11880,4399,11885,4570,11875,3033,11870,7423
2020-06-08 09:33:10.640000,11944.9,11880,2699,11885,4570,11875,3033,11870,7423
2020-06-08 09:33:11.180000,11944.9,11880,4399,11885,4570,11870,7423,11865,6807
2020-06-08 09:33:11.770000,11944.9,11880,4399,11885,4570,11870,4090,11865,6807
2020-06-08 09:33:14.310000,11944.9,11880,4399,11885,7903,11870,4090,11865,6807
2020-06-08 09:33:15.870000,11946.14,11880,4399,11885,4570,11870,4090,11865,6807
2020-06-08 09:33:17.020000,11946.14,11880,4399,11885,7903,11870,4090,11865,6807
2020-06-08 09:33:17.490000,11946.14,11875,3568,11880,4399,11870,3590,11865,6807
2020-06-08 09:33:18.140000,11946.14,11875,5268,11880,4399,11870,3590,11865,6807
2020-06-08 09:33:19.100000,11946.14,11875,3568,11880,4399,11870,3590,11865,6807
2020-06-08 09:33:19.370000,11946.14,11875,3968,11880,4399,11870,3590,11865,6807
2020-06-08 09:33:20.210000,11946.14,11875,5268,11880,4399,11870,3590,11865,6807
2020-06-08 09:33:20.670000,11946.14,11875,5268,11880,4399,11865,3903,11860,7423
2020-06-08 09:33:24.380000,11946.14,11875,5268,11880,4399,11865,6807,11860,7423
2020-06-08 09:33:25.410000,11944.89,11875,5268,11880,4399,11870,3590,11865,3903
2020-06-08 09:33:25.780000,11944.89,11875,5268,11880,4399,11865,3903,11860,7423
2020-06-08 09:33:28.560000,11944.89,11875,5268,11880,4399,11865,3903,11860,7423
2020-06-08 09:33:29.820000,11944.89,11875,5268,11880,4399,11865,3403,11860,7423
2020-06-08 09:33:30.660000,11944.89,11875,3568,11880,4399,11870,3590,11865,7236
2020-06-08 09:33:31.090000,11944.89,11880,4399,11885,4570,11870,4090,11865,7236
2020-06-08 09:33:36.930000,11940.98,11880,4399,11885,4570,11870,4089,11865,7236
2020-06-08 09:33:39.100000,11940.98,11880,4399,11885,4570,11870,6993,11865,7236
2020-06-08 09:33:40.170000,11940.98,11880,2699,11885,4570,11875,3033,11870,6993
2020-06-08 09:33:40.580000,11940.98,11880,2699,11885,4570,11875,3033,11870,6993
2020-06-08 09:33:41.720000,11940.98,11880,4399,11885,4570,11870,6993,11865,7236
2020-06-08 09:33:42.130000,11940.98,11880,4399,11885,4570,11870,4089,11865,7236
2020-06-08 09:33:44.340000,11940.98,11880,4399,11885,7903,11870,3589,11865,7236
2020-06-08 09:33:45.670000,11942.15,11880,4399,11885,4570,11870,3589,11865,7236
2020-06-08 09:33:47.960000,11942.15,11880,4399,11885,4570,11870,4089,11865,7236
2020-06-08 09:33:49.040000,11942.15,11880,4399,11885,4570,11870,3589,11865,7236
2020-06-08 09:33:50.010000,11942.15,11880,4399,11885,4570,11870,3589,11865,7236
2020-06-08 09:33:52.400000,11942.15,11880,4399,11885,4570,11870,4089,11865,7236
2020-06-08 09:33:54.290000,11942.15,11875,3568,11880,4399,11870,3589,11865,7236
2020-06-08 09:33:55.320000,11938.85,11875,3568,11880,4399,11870,3589,11865,3903
2020-06-08 09:33:56.280000,11938.85,11875,5268,11880,4399,11870,3589,11865,3903
2020-06-08 09:33:56.530000,11938.85,11875,3568,11880,4399,11870,3589,11865,3903
2020-06-08 09:33:57.440000,11938.85,11875,3568,11880,4399,11870,3589,11865,3903
2020-06-08 09:33:57.970000,11938.85,11875,5268,11880,4399,11865,3903,11860,6994
2020-06-08 09:33:59.020000,11938.85,11875,3568,11880,4399,11865,3903,11860,6994
2020-06-08 09:33:59.470000,11938.85,11875,3568,11880,4399,11870,3571,11865,7236
2020-06-08 09:34:00.670000,11938.85,11875,5268,11880,4399,11870,3571,11865,7236
2020-06-08 09:34:01.070000,11938.85,11880,4399,11885,7903,11870,3571,11865,7236
2020-06-08 09:34:03.770000,11938.85,11880,4399,11885,4570,11870,3571,11865,7236
2020-06-08 09:34:04.270000,11938.85,11880,4399,11885,4570,11870,4071,11865,7236
2020-06-08 09:34:05.290000,11940.08,11880,4381,11885,4570,11870,4071,11865,7237
2020-06-08 09:34:05.710000,11940.08,11880,2143,11885,4570,11875,3033,11870,6975
2020-06-08 09:34:06.480000,11940.08,11885,4570,11890,5204,11875,3033,11870,6975
2020-06-08 09:34:07.460000,11940.08,11885,4570,11890,5204,11875,3533,11870,6975
2020-06-08 09:34:09.550000,11940.08,11885,4570,11890,5204,11875,3033,11870,6975
2020-06-08 09:34:10.460000,11940.08,11880,3590,11885,4570,11875,3033,11870,6975
2020-06-08 09:34:10.720000,11940.08,11880,3590,11885,4570,11875,3033,11870,6975
2020-06-08 09:34:11.650000,11940.08,11880,2240,11885,4570,11875,3033,11870,6975
2020-06-08 09:34:12.590000,11940.08,11880,2053,11885,4570,11875,3033,11870,6975
2020-06-08 09:34:12.940000,11940.08,11880,2053,11885,4570,11875,3033,11870,6975
2020-06-08 09:34:13.740000,11940.08,11880,2053,11885,4570,11875,3033,11870,6975
2020-06-08 09:34:14.790000,11940.08,11880,3753,11885,4570,11875,3033,11870,6975
2020-06-08 09:34:15.850000,11936.68,11880,3753,11885,4570,11870,4071,11865,7237
2020-06-08 09:34:17.180000,11936.68,11880,3753,11885,4570,11875,3033,11870,4071
2020-06-08 09:34:17.880000,11936.68,11880,3753,11885,7903,11870,3571,11865,7237
2020-06-08 09:34:19.010000,11936.68,11880,3753,11885,4570,11870,4071,11865,7237
2020-06-08 09:34:25.200000,11936.68,11880,2053,11885,4570,11870,4071,11865,7237
2020-06-08 09:34:25.410000,11940.28,11880,3453,11885,4570,11875,3033,11870,4071
2020-06-08 09:34:26.300000,11940.28,11880,2053,11885,4570,11875,3033,11870,6975
2020-06-08 09:34:26.640000,11940.28,11880,1600,11885,4570,11875,3033,11870,6975
2020-06-08 09:34:27.830000,11940.28,11885,4570,11890,8537,11875,3033,11870,6975
2020-06-08 09:34:28.070000,11940.28,11880,3590,11885,4570,11875,3033,11870,4071
2020-06-08 09:34:28.910000,11940.28,11880,5290,11885,4570,11875,3033,11870,4071
2020-06-08 09:34:29.910000,11940.28,11880,3590,11885,4570,11875,3033,11870,4071
2020-06-08 09:34:30.210000,11940.28,11885,4570,11890,5204,11880,3590,11875,3033
2020-06-08 09:34:32.110000,11940.28,11890,5204,11895,7505,11880,7177,11875,6866
2020-06-08 09:34:32.680000,11940.28,11885,2870,11890,5204,11880,7177,11875,6866
2020-06-08 09:34:33.700000,11940.28,11890,5204,11895,7505,11880,7177,11875,6866
2020-06-08 09:34:34.710000,11940.28,11890,5204,11895,7505,11880,7677,11875,6866
2020-06-08 09:34:35.740000,11938.14,11890,5204,11895,7505,11880,7677,11875,6866
2020-06-08 09:34:36.700000,11938.14,11890,5204,11895,7505,11880,7677,11875,6866
2020-06-08 09:34:39.940000,11938.14,11890,5204,11895,7505,11880,7677,11875,6866
2020-06-08 09:34:40.280000,11938.14,11890,5204,11895,4172,11880,7677,11875,6866
2020-06-08 09:34:44.310000,11938.14,11890,5204,11895,7505,11880,7677,11875,6866
2020-06-08 09:34:45.140000,11944.25,11890,5204,11895,4172,11880,7677,11875,6866
2020-06-08 09:34:46.180000,11944.25,11885,3590,11890,5204,11880,7177,11875,3533
2020-06-08 09:34:46.550000,11944.25,11885,3590,11890,5204,11880,7177,11875,6866
2020-06-08 09:34:47.770000,11944.25,11885,5290,11890,5204,11880,3590,11875,3533
2020-06-08 09:34:49.360000,11944.25,11885,5290,11890,8537,11880,100,11875,3533
2020-06-08 09:34:49.810000,11944.25,11880,3467,11885,5290,11875,5033,11870,6975
2020-06-08 09:34:51.070000,11944.25,11880,3467,11885,5290,11870,4071,11865,7237
2020-06-08 09:34:51.960000,11944.25,11880,3467,11885,5290,11875,3033,11870,8375
2020-06-08 09:34:53.020000,11944.25,11880,3467,11885,5290,11875,3033,11870,8375
2020-06-08 09:34:53.290000,11944.25,11880,4967,11885,5290,11870,5471,11865,7237
2020-06-08 09:34:56.590000,11944.43,11880,5017,11885,5290,11870,5471,11865,7237
2020-06-08 09:34:57.330000,11944.43,11880,5017,11885,5290,11875,3033,11870,5471
2020-06-08 09:34:58.840000,11944.43,11880,5017,11885,8623,11870,5471,11865,7237
2020-06-08 09:35:00.400000,11944.43,11875,3568,11880,5017,11870,5471,11865,7237
2020-06-08 09:35:01.450000,11944.43,11875,3568,11880,5017,11870,4971,11865,3904
2020-06-08 09:35:01.910000,11944.43,11875,3567,11880,5017,11870,3571,11865,3904
2020-06-08 09:35:03.060000,11944.43,11875,5067,11880,5017,11870,3571,11865,3904
2020-06-08 09:35:03.390000,11944.43,11875,5167,11880,5017,11870,3571,11865,3904
2020-06-08 09:35:04.140000,11944.43,11875,5167,11880,5019,11870,3571,11865,3904
2020-06-08 09:35:05.100000,11944.43,11875,5167,11880,8352,11865,3904,11860,6994
2020-06-08 09:35:07.700000,11941.32,11870,3372,11875,5167,11865,3404,11860,6994
2020-06-08 09:35:07.900000,11941.32,11870,3372,11875,5167,11865,3404,11860,6994
2020-06-08 09:35:08.780000,11941.32,11870,3372,11875,5167,11865,3404,11860,6994
2020-06-08 09:35:09.860000,11941.32,11870,3372,11875,5167,11865,3404,11860,6994
2020-06-08 09:35:10.100000,11941.32,11870,4972,11875,5167,11865,3404,11860,4090
2020-06-08 09:35:10.840000,11941.32,11870,4972,11875,5167,11865,1,11860,4090
2020-06-08 09:35:11.980000,11941.32,11870,4872,11875,5167,11865,3404,11860,4090
2020-06-08 09:35:12.600000,11941.32,11870,4872,11875,5167,11865,3404,11860,6994
2020-06-08 09:35:13.560000,11941.32,11870,4872,11875,8500,11865,1,11860,4090
2020-06-08 09:35:14.600000,11941.32,11870,4872,11875,5167,11860,4090,11855,7420
2020-06-08 09:35:18.280000,11939.5,11870,4872,11875,5167,11860,6994,11855,7420
2020-06-08 09:35:19.350000,11939.5,11870,3372,11875,5167,11865,3403,11860,6994
2020-06-08 09:35:19.580000,11939.5,11870,3672,11875,5167,11865,3403,11860,6994
2020-06-08 09:35:20.360000,11939.5,11870,3372,11875,5167,11865,3403,11860,6994
2020-06-08 09:35:20.840000,11939.5,11870,3372,11875,5167,11865,3403,11860,6994
2020-06-08 09:35:21.520000,11939.5,11875,5167,11880,5019,11870,3279,11865,3903
2020-06-08 09:35:22.530000,11939.5,11875,5167,11880,8352,11870,3279,11865,3903
2020-06-08 09:35:23.580000,11939.5,11875,5167,11880,5019,11870,3279,11865,3903
2020-06-08 09:35:23.890000,11939.5,11875,5067,11880,5019,11870,3279,11865,3903
2020-06-08 09:35:25.730000,11937.61,11875,5067,11880,5019,11870,6850,11865,3903
2020-06-08 09:35:26.710000,11937.61,11875,5067,11880,5019,11870,3223,11865,3903
2020-06-08 09:35:27.850000,11937.61,11875,5067,11880,8352,11865,5003,11860,6994
2020-06-08 09:35:28.330000,11937.61,11870,3279,11875,5067,11865,3703,11860,4090
2020-06-08 09:35:29.370000,11937.61,11870,4879,11875,5067,11865,3703,11860,4090
2020-06-08 09:35:29.720000,11937.61,11870,4879,11875,5067,11865,300,11860,4090
2020-06-08 09:35:30.990000,11937.61,11870,4879,11875,8400,11865,300,11860,4090
2020-06-08 09:35:33.470000,11937.61,11875,5067,11880,8352,11865,5303,11860,6994
2020-06-08 09:35:35.580000,11938.19,11875,5067,11880,8452,11865,5303,11860,6994
2020-06-08 09:35:35.830000,11938.19,11875,5067,11880,5119,11870,3571,11865,5803
2020-06-08 09:35:37.050000,11938.19,11875,5067,11880,5119,11870,3571,11865,5803
2020-06-08 09:35:38.470000,11938.19,11875,5067,11880,5119,11865,5803,11860,6994
2020-06-08 09:35:40.470000,11938.19,11875,5067,11880,8452,11865,5303,11860,6994
2020-06-08 09:35:41.440000,11938.19,11875,5067,11880,5119,11865,5803,11860,6994
2020-06-08 09:35:43.310000,11938.19,11875,5067,11880,8452,11865,5803,11860,6994
2020-06-08 09:35:45.050000,11938.19,11875,5067,11880,8452,11865,5303,11860,6994
2020-06-08 09:35:45.280000,11937.58,11870,3279,11875,5067,11865,5303,11860,6994
2020-06-08 09:35:46.470000,11937.58,11870,4879,11875,5067,11865,5303,11860,6994
2020-06-08 09:35:47.070000,11937.58,11870,3279,11875,5067,11865,5303,11860,6994
2020-06-08 09:35:47.640000,11937.58,11870,3279,11875,5067,11865,5303,11860,6994
2020-06-08 09:35:48.760000,11937.58,11875,5067,11880,8452,11865,5303,11860,6994
2020-06-08 09:35:51.880000,11937.58,11875,5067,11880,5119,11865,5803,11860,6994
2020-06-08 09:35:53.400000,11937.58,11875,5067,11880,8452,11865,5803,11860,6994
2020-06-08 09:35:54.070000,11937.58,11870,3279,11875,5067,11865,3703,11860,4090
2020-06-08 09:35:55.080000,11939.75,11870,4879,11875,5067,11865,3703,11860,4090
2020-06-08 09:35:55.370000,11939.75,11870,4879,11875,5067,11865,300,11860,4090
2020-06-08 09:35:56.060000,11939.75,11870,4879,11875,5067,11865,5303,11860,4090
2020-06-08 09:35:57.180000,11939.75,11870,3279,11875,5067,11865,5803,11860,6994
2020-06-08 09:35:57.440000,11939.75,11875,5067,11880,8452,11865,5303,11860,6994
2020-06-08 09:35:59.250000,11939.75,11870,3279,11875,5067,11865,5303,11860,4090
2020-06-08 09:35:59.570000,11939.75,11870,4879,11875,5067,11865,3703,11860,4090
2020-06-08 09:36:00.340000,11939.75,11865,1600,11870,4879,11860,5690,11855,7420
2020-06-08 09:36:01.390000,11939.75,11870,4879,11875,5067,11860,5690,11855,7420
2020-06-08 09:36:01.660000,11939.75,11870,4879,11875,8400,11860,5690,11855,7420
2020-06-08 09:36:03.870000,11939.75,11870,4879,11875,5067,11865,3403,11860,5690
2020-06-08 09:36:05.050000,11939.75,11870,4879,11875,5067,11865,3703,11860,5690
2020-06-08 09:36:05.290000,11940.48,11870,4879,11875,5067,11865,3403,11860,5690
2020-06-08 09:36:06.110000,11940.48,11870,4879,11875,5067,11860,5690,11855,7420
2020-06-08 09:36:08.940000,11940.48,11870,4879,11875,5067,11865,3403,11860,5690
2020-06-08 09:36:10.210000,11940.48,11870,4879,11875,5067,11865,3403,11860,5690
2020-06-08 09:36:11.490000,11940.48,11870,4879,11875,5067,11860,5690,11855,7420
2020-06-08 09:36:12.410000,11940.48,11870,4879,11875,8400,11860,3590,11855,4087
2020-06-08 09:36:12.910000,11940.48,11865,3504,11870,8212,11855,4087,11850,6538
2020-06-08 09:36:13.960000,11940.48,11860,3590,11865,5104,11855,3587,11850,3634
2020-06-08 09:36:14.380000,11940.48,11860,5190,11865,5104,11855,3587,11850,3634
2020-06-08 09:36:15.580000,11941.37,11860,5190,11865,5104,11850,3634,11845,7506
2020-06-08 09:36:16.010000,11941.37,11860,5190,11865,8437,11850,3634,11845,7506
2020-06-08 09:36:17.110000,11941.37,11865,5104,11870,8212,11855,4087,11850,6538
2020-06-08 09:36:17.380000,11941.37,11865,5104,11870,4879,11860,3590,11855,4087
2020-06-08 09:36:18.610000,11941.37,11865,5104,11870,8212,11855,4087,11850,6538
2020-06-08 09:36:20.760000,11941.37,11865,5104,11870,4879,11855,4087,11850,6538
2020-06-08 09:36:21.210000,11941.37,11865,5104,11870,8212,11855,4087,11850,6538
2020-06-08 09:36:22.350000,11941.37,11865,5104,11870,4879,11855,4087,11850,6538
2020-06-08 09:36:22.880000,11941.37,11865,5104,11870,4879,11855,4087,11850,6538
2020-06-08 09:36:23.930000,11941.37,11865,5104,11870,8212,11855,4087,11850,6538
2020-06-08 09:36:26.300000,11932.27,11865,5104,11870,4879,11855,4087,11850,6538
2020-06-08 09:36:27.120000,11932.27,11865,5104,11870,4879,11855,4087,11850,6538
2020-06-08 09:36:28.100000,11932.27,11865,5104,11870,4879,11860,17,11855,4087
2020-06-08 09:36:30.250000,11932.27,11865,5104,11870,8212,11855,4087,11850,6538
2020-06-08 09:36:33.840000,11932.27,11865,5104,11870,8212,11855,4058,11850,6538
2020-06-08 09:36:37.310000,11932.83,11865,5104,11870,8212,11855,3858,11850,6538
2020-06-08 09:36:38.070000,11932.83,11860,3590,11865,5104,11855,3858,11850,3634
2020-06-08 09:36:38.580000,11932.83,11860,5190,11865,5104,11855,3858,11850,3634
2020-06-08 09:36:39.980000,11932.83,11860,5190,11865,5104,11855,300,11850,3634
2020-06-08 09:36:40.680000,11932.83,11860,5190,11865,5104,11855,3858,11850,3634
2020-06-08 09:36:42.790000,11932.83,11860,5190,11865,5104,11855,3858,11850,3634
2020-06-08 09:36:44.280000,11932.83,11860,5190,11865,5104,11855,3858,11850,6538
2020-06-08 09:36:45.310000,11932.83,11860,5190,11865,5104,11855,3858,11850,3634
2020-06-08 09:36:47.470000,11932.06,11860,5190,11865,8437,11855,300,11850,3634
2020-06-08 09:36:49.060000,11932.06,11860,3590,11865,5104,11855,3858,11850,6538
2020-06-08 09:36:49.310000,11932.06,11865,5104,11870,4879,11855,4358,11850,6538
2020-06-08 09:36:50.150000,11932.06,11865,5103,11870,8212,11855,4358,11850,6538
2020-06-08 09:36:51.390000,11932.06,11865,5103,11870,8212,11855,4358,11850,6538
2020-06-08 09:36:52.230000,11932.06,11865,5103,11870,4879,11855,4358,11850,6538
2020-06-08 09:36:53.280000,11932.06,11865,5103,11870,8212,11855,4358,11850,6538
2020-06-08 09:36:53.530000,11932.06,11865,5103,11870,4879,11855,4358,11850,6538
2020-06-08 09:36:54.330000,11932.06,11865,5103,11870,8212,11855,4358,11850,6538
2020-06-08 09:36:55.380000,11928.68,11865,5103,11870,4879,11855,4358,11850,6538
2020-06-08 09:36:57.840000,11928.68,11865,5103,11870,4879,11855,4358,11850,6538
2020-06-08 09:36:58.980000,11928.68,11865,5103,11870,4879,11860,3590,11855,4358
2020-06-08 09:36:59.410000,11928.68,11865,1600,11870,4879,11860,3590,11855,7691
2020-06-08 09:37:00.150000,11928.68,11870,4879,11875,8410,11860,3590,11855,4358
2020-06-08 09:37:01.170000,11928.68,11865,3386,11870,4879,11860,3590,11855,4358
2020-06-08 09:37:01.810000,11928.68,11865,4986,11870,8212,11855,4358,11850,6538
2020-06-08 09:37:02.770000,11928.68,11860,3590,11865,4986,11855,3858,11850,6538
2020-06-08 09:37:03.360000,11928.68,11865,4986,11870,8212,11855,4330,11850,6538
2020-06-08 09:37:04.360000,11928.68,11865,4986,11870,4879,11855,4330,11850,6538
2020-06-08 09:37:07.500000,11925.88,11865,4986,11870,4879,11855,4330,11850,6538
2020-06-08 09:37:07.780000,11925.88,11865,3386,11870,4879,11855,4330,11850,6538
2020-06-08 09:37:08.540000,11925.88,11865,4986,11870,4879,11855,4330,11850,6538
2020-06-08 09:37:09.610000,11925.88,11870,4879,11875,8410,11860,3590,11855,7663
2020-06-08 09:37:10.220000,11925.88,11865,3135,11870,4879,11860,3590,11855,4330
2020-06-08 09:37:11.140000,11925.88,11865,2011,11870,4879,11860,3590,11855,4330
2020-06-08 09:37:12.190000,11925.88,11870,4879,11875,8410,11860,3590,11855,7663
2020-06-08 09:37:13.770000,11925.88,11870,4879,11875,5077,11860,4090,11855,7663
2020-06-08 09:37:14.790000,11925.88,11870,4879,11875,8410,11860,3590,11855,7663
2020-06-08 09:37:15.870000,11922.12,11865,3590,11870,4879,11860,3590,11855,4330
2020-06-08 09:37:16.370000,11922.12,11865,3590,11870,4879,11860,3590,11855,4330
2020-06-08 09:37:17.480000,11922.12,11865,3590,11870,4879,11860,3590,11855,7663
2020-06-08 09:37:17.730000,11922.12,11870,4879,11875,8410,11860,3590,11855,7663
2020-06-08 09:37:18.510000,11922.12,11865,3590,11870,4879,11860,3590,11855,7663
2020-06-08 09:37:19.500000,11922.12,11865,3590,11870,4879,11860,3590,11855,4330
2020-06-08 09:37:19.720000,11922.12,11865,3590,11870,4879,11860,3590,11855,4330
2020-06-08 09:37:20.620000,11922.12,11865,3890,11870,4879,11855,4330,11850,6538
2020-06-08 09:37:20.810000,11922.12,11865,5190,11870,4879,11855,4330,11850,6538
2020-06-08 09:37:21.620000,11922.12,11865,3890,11870,4879,11855,4330,11850,6538
2020-06-08 09:37:23.190000,11922.12,11865,5190,11870,4879,11855,4330,11850,6538
2020-06-08 09:37:23.740000,11922.12,11865,3590,11870,4879,11855,4330,11850,6538
2020-06-08 09:37:24.790000,11922.12,11865,4790,11870,4879,11855,4330,11850,6538
2020-06-08 09:37:25.130000,11927.84,11865,5190,11870,4879,11855,4330,11850,6538
2020-06-08 09:37:29.540000,11927.84,11860,3590,11865,5190,11855,3830,11850,6538
2020-06-08 09:37:31.040000,11927.84,11860,3590,11865,5190,11855,3830,11850,6538
2020-06-08 09:37:32.160000,11927.84,11860,5190,11865,5190,11855,3830,11850,3634
2020-06-08 09:37:33.200000,11927.84,11860,5190,11865,8523,11850,3634,11845,7506
2020-06-08 09:37:33.590000,11927.84,11860,5190,11865,8523,11850,3606,11845,7506
2020-06-08 09:37:35.800000,11927.54,11860,5190,11865,5190,11850,3606,11845,7506
2020-06-08 09:37:36.900000,11927.54,11860,5190,11865,8523,11850,3606,11845,7506
2020-06-08 09:37:37.850000,11927.54,11860,5190,11865,8523,11850,3606,11845,7506
2020-06-08 09:37:38.920000,11927.54,11860,5190,11865,8523,11850,3606,11845,7506
2020-06-08 09:37:39.140000,11927.54,11860,5190,11865,5190,11850,3606,11845,7506
2020-06-08 09:37:40.020000,11927.54,11860,3590,11865,5190,11855,3590,11850,3606
2020-06-08 09:37:40.530000,11927.54,11860,3590,11865,5190,11855,3590,11850,3606
2020-06-08 09:37:41.590000,11927.54,11865,5190,11870,8212,11855,3590,11850,6510
2020-06-08 09:37:42.080000,11927.54,11865,5190,11870,4879,11855,4090,11850,6510
2020-06-08 09:37:43.170000,11927.54,11865,5190,11870,8212,11855,4090,11850,6510
2020-06-08 09:37:43.600000,11927.54,11865,5190,11870,4879,11855,4090,11850,6510
2020-06-08 09:37:44.250000,11927.54,11865,3590,11870,4879,11860,3590,11855,4090
2020-06-08 09:37:45.310000,11927.69,11870,4879,11875,8410,11860,3590,11855,7423
2020-06-08 09:37:46.920000,11927.69,11865,3590,11870,4879,11855,4090,11850,6510
2020-06-08 09:37:47.920000,11927.69,11865,5190,11870,4879,11855,4090,11850,6510
2020-06-08 09:37:48.140000,11927.69,11860,3590,11865,5190,11855,4090,11850,6510
2020-06-08 09:37:48.910000,11927.69,11865,5190,11870,4879,11855,4090,11850,6510
2020-06-08 09:37:51.060000,11927.69,11865,3590,11870,4879,11855,4090,11850,6510
2020-06-08 09:37:52.040000,11927.69,11865,5190,11870,4879,11855,4090,11850,6510
2020-06-08 09:37:52.400000,11927.69,11860,3590,11865,5190,11855,3590,11850,6510
2020-06-08 09:37:58.480000,11928.33,11865,5190,11870,4879,11860,3590,11855,4090
2020-06-08 09:37:59.420000,11928.33,11865,3590,11870,4879,11860,2240,11855,4090
2020-06-08 09:37:59.930000,11928.33,11865,3590,11870,4879,11860,5830,11855,7423
2020-06-08 09:38:01.060000,11928.33,11865,3590,11870,4879,11860,5830,11855,7423
2020-06-08 09:38:01.370000,11928.33,11865,5190,11870,4879,11855,4090,11850,6510
2020-06-08 09:38:02.180000,11928.33,11865,5190,11870,4879,11855,5690,11850,6510
2020-06-08 09:38:03.130000,11928.33,11865,5190,11870,4879,11855,5662,11850,6510
2020-06-08 09:38:04.220000,11928.33,11865,5190,11870,4879,11855,5662,11850,6510
2020-06-08 09:38:04.590000,11929.75,11865,3590,11870,4879,11855,5662,11850,6510
2020-06-08 09:38:05.760000,11929.75,11865,5190,11870,4879,11855,5662,11850,6510
2020-06-08 09:38:06.010000,11929.75,11865,5190,11870,4879,11855,5662,11850,6510
2020-06-08 09:38:08.320000,11929.75,11865,5190,11870,8212,11855,5662,11850,6510
2020-06-08 09:38:09.350000,11929.75,11865,5190,11870,4879,11855,5662,11850,6510
2020-06-08 09:38:10.450000,11929.75,11865,5190,11870,4879,11855,5902,11850,6510
2020-06-08 09:38:10.680000,11929.75,11865,3590,11870,4879,11855,5902,11850,6510
2020-06-08 09:38:11.490000,11929.75,11865,3590,11870,4879,11860,3590,11855,9235
2020-06-08 09:38:12.070000,11929.75,11865,5190,11870,4879,11860,3590,11855,5902
2020-06-08 09:38:13.060000,11929.75,11865,3590,11870,4879,11855,9235,11850,6510
2020-06-08 09:38:13.990000,11929.75,11865,3590,11870,4879,11855,9235,11850,6510
2020-06-08 09:38:14.180000,11929.75,11870,4879,11875,5077,11860,4090,11855,9235
2020-06-08 09:38:15.070000,11929.75,11870,4879,11875,5077,11860,4090,11855,9242
2020-06-08 09:38:15.410000,11933.04,11870,4879,11875,5077,11860,4090,11855,9242
2020-06-08 09:38:16.210000,11933.04,11870,4879,11875,8410,11860,3590,11855,9242
2020-06-08 09:38:17.190000,11933.04,11865,3590,11870,4879,11860,3590,11855,9242
2020-06-08 09:38:18.210000,11933.04,11865,5190,11870,4879,11860,3590,11855,5909
2020-06-08 09:38:18.630000,11933.04,11860,300,11865,5190,11855,5409,11850,6510
2020-06-08 09:38:19.850000,11933.04,11865,5190,11870,4879,11855,5909,11850,6510
2020-06-08 09:38:20.910000,11933.04,11860,3590,11865,5190,11855,5409,11850,6510
2020-06-08 09:38:21.940000,11933.04,11860,3590,11865,5190,11855,5409,11850,6510
2020-06-08 09:38:22.950000,11933.04,11860,3890,11865,5190,11855,3809,11850,6510
2020-06-08 09:38:23.470000,11933.04,11860,5190,11865,8523,11855,247,11850,3606
2020-06-08 09:38:24.580000,11933.04,11860,5190,11865,5190,11855,247,11850,3606
2020-06-08 09:38:25.640000,11934.52,11860,3590,11865,5190,11855,3809,11850,6510
2020-06-08 09:38:26.690000,11934.52,11860,3590,11865,5190,11855,3809,11850,3606
2020-06-08 09:38:27.060000,11934.52,11860,4790,11865,5190,11855,247,11850,3606
2020-06-08 09:38:28.190000,11934.52,11860,3590,11865,5190,11855,3809,11850,3606
2020-06-08 09:38:29.280000,11934.52,11860,4290,11865,5190,11855,3809,11850,3606
2020-06-08 09:38:30.280000,11934.52,11860,3590,11865,5190,11855,3809,11850,6510
2020-06-08 09:38:30.610000,11934.52,11860,3590,11865,5190,11855,3809,11850,6510
2020-06-08 09:38:32.320000,11934.52,11860,5190,11865,5190,11855,3809,11850,6510
2020-06-08 09:38:32.530000,11934.52,11860,3590,11865,5190,11855,3781,11850,6510
2020-06-08 09:38:33.440000,11934.52,11865,5190,11870,8212,11855,3781,11850,6510
2020-06-08 09:38:33.900000,11934.52,11865,5190,11870,4879,11855,3781,11850,6510
2020-06-08 09:38:35.060000,11933.38,11865,5190,11870,4879,11855,4281,11850,6510
2020-06-08 09:38:36.400000,11933.38,11865,5190,11870,8212,11855,4281,11850,6510
2020-06-08 09:38:37.010000,11933.38,11865,5190,11870,8212,11855,3781,11850,6510
2020-06-08 09:38:37.570000,11933.38,11865,5190,11870,4879,11855,3781,11850,6510
2020-06-08 09:38:38.800000,11933.38,11860,3590,11865,5190,11855,3781,11850,6510
2020-06-08 09:38:39.700000,11933.38,11865,5190,11870,8212,11855,3781,11850,6510
2020-06-08 09:38:43.340000,11933.38,11860,3590,11865,5190,11855,3781,11850,6510
2020-06-08 09:38:43.680000,11933.38,11860,5090,11865,5190,11855,3781,11850,6510
2020-06-08 09:38:44.310000,11932.56,11860,3590,11865,5190,11855,3781,11850,6510
2020-06-08 09:38:45.460000,11932.56,11860,5190,11865,5190,11855,219,11850,3606
2020-06-08 09:38:45.670000,11932.56,11860,3590,11865,5190,11855,219,11850,3606
2020-06-08 09:38:46.510000,11932.56,11860,5190,11865,5190,11855,219,11850,3606
2020-06-08 09:38:47.590000,11932.56,11855,3467,11860,5190,11850,3106,11845,7506
2020-06-08 09:38:47.990000,11932.56,11855,3467,11860,5190,11850,3106,11845,7506
2020-06-08 09:38:48.670000,11932.56,11860,5190,11865,8523,11850,3106,11845,7506
2020-06-08 09:38:49.670000,11932.56,11860,5190,11865,5190,11850,3606,11845,7506
2020-06-08 09:38:50.080000,11932.56,11855,3467,11860,5190,11850,3106,11845,7506
2020-06-08 09:38:50.720000,11932.56,11855,5067,11860,5190,11850,73,11845,4173
2020-06-08 09:38:55.680000,11929.57,11850,3567,11855,5067,11845,3673,11840,7907
2020-06-08 09:38:56.450000,11929.57,11850,5167,11855,5067,11845,3673,11840,5003
2020-06-08 09:38:57.010000,11929.57,11850,5167,11855,5067,11845,3673,11840,7907
2020-06-08 09:38:58.030000,11929.57,11850,5167,11855,5067,11845,3673,11840,7907
2020-06-08 09:38:59.070000,11929.57,11850,3767,11855,5067,11845,3673,11840,7907
2020-06-08 09:38:59.430000,11929.57,11850,3567,11855,5067,11845,3673,11840,7907
2020-06-08 09:39:00.080000,11929.57,11850,5167,11855,5067,11845,102,11840,5003
2020-06-08 09:39:01.150000,11929.57,11850,5167,11855,5067,11845,3673,11840,5003
2020-06-08 09:39:01.360000,11929.57,11850,3567,11855,5067,11845,3673,11840,7907
2020-06-08 09:39:02.240000,11929.57,11855,5067,11860,5190,11845,3645,11840,7907
2020-06-08 09:39:04.140000,11929.57,11855,5067,11860,8523,11845,3645,11840,7907
2020-06-08 09:39:05.760000,11924.39,11850,3567,11855,5067,11845,3645,11840,7907
2020-06-08 09:39:06.900000,11924.39,11850,3567,11855,5067,11845,3645,11840,7907
2020-06-08 09:39:07.510000,11924.39,11855,5067,11860,5190,11845,4145,11840,7907
2020-06-08 09:39:08.430000,11924.39,11855,5067,11860,8523,11845,3645,11840,7907
2020-06-08 09:39:11.080000,11924.39,11855,5067,11860,5190,11845,4230,11840,7907
2020-06-08 09:39:11.330000,11924.39,11855,5067,11860,5190,11850,3033,11845,4230
2020-06-08 09:39:12.140000,11924.39,11860,5190,11865,5190,11850,3533,11845,7563
2020-06-08 09:39:13.690000,11924.39,11860,5690,11865,5190,11850,3533,11845,7563
2020-06-08 09:39:15.100000,11924.32,11860,5690,11865,5190,11855,3562,11850,3533
2020-06-08 09:39:15.850000,11924.32,11855,3562,11860,5690,11850,3033,11845,7563
2020-06-08 09:39:16.850000,11924.32,11855,2293,11860,5690,11850,3033,11845,7563
2020-06-08 09:39:17.880000,11924.32,11855,2293,11860,5690,11850,3033,11845,7563
2020-06-08 09:39:20.980000,11924.32,11855,5760,11860,5690,11850,3033,11845,7563
2020-06-08 09:39:21.490000,11924.32,11855,2293,11860,5690,11850,3033,11845,7563
2020-06-08 09:39:22.730000,11924.32,11855,5760,11860,5690,11850,3033,11845,4230
2020-06-08 09:39:24.670000,11924.32,11855,5760,11860,5690,11850,3033,11845,7563
2020-06-08 09:39:26.050000,11923.34,11855,5760,11860,5690,11845,4230,11840,7907
2020-06-08 09:39:27.850000,11923.34,11855,5760,11860,5690,11845,4230,11840,7907
2020-06-08 09:39:28.280000,11923.34,11855,5760,11860,5690,11845,7563,11840,7907
2020-06-08 09:39:29.430000,11923.34,11855,5760,11860,5690,11845,7563,11840,7907
2020-06-08 09:39:30.920000,11923.34,11855,5760,11860,5690,11845,4230,11840,7907
2020-06-08 09:39:32.040000,11923.34,11855,5760,11860,9023,11845,4202,11840,7907
2020-06-08 09:39:33.070000,11923.34,11850,3567,11855,5760,11845,4202,11840,7907
2020-06-08 09:39:33.540000,11923.34,11850,3567,11855,5760,11845,3702,11840,7907
2020-06-08 09:39:34.660000,11923.34,11850,5167,11855,5760,11845,3702,11840,5003
2020-06-08 09:39:34.940000,11918.14,11850,5167,11855,5760,11845,3702,11840,7907
2020-06-08 09:39:35.710000,11918.14,11850,5167,11855,5760,11845,131,11840,5003
2020-06-08 09:39:36.730000,11918.14,11850,5167,11855,5760,11840,4503,11835,7423
2020-06-08 09:39:38.180000,11918.14,11850,5167,11855,5860,11840,5003,11835,7423
2020-06-08 09:39:43.840000,11918.14,11850,5167,11855,9193,11840,4503,11835,7423
2020-06-08 09:39:45.050000,11918.14,11845,3279,11850,5167,11840,4503,11835,7423
2020-06-08 09:39:45.350000,11917.43,11845,4879,11850,5167,11840,4503,11835,7423
2020-06-08 09:39:47.320000,11917.43,11845,3279,11850,5167,11840,4503,11835,7423
2020-06-08 09:39:48.250000,11917.43,11845,4879,11850,5167,11840,4503,11835,7423
2020-06-08 09:39:48.670000,11917.43,11845,4879,11850,8500,11835,4090,11830,6966
2020-06-08 09:39:49.820000,11917.43,11845,4879,11850,5167,11835,4090,11830,6966
2020-06-08 09:39:51.380000,11917.43,11845,4879,11850,5167,11835,3590,11830,6966
2020-06-08 09:39:52.430000,11917.43,11845,4879,11850,5167,11835,3590,11830,6966
2020-06-08 09:39:53.480000,11917.43,11845,4879,11850,5167,11835,3590,11830,6966
2020-06-08 09:39:55.010000,11917.82,11845,4879,11850,8500,11835,3590,11830,6966
2020-06-08 09:39:56.100000,11917.82,11845,4879,11850,5167,11835,3590,11830,6966
2020-06-08 09:39:57.140000,11917.82,11840,3590,11845,4879,11835,3590,11830,6966
2020-06-08 09:39:57.640000,11917.82,11840,5190,11845,4879,11835,3590,11830,6966
2020-06-08 09:39:58.700000,11917.82,11840,3590,11845,4879,11835,3590,11830,6966
2020-06-08 09:39:59.190000,11917.82,11845,4879,11850,5167,11835,4090,11830,6966
2020-06-08 09:40:00.310000,11917.82,11850,5167,11855,9193,11840,3403,11835,7423
2020-06-08 09:40:00.740000,11917.82,11845,3279,11850,5167,11835,7423,11830,6966
2020-06-08 09:40:01.880000,11917.82,11845,4879,11850,5167,11840,3403,11835,7423
2020-06-08 09:40:02.290000,11917.82,11845,4879,11850,5167,11835,7423,11830,6966
2020-06-08 09:40:03.780000,11917.82,11845,4879,11850,5167,11840,3375,11835,7423
2020-06-08 09:40:05.020000,11917.82,11845,3479,11850,5167,11840,3375,11835,7423
2020-06-08 09:40:05.350000,11916.12,11850,5167,11855,5860,11840,3875,11835,7423
2020-06-08 09:40:06.560000,11916.12,11850,5167,11855,5860,11840,3875,11835,7423
2020-06-08 09:40:06.900000,11916.12,11850,5167,11855,5860,11845,3571,11840,3875
2020-06-08 09:40:08.420000,11916.12,11855,5860,11860,9023,11845,3571,11840,6779
2020-06-08 09:40:09.140000,11916.12,11855,5860,11860,9023,11845,3571,11840,6779
2020-06-08 09:40:10.210000,11916.12,11855,5860,11860,9023,11845,3571,11840,6779
2020-06-08 09:40:10.570000,11916.12,11855,5860,11860,5690,11845,3571,11840,6779
2020-06-08 09:40:11.780000,11916.12,11855,5860,11860,5690,11850,3033,11845,4071
2020-06-08 09:40:12.360000,11916.12,11855,5860,11860,5690,11845,4071,11840,6779
2020-06-08 09:40:14.770000,11915.81,11855,5860,11860,9023,11845,3571,11840,6779
2020-06-08 09:40:15.950000,11915.81,11855,5860,11860,5690,11845,4071,11840,6779
2020-06-08 09:40:21.000000,11915.81,11855,5860,11860,9023,11845,3571,11840,6779
2020-06-08 09:40:22.250000,11915.81,11850,3567,11855,5860,11845,3571,11840,6779
2020-06-08 09:40:22.640000,11915.81,11855,5860,11860,9023,11845,3571,11840,6779
2020-06-08 09:40:23.790000,11915.81,11850,3567,11855,5860,11845,3571,11840,6779
2020-06-08 09:40:24.140000,11915.81,11850,5167,11855,5860,11845,3571,11840,6779
2020-06-08 09:40:24.770000,11911.58,11850,3567,11855,5860,11845,3571,11840,6779
2020-06-08 09:40:25.910000,11911.58,11850,5167,11855,5860,11840,3875,11835,7423
2020-06-08 09:40:28.400000,11911.58,11850,5166,11855,5860,11840,3875,11835,7423
2020-06-08 09:40:29.580000,11911.58,11850,5166,11855,5860,11845,3571,11840,6779
2020-06-08 09:40:30.040000,11911.58,11855,5860,11860,9023,11845,3571,11840,6779
2020-06-08 09:40:31.140000,11911.58,11850,3566,11855,5860,11845,3571,11840,6779
2020-06-08 09:40:31.570000,11911.58,11850,5166,11855,5860,11845,3571,11840,6779
2020-06-08 09:40:32.730000,11911.58,11845,28,11850,5166,11840,3875,11835,7423
2020-06-08 09:40:33.160000,11911.58,11850,5166,11855,5860,11840,3875,11835,7423
2020-06-08 09:40:34.800000,11911.58,11845,3279,11850,5166,11840,3375,11835,7423
2020-06-08 09:40:35.160000,11910.88,11845,4879,11850,5166,11835,4090,11830,6966
2020-06-08 09:40:37.430000,11910.88,11840,3590,11845,4879,11830,6966,11825,6866
2020-06-08 09:40:37.910000,11910.88,11840,5190,11845,4879,11830,6966,11825,6866
2020-06-08 09:40:38.560000,11910.88,11840,5190,11845,4879,11830,4062,11825,6866
2020-06-08 09:40:41.670000,11910.88,11840,5190,11845,8212,11830,3562,11825,6866
2020-06-08 09:40:42.280000,11910.88,11835,3590,11840,5190,11825,6866,11820,7080
2020-06-08 09:40:43.250000,11910.88,11835,5190,11840,5190,11825,3533,11820,7080
2020-06-08 09:40:44.310000,11910.88,11835,5190,11840,5190,11825,3533,11820,7080
2020-06-08 09:40:45.340000,11910.02,11835,5190,11840,5190,11825,6866,11820,7080
2020-06-08 09:40:47.430000,11910.02,11835,5190,11840,5190,11825,3533,11820,7080
2020-06-08 09:40:50.000000,11910.02,11835,5190,11840,5190,11830,3562,11825,6866
2020-06-08 09:40:51.110000,11910.02,11835,5190,11840,5190,11830,3162,11825,6866
2020-06-08 09:40:52.140000,11910.02,11835,5190,11840,5190,11830,3162,11825,6866
2020-06-08 09:40:52.560000,11910.02,11835,5190,11840,5190,11825,3533,11820,7080
2020-06-08 09:40:54.000000,11910.02,11835,5190,11840,5190,11830,3162,11825,6866
2020-06-08 09:40:55.770000,11904.61,11840,5190,11845,4879,11830,3162,11825,6866
2020-06-08 09:40:56.070000,11904.61,11840,5190,11845,8212,11830,3162,11825,6866
2020-06-08 09:40:56.850000,11904.61,11840,5190,11845,8212,11830,3162,11825,6866
2020-06-08 09:40:58.410000,11904.61,11835,3590,11840,5190,11830,3162,11825,6866
2020-06-08 09:40:59.470000,11904.61,11840,5190,11845,4879,11830,3162,11825,6866
2020-06-08 09:41:00.520000,11904.61,11840,5190,11845,4879,11830,3162,11825,6866
2020-06-08 09:41:00.870000,11904.61,11840,5190,11845,8212,11830,3162,11825,6866
2020-06-08 09:41:02.080000,11904.61,11840,5190,11845,4879,11830,3662,11825,6866
2020-06-08 09:41:03.150000,11904.61,11840,5190,11845,4879,11830,3634,11825,6866
2020-06-08 09:41:04.630000,11904.61,11840,5190,11845,8212,11830,3134,11825,6866
2020-06-08 09:41:04.860000,11904.61,11835,3590,11840,5190,11830,3134,11825,6866
2020-06-08 09:41:05.680000,11903.06,11835,5190,11840,5190,11825,6866,11820,7080
2020-06-08 09:41:07.860000,11903.06,11840,5190,11845,4879,11830,3634,11825,6866
2020-06-08 09:41:08.750000,11903.06,11840,5190,11845,4879,11835,3590,11830,6538
2020-06-08 09:41:09.010000,11903.06,11845,4879,11850,5166,11835,3590,11830,6538
2020-06-08 09:41:09.940000,11903.06,11845,4879,11850,5166,11840,3375,11835,4090
2020-06-08 09:41:10.950000,11903.06,11845,4879,11850,5166,11835,3590,11830,6538
2020-06-08 09:41:11.500000,11903.06,11845,4879,11850,5166,11835,3590,11830,6538
2020-06-08 09:41:12.540000,11903.06,11845,4879,11850,5166,11835,4090,11830,6538
2020-06-08 09:41:13.560000,11903.06,11850,5166,11855,9193,11840,3375,11835,7423
2020-06-08 09:41:14.670000,11903.06,11845,3279,11850,5166,11840,3375,11835,7423
2020-06-08 09:41:15.670000,11900.78,11850,5166,11855,5860,11840,3375,11835,7423
2020-06-08 09:41:17.730000,11900.78,11850,5166,11855,5860,11840,3375,11835,7423
2020-06-08 09:41:20.390000,11900.78,11850,5166,11855,9193,11840,3375,11835,7423
2020-06-08 09:41:21.780000,11900.78,11850,5166,11855,5860,11840,3375,11835,7423
2020-06-08 09:41:23.530000,11900.78,11850,5166,11855,9193,11840,3375,11835,7423
2020-06-08 09:41:24.600000,11900.78,11850,5166,11855,5860,11840,3875,11835,7423
2020-06-08 09:41:25.640000,11905.06,11850,5166,11855,5860,11840,3375,11835,7423
2020-06-08 09:41:28.880000,11905.06,11850,5166,11855,5860,11845,3571,11840,3875
2020-06-08 09:41:29.860000,11905.06,11850,5166,11855,5860,11845,3571,11840,3875
2020-06-08 09:41:30.330000,11905.06,11850,5166,11855,5860,11840,3875,11835,7423
2020-06-08 09:41:31.420000,11905.06,11850,5166,11855,5860,11845,3571,11840,3875
2020-06-08 09:41:33.010000,11905.06,11855,5860,11860,7423,11845,3542,11840,6779
2020-06-08 09:41:33.420000,11905.06,11855,5860,11860,7423,11845,3542,11840,7079
2020-06-08 09:41:34.900000,11905.06,11850,3566,11855,5860,11845,3542,11840,4175
2020-06-08 09:41:35.630000,11904.13,11850,3566,11855,5860,11845,3542,11840,7079
2020-06-08 09:41:36.830000,11904.13,11850,3495,11855,5860,11845,3542,11840,7079
2020-06-08 09:41:37.710000,11904.13,11855,5860,11860,4090,11845,4042,11840,7079
2020-06-08 09:41:41.270000,11904.13,11855,5860,11860,4090,11845,4042,11840,7079
2020-06-08 09:41:42.890000,11904.13,11855,5860,11860,4090,11845,4042,11840,7079
2020-06-08 09:41:43.370000,11904.13,11855,5860,11860,4090,11850,3033,11845,4042
2020-06-08 09:41:44.210000,11904.13,11855,100,11860,4090,11850,3033,11845,7375
2020-06-08 09:41:45.000000,11912.98,11855,1800,11860,4090,11850,3033,11845,4042
2020-06-08 09:41:46.040000,11912.98,11855,5267,11860,4090,11850,3033,11845,4342
2020-06-08 09:41:46.570000,11912.98,11860,4090,11865,6923,11850,3033,11845,7675
2020-06-08 09:41:47.590000,11912.98,11860,5690,11865,3590,11850,3033,11845,7675
2020-06-08 09:41:51.240000,11912.98,11860,5690,11865,6923,11850,3033,11845,7675
2020-06-08 09:41:51.700000,11912.98,11855,3467,11860,5690,11850,3033,11845,4342
2020-06-08 09:41:52.800000,11912.98,11855,5067,11860,5690,11845,4342,11840,6779
2020-06-08 09:41:53.370000,11912.98,11855,5067,11860,9023,11845,3842,11840,6779
2020-06-08 09:41:57.000000,11913.07,11855,5067,11860,9023,11845,4342,11840,6779
2020-06-08 09:41:57.280000,11913.07,11855,5067,11860,9023,11845,3842,11840,6779
2020-06-08 09:41:59.020000,11913.07,11855,5067,11860,5690,11845,4342,11840,6779
2020-06-08 09:42:01.130000,11913.07,11855,5067,11860,5690,11845,4342,11840,6779
2020-06-08 09:42:01.450000,11913.07,11855,5067,11860,9023,11845,4342,11840,6779
2020-06-08 09:42:02.140000,11913.07,11855,5067,11860,5690,11845,4314,11840,6779
2020-06-08 09:42:07.970000,11914.88,11855,5167,11860,5690,11845,4314,11840,6779
2020-06-08 09:42:08.320000,11914.88,11855,5167,11860,5690,11845,4314,11840,6779
2020-06-08 09:42:09.970000,11914.88,11855,5167,11860,9023,11845,3814,11840,6779
2020-06-08 09:42:11.160000,11914.88,11855,5167,11860,5690,11845,4314,11840,6779
2020-06-08 09:42:13.180000,11914.88,11855,5167,11860,5690,11845,4314,11840,6779
2020-06-08 09:42:17.170000,11917.83,11855,5166,11860,5690,11845,4314,11840,6779
2020-06-08 09:42:17.770000,11917.83,11855,5166,11860,5690,11850,3033,11845,7647
2020-06-08 09:42:18.960000,11917.83,11855,5166,11860,5690,11850,3033,11845,7647
2020-06-08 09:42:19.260000,11917.83,11855,1700,11860,5690,11850,3033,11845,7647
2020-06-08 09:42:19.970000,11917.83,11855,1000,11860,5690,11850,3533,11845,7647
2020-06-08 09:42:20.580000,11917.83,11855,200,11860,5690,11850,3533,11845,7647
2020-06-08 09:42:21.580000,11917.83,11860,5690,11865,3590,11855,3134,11850,3533
2020-06-08 09:42:23.170000,11917.83,11855,3034,11860,5690,11850,3033,11845,7647
2020-06-08 09:42:23.610000,11917.83,11855,6500,11860,5690,11850,3033,11845,7647
2020-06-08 09:42:24.790000,11917.92,11855,6500,11860,5690,11850,3034,11845,4314
2020-06-08 09:42:26.320000,11917.92,11855,6500,11860,5690,11845,4314,11840,6779
2020-06-08 09:42:27.320000,11917.92,11855,6500,11860,5690,11845,4315,11840,6779
2020-06-08 09:42:28.390000,11917.92,11850,3495,11855,6500,11845,3815,11840,6779
2020-06-08 09:42:29.500000,11917.92,11850,5095,11855,6500,11845,301,11840,6779
2020-06-08 09:42:30.560000,11917.92,11855,6500,11860,5690,11845,3815,11840,6779
2020-06-08 09:42:31.710000,11917.92,11850,3495,11855,6500,11845,3815,11840,3875
2020-06-08 09:42:32.680000,11917.92,11850,5095,11855,6500,11845,273,11840,3876
2020-06-08 09:42:34.260000,11917.92,11845,3279,11850,5095,11840,3376,11835,7424
2020-06-08 09:42:34.570000,11917.92,11845,4879,11850,5095,11840,3376,11835,7424
2020-06-08 09:42:35.310000,11915.23,11845,4879,11850,5095,11840,1,11835,4091
2020-06-08 09:42:36.420000,11915.23,11845,3279,11850,5095,11840,3376,11835,7424
2020-06-08 09:42:37.350000,11915.23,11850,5095,11855,6500,11840,3876,11835,7424
2020-06-08 09:42:37.670000,11915.23,11850,5095,11855,6500,11845,3514,11840,3876
2020-06-08 09:42:38.440000,11915.23,11850,5095,11855,6500,11845,3514,11840,6780
2020-06-08 09:42:39.480000,11915.23,11850,5095,11855,6500,11840,3876,11835,7424
2020-06-08 09:42:39.710000,11915.23,11850,5095,11855,6500,11840,3376,11835,7424
2020-06-08 09:42:40.540000,11915.23,11850,5095,11855,6500,11840,3376,11835,7424
2020-06-08 09:42:41.590000,11915.23,11850,5395,11855,6500,11840,3376,11835,7424
2020-06-08 09:42:42.650000,11915.23,11850,5395,11855,6500,11840,6780,11835,7424
2020-06-08 09:42:43.070000,11915.23,11850,3795,11855,6500,11845,3514,11840,6780
2020-06-08 09:42:44.210000,11915.23,11850,300,11855,6500,11845,4014,11840,6780
2020-06-08 09:42:44.670000,11915.23,11855,6500,11860,5690,11850,3033,11845,4614
2020-06-08 09:42:45.790000,11915.01,11855,6500,11860,5690,11850,3033,11845,4614
2020-06-08 09:42:46.160000,11915.01,11855,6500,11860,5690,11850,3033,11845,5114
2020-06-08 09:42:46.870000,11915.01,11855,6500,11860,5690,11850,2933,11845,5114
2020-06-08 09:42:47.850000,11915.01,11850,3495,11855,6500,11845,4614,11840,6780
2020-06-08 09:42:48.180000,11915.01,11850,3495,11855,6500,11845,4614,11840,6780
2020-06-08 09:42:48.880000,11915.01,11855,6500,11860,5690,11845,5114,11840,6780
2020-06-08 09:42:51.500000,11915.01,11855,6500,11860,5690,11845,5114,11840,6780
2020-06-08 09:42:52.640000,11915.01,11855,6500,11860,9023,11845,5114,11840,6780
2020-06-08 09:42:52.870000,11915.01,11855,6500,11860,5690,11845,5114,11840,6780
2020-06-08 09:42:53.680000,11915.01,11855,6500,11860,9023,11845,5114,11840,6780
2020-06-08 09:42:54.290000,11915.01,11855,6500,11860,5690,11845,5114,11840,6780
2020-06-08 09:42:55.240000,11917.06,11855,6500,11860,5690,11850,2933,11845,5114
2020-06-08 09:42:55.710000,11917.06,11860,5690,11865,6923,11850,2933,11845,8447
2020-06-08 09:42:57.260000,11917.06,11855,3466,11860,5690,11850,2933,11845,5114
2020-06-08 09:42:57.770000,11917.06,11855,5066,11860,5690,11850,2933,11845,5114
2020-06-08 09:42:58.470000,11917.06,11860,5690,11865,6923,11850,2933,11845,8447
2020-06-08 09:42:59.440000,11917.06,11860,5690,11865,3590,11850,2933,11845,8447
2020-06-08 09:42:59.810000,11917.06,11860,5690,11865,6923,11850,2933,11845,8447
2020-06-08 09:43:00.570000,11917.06,11860,5690,11865,3590,11850,2933,11845,8447
2020-06-08 09:43:01.560000,11917.06,11855,3466,11860,5690,11850,2933,11845,5114
2020-06-08 09:43:02.550000,11917.06,11855,5066,11860,5690,11850,2905,11845,5114
2020-06-08 09:43:02.970000,11917.06,11855,5066,11860,5690,11850,2905,11845,5114
2020-06-08 09:43:04.180000,11917.06,11855,5066,11860,5690,11850,2905,11845,8747
2020-06-08 09:43:06.680000,11921.14,11855,5066,11860,5690,11850,2952,11845,8747
2020-06-08 09:43:07.800000,11921.14,11855,1600,11860,5690,11850,2952,11845,8747
2020-06-08 09:43:08.140000,11921.14,11855,1600,11860,5690,11850,2952,11845,8747
2020-06-08 09:43:09.940000,11921.14,11860,5690,11865,6923,11850,2952,11845,8747
2020-06-08 09:43:11.550000,11921.14,11860,5690,11865,3590,11850,3452,11845,8747
2020-06-08 09:43:12.070000,11921.14,11860,5690,11865,6923,11850,2952,11845,8747
2020-06-08 09:43:14.070000,11921.14,11855,3466,11860,5690,11850,2952,11845,5414
2020-06-08 09:43:15.180000,11921.14,11855,5066,11860,5690,11850,47,11845,5414
2020-06-08 09:43:15.460000,11916.63,11855,5066,11860,5690,11850,347,11845,5114
2020-06-08 09:43:16.240000,11916.63,11855,5066,11860,5690,11845,5114,11840,6780
2020-06-08 09:43:17.580000,11916.63,11860,5690,11865,6923,11850,2905,11845,8447
2020-06-08 09:43:18.840000,11916.63,11860,5690,11865,3590,11850,3405,11845,8447
2020-06-08 09:43:20.130000,11916.63,11860,5690,11865,3590,11850,3405,11845,8447
2020-06-08 09:43:21.270000,11916.63,11860,5690,11865,3590,11850,3405,11845,8447
2020-06-08 09:43:22.060000,11916.63,11860,5690,11865,3590,11850,2905,11845,8447
2020-06-08 09:43:24.340000,11916.63,11855,300,11860,5690,11850,2905,11845,8447
2020-06-08 09:43:25.220000,11919.19,11855,1900,11860,5690,11850,3405,11845,8447
2020-06-08 09:43:27.850000,11919.19,11855,1900,11860,5690,11850,2905,11845,8447
2020-06-08 09:43:28.840000,11919.19,11855,5366,11860,5690,11850,2905,11845,8447
2020-06-08 09:43:30.990000,11919.19,11855,5366,11860,5690,11850,2905,11845,8447
2020-06-08 09:43:31.330000,11919.19,11855,1900,11860,5690,11850,2877,11845,8447
2020-06-08 09:43:32.550000,11919.19,11855,1900,11860,5690,11850,2877,11845,8447
2020-06-08 09:43:33.730000,11919.19,11855,1900,11860,5690,11850,2877,11845,8447
2020-06-08 09:43:34.640000,11918.52,11855,5366,11860,5690,11850,2877,11845,8447
2020-06-08 09:43:35.680000,11918.52,11855,5366,11860,5690,11850,2877,11845,8447
2020-06-08 09:43:41.420000,11918.52,11855,1900,11860,5690,11850,2877,11845,8447
2020-06-08 09:43:41.910000,11918.52,11855,5366,11860,5690,11850,2877,11845,5114
2020-06-08 09:43:43.030000,11918.52,11855,5366,11860,5690,11845,5114,11840,6780
2020-06-08 09:43:44.060000,11918.52,11855,5366,11860,5690,11845,5114,11840,6780
2020-06-08 09:43:44.430000,11918.52,11855,5366,11860,5690,11850,2877,11845,8447
2020-06-08 09:43:45.110000,11919.31,11855,300,11860,5690,11850,2877,11845,8447
2020-06-08 09:43:46.160000,11919.31,11860,5690,11865,3590,11850,3377,11845,8447
2020-06-08 09:43:46.460000,11919.31,11860,5690,11865,3590,11855,3034,11850,3377
2020-06-08 09:43:48.190000,11919.31,11860,500,11865,3590,11855,3034,11850,6281
2020-06-08 09:43:48.530000,11919.31,11865,5190,11870,6612,11855,3034,11850,6281
2020-06-08 09:43:49.320000,11919.31,11860,3590,11865,5190,11850,3377,11845,8447
2020-06-08 09:43:50.400000,11919.31,11860,5190,11865,5190,11850,3377,11845,8447
2020-06-08 09:43:50.710000,11919.31,11860,5190,11865,5190,11850,3377,11845,8447
2020-06-08 09:43:52.400000,11919.31,11860,5190,11865,5190,11850,2877,11845,8447
2020-06-08 09:43:53.480000,11919.31,11860,5190,11865,5190,11850,3377,11845,8447
2020-06-08 09:43:53.870000,11919.31,11860,5190,11865,5190,11850,3377,11845,8447
2020-06-08 09:43:55.380000,11925.31,11860,3590,11865,5190,11850,3377,11845,8447
2020-06-08 09:43:57.090000,11925.31,11860,5190,11865,5190,11850,3377,11845,8447
2020-06-08 09:43:58.580000,11925.31,11865,5190,11870,6612,11855,3034,11850,6281
2020-06-08 09:43:58.830000,11925.31,11860,3590,11865,5190,11855,3034,11850,6281
2020-06-08 09:43:59.080000,11925.31,11860,5090,11865,5190,11855,3034,11850,6281
2020-06-08 09:44:00.330000,11925.31,11860,3590,11865,5190,11855,3034,11850,6281
2020-06-08 09:44:01.350000,11925.31,11865,5190,11870,6612,11855,3006,11850,6281
2020-06-08 09:44:01.770000,11925.31,11865,5190,11870,6612,11855,3006,11850,6281
2020-06-08 09:44:03.980000,11925.31,11865,5190,11870,6612,11855,3006,11850,6281
2020-06-08 09:44:05.280000,11929.89,11865,5190,11870,6612,11855,3006,11850,6281
2020-06-08 09:44:05.990000,11929.89,11860,3590,11865,5190,11850,3377,11845,8447
2020-06-08 09:44:06.400000,11929.89,11860,5189,11865,5190,11850,3377,11845,8447
2020-06-08 09:44:07.000000,11929.89,11860,5189,11865,8523,11850,3377,11845,8447
2020-06-08 09:44:07.600000,11929.89,11860,5189,11865,5190,11850,3377,11845,8447
2020-06-08 09:44:10.180000,11929.89,11860,5189,11865,5190,11850,3377,11845,8447
2020-06-08 09:44:12.420000,11929.89,11860,5189,11865,5190,11855,3006,11850,3377
2020-06-08 09:44:13.500000,11929.89,11860,5189,11865,5190,11855,3006,11850,3377
2020-06-08 09:44:15.000000,11929.89,11860,5189,11865,5190,11855,3006,11850,6281
2020-06-08 09:44:15.270000,11930.04,11860,3589,11865,5190,11855,3006,11850,6281
2020-06-08 09:44:16.090000,11930.04,11865,5190,11870,3279,11855,3506,11850,6281
2020-06-08 09:44:17.660000,11930.04,11865,5190,11870,6612,11855,3006,11850,6281
2020-06-08 09:44:17.960000,11930.04,11865,5190,11870,6612,11855,3006,11850,6281
2020-06-08 09:44:19.740000,11930.04,11860,3589,11865,5190,11855,3006,11850,6281
2020-06-08 09:44:20.210000,11930.04,11860,5189,11865,5190,11850,3377,11845,8447
2020-06-08 09:44:24.130000,11930.04,11855,3466,11860,5189,11850,2877,11845,8447
2020-06-08 09:44:24.950000,11930.04,11855,5066,11860,5189,11850,3177,11845,8447
2020-06-08 09:44:25.300000,11931.66,11855,3466,11860,5189,11850,3177,11845,8447
2020-06-08 09:44:26.040000,11931.66,11860,5189,11865,8523,11850,3177,11845,8447
2020-06-08 09:44:30.240000,11931.66,11855,3466,11860,5189,11850,3177,11845,8447
2020-06-08 09:44:30.530000,11931.66,11855,5066,11860,5189,11850,3177,11845,8447
2020-06-08 09:44:31.330000,11931.66,11855,5066,11860,5189,11850,3149,11845,8447
2020-06-08 09:44:32.910000,11931.66,11855,5053,11860,5189,11850,3149,11845,8447
2020-06-08 09:44:35.810000,11930.04,11855,5053,11860,5189,11845,5114,11840,6780
2020-06-08 09:44:36.530000,11930.04,11855,5053,11860,5189,11845,4614,11840,6780
2020-06-08 09:44:37.680000,11930.04,11855,5053,11860,5189,11845,3514,11840,6780
2020-06-08 09:44:38.690000,11930.04,11855,5053,11860,8522,11845,3514,11840,6780
2020-06-08 09:44:39.730000,11930.04,11850,3495,11855,5053,11845,3514,11840,6780
2020-06-08 09:44:40.780000,11930.04,11850,5095,11855,5053,11845,3514,11840,6780
2020-06-08 09:44:41.820000,11930.04,11850,3495,11855,5053,11845,3514,11840,6780
2020-06-08 09:44:42.020000,11930.04,11850,5095,11855,5053,11845,3514,11840,3876
2020-06-08 09:44:42.830000,11930.04,11850,5095,11855,5353,11845,3514,11840,6780
2020-06-08 09:44:44.380000,11930.04,11850,5095,11855,5353,11845,3514,11840,3876
2020-06-08 09:44:45.460000,11931.21,11850,5095,11855,5353,11840,3876,11835,7424
2020-06-08 09:44:48.130000,11931.21,11850,5095,11855,5353,11845,2,11840,3876
2020-06-08 09:44:49.140000,11931.21,11850,5095,11855,8686,11840,3876,11835,7424
2020-06-08 09:44:49.350000,11931.21,11845,3279,11850,5095,11840,3876,11835,7424
2020-06-08 09:44:50.150000,11931.21,11845,4879,11850,5095,11840,3876,11835,7424
2020-06-08 09:44:50.370000,11931.21,11845,4879,11850,5095,11840,3376,11835,7424
2020-06-08 09:44:52.700000,11931.21,11850,5095,11855,5353,11840,3376,11835,7424
2020-06-08 09:44:53.370000,11931.21,11850,5095,11855,5353,11840,3876,11835,7424
2020-06-08 09:44:54.700000,11931.21,11850,1600,11855,5353,11845,3514,11840,6780
2020-06-08 09:44:55.400000,11926.6,11855,5353,11860,8522,11845,3514,11840,6780
2020-06-08 09:44:56.450000,11926.6,11855,5353,11860,5189,11850,2849,11845,7347
2020-06-08 09:44:57.360000,11926.6,11855,1900,11860,5429,11850,2849,11845,7347
2020-06-08 09:44:57.590000,11926.6,11855,5353,11860,5429,11845,4014,11840,6780
2020-06-08 09:44:58.900000,11926.6,11850,3495,11855,5353,11840,6780,11835,7424
2020-06-08 09:45:00.110000,11926.6,11850,5095,11855,5353,11840,3876,11835,7424
2020-06-08 09:45:00.540000,11926.6,11845,3279,11850,5095,11840,3876,11835,7424
2020-06-08 09:45:01.700000,11926.6,11845,4879,11850,5095,11840,3348,11835,4091
2020-06-08 09:45:02.170000,11926.6,11845,4879,11850,5095,11840,2,11835,4091
2020-06-08 09:45:03.280000,11926.6,11845,1600,11850,5095,11840,3348,11835,7424
2020-06-08 09:45:03.670000,11926.6,11845,1600,11850,5095,11840,3348,11835,7424
2020-06-08 09:45:05.710000,11923.3,11840,3348,11845,4879,11835,3591,11830,6413
2020-06-08 09:45:06.940000,11923.3,11840,6938,11845,4879,11835,3591,11830,6413
2020-06-08 09:45:07.980000,11923.3,11840,6938,11845,4879,11835,1,11830,3509
2020-06-08 09:45:09.010000,11923.3,11840,6938,11845,4879,11835,3591,11830,6413
2020-06-08 09:45:10.070000,11923.3,11845,4879,11850,5095,11835,4091,11830,6413
2020-06-08 09:45:11.640000,11923.3,11845,4879,11850,5095,11840,3348,11835,7424
2020-06-08 09:45:12.130000,11923.3,11845,4879,11850,5095,11840,3348,11835,4091
2020-06-08 09:45:13.240000,11923.3,11845,4879,11850,5095,11840,2665,11835,4091
2020-06-08 09:45:14.310000,11923.3,11845,4879,11850,5095,11835,4091,11830,6413
2020-06-08 09:45:14.550000,11923.3,11845,4879,11850,5095,11840,3590,11835,7424
2020-06-08 09:45:14.910000,11920.88,11845,4879,11850,5095,11840,3590,11835,4091
2020-06-08 09:45:15.670000,11920.88,11845,4879,11850,5095,11840,3590,11835,4091
2020-06-08 09:45:17.460000,11920.88,11845,1600,11850,5095,11840,3590,11835,7424
2020-06-08 09:45:17.730000,11920.88,11845,4879,11850,5095,11840,3590,11835,4091
2020-06-08 09:45:18.540000,11920.88,11845,4879,11850,5095,11840,3590,11835,7424
2020-06-08 09:45:19.000000,11920.88,11845,4879,11850,5095,11835,4091,11830,6413
2020-06-08 09:45:20.050000,11920.88,11845,4879,11850,5095,11840,3590,11835,4091
2020-06-08 09:45:20.330000,11920.88,11845,4879,11850,5095,11835,3591,11830,6413
2020-06-08 09:45:21.180000,11920.88,11845,4879,11850,8428,11835,4091,11830,6413
2020-06-08 09:45:21.760000,11920.88,11840,3600,11845,4879,11835,3591,11830,6413
2020-06-08 09:45:22.760000,11920.88,11840,5200,11845,4879,11835,1,11830,3509
2020-06-08 09:45:23.800000,11920.88,11840,10,11845,4879,11835,4091,11830,6413
2020-06-08 09:45:24.830000,11920.88,11845,4879,11850,5095,11835,4091,11830,6413
2020-06-08 09:45:25.810000,11920.42,11845,4879,11850,5095,11840,3590,11835,7424
2020-06-08 09:45:27.950000,11920.42,11845,1600,11850,5095,11840,3590,11835,7424
2020-06-08 09:45:28.270000,11920.42,11845,4879,11850,5095,11840,3590,11835,4091
2020-06-08 09:45:28.870000,11920.42,11845,4879,11850,5095,11835,4091,11830,6413
2020-06-08 09:45:31.600000,11920.42,11845,4879,11850,5095,11835,4063,11830,6413
2020-06-08 09:45:31.910000,11920.42,11845,4879,11850,5095,11835,7396,11830,6413
2020-06-08 09:45:32.640000,11920.42,11845,4879,11850,5095,11840,3590,11835,7396
2020-06-08 09:45:33.680000,11920.42,11845,1600,11850,5095,11840,3590,11835,7396
2020-06-08 09:45:33.930000,11920.42,11845,1500,11850,5095,11840,3590,11835,7396
2020-06-08 09:45:34.760000,11920.42,11850,5095,11855,5353,11840,3590,11835,7396
2020-06-08 09:45:35.310000,11918.12,11850,5095,11855,5353,11840,4090,11835,7396
2020-06-08 09:45:36.340000,11918.12,11850,5095,11855,8686,11840,4090,11835,7396
2020-06-08 09:45:36.740000,11918.12,11850,5095,11855,5353,11840,4090,11835,7396
2020-06-08 09:45:37.400000,11918.12,11850,5095,11855,8686,11840,3590,11835,7396
2020-06-08 09:45:38.450000,11918.12,11845,3279,11850,5095,11840,3590,11835,7396
2020-06-08 09:45:38.710000,11918.12,11845,1500,11850,5095,11840,3590,11835,7396
2020-06-08 09:45:39.460000,11918.12,11845,1500,11850,5095,11840,3590,11835,7396
2020-06-08 09:45:41.740000,11918.12,11845,1500,11850,5095,11840,3590,11835,7396
2020-06-08 09:45:42.640000,11918.12,11845,1500,11850,5095,11840,3590,11835,7396
2020-06-08 09:45:43.680000,11918.12,11850,5095,11855,5353,11840,4090,11835,7396
2020-06-08 09:45:44.170000,11918.12,11850,5095,11855,5353,11845,3514,11840,6994
2020-06-08 09:45:45.280000,11918.08,11855,5353,11860,8762,11845,3514,11840,6994
2020-06-08 09:45:45.540000,11918.08,11855,5353,11860,8762,11845,3514,11840,6994
2020-06-08 09:45:46.290000,11918.08,11850,3495,11855,5353,11845,3514,11840,6994
2020-06-08 09:45:47.190000,11918.08,11850,4995,11855,5353,11845,3514,11840,6994
2020-06-08 09:45:47.960000,11918.08,11850,3495,11855,5353,11845,3514,11840,6994
2020-06-08 09:45:48.450000,11918.08,11850,4995,11855,5353,11845,3514,11840,6994
2020-06-08 09:45:49.610000,11918.08,11850,3495,11855,5353,11845,3514,11840,6994
2020-06-08 09:45:50.550000,11918.08,11855,5353,11860,5429,11845,3514,11840,6994
2020-06-08 09:45:50.810000,11918.08,11855,5353,11860,5429,11845,4014,11840,6994
2020-06-08 09:45:51.600000,11918.08,11855,5353,11860,8762,11845,3514,11840,6994
2020-06-08 09:45:51.990000,11918.08,11855,5353,11860,5429,11845,3514,11840,6994
2020-06-08 09:45:53.920000,11918.08,11855,5353,11860,5429,11850,2849,11845,4014
2020-06-08 09:45:54.720000,11916.97,11855,300,11860,5429,11850,2849,11845,7347
2020-06-08 09:45:55.760000,11916.97,11855,1799,11860,5429,11850,2849,11845,7347
2020-06-08 09:45:58.670000,11916.97,11855,299,11860,5429,11850,3349,11845,7347
2020-06-08 09:46:00.570000,11916.97,11860,5429,11865,3590,11855,3006,11850,6253
2020-06-08 09:46:01.490000,11916.97,11860,5429,11865,3590,11850,3349,11845,7347
2020-06-08 09:46:02.010000,11916.97,11860,5429,11865,3590,11855,2978,11850,3349
2020-06-08 09:46:03.000000,11916.97,11860,5429,11865,3590,11855,2978,11850,6253
2020-06-08 09:46:03.360000,11916.97,11860,5429,11865,3590,11855,2978,11850,3349
2020-06-08 09:46:03.940000,11916.97,11860,5429,11865,3590,11850,3349,11845,7347
2020-06-08 09:46:05.860000,11918.52,11860,5429,11865,6923,11850,3349,11845,7347
2020-06-08 09:46:06.730000,11918.52,11860,5429,11865,3590,11850,3349,11845,7347
2020-06-08 09:46:07.100000,11918.52,11860,3829,11865,3590,11855,2978,11850,6253
2020-06-08 09:46:07.640000,11918.52,11860,5329,11865,3590,11855,2978,11850,6253
2020-06-08 09:46:08.170000,11918.52,11860,1740,11865,3590,11855,2978,11850,6253
2020-06-08 09:46:09.410000,11918.52,11860,1740,11865,3590,11855,2978,11850,6253
2020-06-08 09:46:11.510000,11918.52,11860,240,11865,3590,11855,2978,11850,6253
2020-06-08 09:46:12.580000,11918.52,11860,1740,11865,3590,11855,2978,11850,6253
2020-06-08 09:46:12.900000,11918.52,11860,1740,11865,3590,11855,2978,11850,6253
2020-06-08 09:46:13.560000,11918.52,11860,5329,11865,3590,11855,2978,11850,3349
2020-06-08 09:46:14.100000,11918.52,11860,5329,11865,3590,11855,2978,11850,6253
2020-06-08 09:46:15.310000,11918.02,11860,5329,11865,3590,11855,2978,11850,6253
2020-06-08 09:46:16.180000,11918.02,11860,5329,11865,3590,11855,2978,11850,6253
2020-06-08 09:46:18.740000,11918.02,11860,5329,11865,3590,11855,2978,11850,6253
2020-06-08 09:46:18.910000,11918.02,11860,5329,11865,3590,11855,2978,11850,6253
2020-06-08 09:46:19.870000,11918.02,11860,240,11865,3590,11855,3478,11850,6253
2020-06-08 09:46:20.350000,11918.02,11860,1740,11865,3590,11855,2978,11850,6253
2020-06-08 09:46:20.900000,11918.02,11860,5329,11865,3590,11855,2978,11850,6253
2020-06-08 09:46:22.530000,11918.02,11860,240,11865,3590,11855,2978,11850,6253
2020-06-08 09:46:22.740000,11918.02,11860,240,11865,3590,11855,2978,11850,6253
2020-06-08 09:46:23.520000,11918.02,11860,240,11865,3590,11855,3478,11850,6253
2020-06-08 09:46:23.760000,11918.02,11865,4990,11870,3279,11855,2978,11850,6253
2020-06-08 09:46:24.690000,11918.02,11860,3589,11865,4990,11855,2978,11850,6253
2020-06-08 09:46:25.580000,11919.38,11860,4789,11865,4990,11850,6253,11845,7347
2020-06-08 09:46:25.800000,11919.38,11860,4789,11865,4990,11855,2978,11850,6253
2020-06-08 09:46:26.770000,11919.38,11860,3789,11865,4990,11855,2978,11850,6253
2020-06-08 09:46:27.830000,11919.38,11860,3789,11865,4990,11855,2978,11850,6253
2020-06-08 09:46:28.170000,11919.38,11860,4789,11865,4990,11855,2978,11850,6253
2020-06-08 09:46:29.360000,11919.38,11860,4789,11865,4990,11855,2978,11850,6253
2020-06-08 09:46:29.810000,11919.38,11860,3789,11865,4990,11855,3278,11850,6253
2020-06-08 09:46:30.340000,11919.38,11860,3789,11865,4990,11855,3278,11850,6253
2020-06-08 09:46:30.860000,11919.38,11860,3789,11865,4990,11855,3278,11850,6253
2020-06-08 09:46:31.370000,11919.38,11860,3789,11865,4990,11855,3249,11850,6253
2020-06-08 09:46:31.800000,11919.38,11860,3789,11865,4990,11855,3249,11850,6253
2020-06-08 09:46:33.540000,11919.38,11865,3590,11870,3279,11860,6824,11855,7082
2020-06-08 09:46:33.970000,11919.38,11870,3279,11875,7678,11860,6824,11855,7082
2020-06-08 09:46:34.640000,11919.38,11870,4379,11875,4345,11865,3590,11860,7324
2020-06-08 09:46:35.670000,11920.8,11870,4379,11875,4345,11865,3590,11860,7324
2020-06-08 09:46:36.010000,11920.8,11870,4379,11875,4345,11860,7324,11855,7082
2020-06-08 09:46:36.630000,11920.8,11870,4379,11875,4345,11860,7324,11855,7082
2020-06-08 09:46:39.510000,11920.8,11870,4379,11875,4345,11865,3590,11860,7324
2020-06-08 09:46:40.270000,11920.8,11870,4379,11875,4345,11860,7324,11855,7082
2020-06-08 09:46:43.940000,11920.8,11870,4379,11875,4345,11860,7324,11855,7082
2020-06-08 09:46:46.820000,11927.44,11870,4379,11875,4345,11860,10228,11855,7082
2020-06-08 09:46:47.600000,11927.44,11870,4379,11875,4345,11865,3590,11860,10228
2020-06-08 09:46:48.830000,11927.44,11870,3279,11875,4345,11865,3590,11860,10228
2020-06-08 09:46:50.730000,11927.44,11870,3379,11875,4345,11865,3590,11860,10228
2020-06-08 09:46:51.360000,11927.44,11870,3639,11875,4345,11865,3590,11860,10228
2020-06-08 09:46:52.400000,11927.44,11870,4739,11875,4345,11865,3590,11860,7324
2020-06-08 09:46:52.670000,11927.44,11870,3639,11875,4345,11865,3590,11860,10228
2020-06-08 09:46:53.760000,11927.44,11870,4739,11875,4345,11860,7324,11855,7082
2020-06-08 09:46:59.750000,11930.32,11870,360,11875,4345,11865,4090,11860,10228
2020-06-08 09:47:00.170000,11930.32,11870,4739,11875,4345,11865,3590,11860,7324
2020-06-08 09:47:00.760000,11930.32,11870,4739,11875,4345,11860,7324,11855,7082
2020-06-08 09:47:01.230000,11930.32,11870,4739,11875,4345,11860,7296,11855,7082
2020-06-08 09:47:02.360000,11930.32,11870,4739,11875,4345,11865,3590,11860,7296
2020-06-08 09:47:03.460000,11930.32,11870,4739,11875,4345,11865,3590,11860,7296
2020-06-08 09:47:04.520000,11930.32,11870,4739,11875,4345,11865,3590,11860,10200
2020-06-08 09:47:04.730000,11930.32,11870,4739,11875,4345,11860,10200,11855,7082
2020-06-08 09:47:05.600000,11928.84,11870,4739,11875,4345,11860,7296,11855,7082
2020-06-08 09:47:07.390000,11928.84,11865,3590,11870,4739,11860,7296,11855,7082
2020-06-08 09:47:08.250000,11928.84,11865,4190,11870,4739,11860,7596,11855,7082
2020-06-08 09:47:08.710000,11928.84,11865,4690,11870,4739,11860,6779,11855,7082
2020-06-08 09:47:09.800000,11928.84,11865,4690,11870,4739,11860,3348,11855,7082
2020-06-08 09:47:09.940000,11928.84,11860,1200,11865,4690,11855,3749,11850,6253
2020-06-08 09:47:10.840000,11928.84,11860,4789,11865,4690,11855,3749,11850,6253
2020-06-08 09:47:11.890000,11928.84,11860,4789,11865,4690,11855,800,11850,6253
2020-06-08 09:47:14.420000,11928.84,11860,4789,11865,4690,11855,300,11850,6253
2020-06-08 09:47:15.070000,11927.88,11860,4789,11865,4690,11850,6253,11845,7347
2020-06-08 09:47:16.390000,11927.88,11860,4789,11865,4690,11855,2949,11850,6253
2020-06-08 09:47:16.970000,11927.88,11860,1200,11865,4690,11855,2949,11850,6253
