time,nav,sell1,sell1_cnt,sell2,sell2_cnt,buy1,buy1_cnt,buy2,buy2_cnt
2020-06-04 09:26:16.360000,0.0,11615,145,11620,3720,11610,3610,11605,7472
2020-06-04 09:26:17.550000,0.0,11620,3720,11625,4148,11610,4110,11605,4139
2020-06-04 09:26:18.040000,0.0,11620,3720,11625,4148,11610,3610,11605,4139
2020-06-04 09:26:19.770000,0.0,11620,3720,11625,4148,11610,3610,11605,4139
2020-06-04 09:26:22.470000,0.0,11620,3720,11625,4148,11610,3610,11605,4139
2020-06-04 09:26:23.210000,0.0,11620,3720,11625,4148,11615,3640,11610,4110
2020-06-04 09:26:24.020000,11684.71,11620,3720,11625,4148,11615,3640,11610,4110
2020-06-04 09:26:25.080000,11684.71,11620,3720,11625,4148,11615,3640,11610,4110
2020-06-04 09:26:25.690000,11684.71,11625,4148,11630,3704,11615,3640,11610,4110
2020-06-04 09:26:26.570000,11684.71,11625,4148,11630,3704,11620,3720,11615,4140
2020-06-04 09:26:27.520000,11684.71,11630,3704,11635,4100,11620,3720,11615,4140
2020-06-04 09:26:29.550000,11684.71,11630,3704,11635,4100,11620,3720,11615,7473
2020-06-04 09:26:30.460000,11684.71,11630,3704,11635,4100,11625,3713,11620,4220
2020-06-04 09:26:31.540000,11684.71,11630,80,11635,4100,11625,3713,11620,4220
2020-06-04 09:26:32.500000,11684.71,11635,4100,11640,3725,11630,3559,11625,3713
2020-06-04 09:26:33.440000,11684.71,11630,1995,11635,4100,11625,3713,11620,4220
2020-06-04 09:26:34.470000,11687.77,11630,3704,11635,4100,11625,3713,11620,3720
2020-06-04 09:26:35.380000,11687.77,11630,3704,11635,4100,11625,3713,11620,3720
2020-06-04 09:26:36.410000,11687.77,11630,3704,11635,4100,11620,3720,11615,4140
2020-06-04 09:26:37.220000,11687.77,11630,3704,11635,4100,11620,3720,11615,4140
2020-06-04 09:26:38.570000,11687.77,11625,3548,11630,3704,11620,3720,11615,4140
2020-06-04 09:26:39.250000,11687.77,11625,3548,11630,3704,11620,3720,11615,4140
2020-06-04 09:26:40.440000,11687.77,11630,3704,11635,4100,11620,3720,11615,4140
2020-06-04 09:26:40.860000,11687.77,11630,3704,11635,4100,11620,3720,11615,4140
2020-06-04 09:26:41.790000,11687.77,11630,3704,11635,4100,11620,3720,11615,4140
2020-06-04 09:26:42.710000,11687.77,11630,3704,11635,3800,11620,3720,11615,4140
2020-06-04 09:26:43.820000,11687.77,11625,3548,11630,3689,11620,3720,11615,4140
2020-06-04 09:26:44.470000,11688.5,11625,3548,11630,3689,11620,3720,11615,3640
2020-06-04 09:26:45.270000,11688.5,11630,3689,11635,3800,11625,3548,11620,3720
2020-06-04 09:26:46.350000,11688.5,11630,600,11635,3800,11625,7261,11620,4220
2020-06-04 09:26:47.540000,11688.5,11630,600,11635,3800,11625,7261,11620,4220
2020-06-04 09:26:48.680000,11688.5,11630,4289,11635,3800,11620,3720,11615,4140
2020-06-04 09:26:49.680000,11688.5,11630,4289,11635,3800,11620,3720,11615,4140
2020-06-04 09:26:50.690000,11688.5,11630,4289,11635,3800,11620,3720,11615,7473
2020-06-04 09:26:51.690000,11688.5,11630,4289,11635,3800,11625,3713,11620,4220
2020-06-04 09:26:52.830000,11688.5,11630,600,11635,3800,11625,3713,11620,4220
2020-06-04 09:26:53.580000,11692.61,11630,600,11635,3800,11625,3713,11620,4220
2020-06-04 09:26:54.490000,11692.61,11635,3800,11640,3725,11630,3559,11625,4213
2020-06-04 09:26:55.720000,11692.61,11635,3800,11640,3725,11630,3559,11625,4213
2020-06-04 09:26:56.400000,11692.61,11635,80,11640,3725,11630,3559,11625,4213
2020-06-04 09:26:57.330000,11692.61,11635,80,11640,3725,11630,3559,11625,4213
2020-06-04 09:26:58.410000,11692.61,11635,3800,11640,3725,11630,3559,11625,4213
2020-06-04 09:27:00.150000,11692.61,11635,3800,11640,3725,11625,4213,11620,7553
2020-06-04 09:27:01.210000,11692.61,11635,3800,11640,3725,11625,3713,11620,7553
2020-06-04 09:27:01.660000,11692.61,11635,3800,11640,3725,11625,3713,11620,4220
2020-06-04 09:27:02.270000,11692.61,11630,3689,11635,3800,11625,3713,11620,4220
2020-06-04 09:27:03.270000,11692.61,11630,3689,11635,3800,11625,3713,11620,4220
2020-06-04 09:27:04.130000,11693.29,11630,3689,11635,3800,11625,3713,11620,4220
2020-06-04 09:27:04.940000,11693.29,11635,3800,11640,3725,11625,3713,11620,4220
2020-06-04 09:27:05.770000,11693.29,11630,3689,11635,3880,11625,3713,11620,4220
2020-06-04 09:27:07.630000,11693.29,11630,3689,11635,3880,11620,4220,11615,7773
2020-06-04 09:27:08.710000,11693.29,11630,3689,11635,3880,11620,3720,11615,7773
2020-06-04 09:27:09.770000,11693.29,11625,3548,11630,3689,11620,3720,11615,4440
2020-06-04 09:27:10.870000,11693.29,11625,3548,11630,3689,11620,3720,11615,4440
2020-06-04 09:27:11.790000,11693.29,11630,3689,11635,3880,11625,16,11620,3720
2020-06-04 09:27:12.770000,11693.29,11625,3548,11630,3689,11620,3720,11615,4440
2020-06-04 09:27:14.540000,11694.08,11630,3689,11635,3880,11620,3720,11615,4440
2020-06-04 09:27:15.400000,11694.08,11630,3689,11635,3880,11620,3720,11615,4440
2020-06-04 09:27:16.360000,11694.08,11625,3548,11630,3689,11620,3720,11615,4440
2020-06-04 09:27:17.210000,11694.08,11630,3689,11635,3880,11620,3720,11615,4440
2020-06-04 09:27:19.440000,11694.08,11630,3689,11635,3880,11620,3720,11615,7773
2020-06-04 09:27:19.940000,11694.08,11630,3689,11635,3880,11625,3713,11620,3720
2020-06-04 09:27:21.710000,11694.08,11630,3689,11635,3880,11625,3713,11620,4220
2020-06-04 09:27:22.380000,11694.08,11630,3689,11635,3880,11625,3713,11620,4220
2020-06-04 09:27:23.180000,11694.08,11630,3689,11635,3880,11625,3713,11620,3720
2020-06-04 09:27:24.180000,11696.65,11630,3689,11635,3880,11620,3720,11615,4440
2020-06-04 09:27:25.110000,11696.65,11630,3689,11635,3880,11620,3720,11615,7773
2020-06-04 09:27:25.860000,11696.65,11630,3689,11635,3880,11620,4220,11615,7773
2020-06-04 09:27:26.690000,11696.65,11630,3689,11635,3880,11625,3713,11620,4220
2020-06-04 09:27:28.430000,11696.65,11635,3880,11640,7058,11625,3713,11620,4220
2020-06-04 09:27:30.000000,11696.65,11635,3880,11640,7058,11625,3713,11620,4220
2020-06-04 09:27:30.940000,11696.65,11630,3689,11635,3880,11625,3713,11620,4220
2020-06-04 09:27:32.020000,11696.65,11630,3689,11635,3880,11620,4220,11615,7773
2020-06-04 09:27:33.050000,11696.65,11630,3689,11635,3880,11625,3713,11620,4220
2020-06-04 09:27:33.800000,11695.8,11635,3880,11640,3725,11625,3713,11620,4220
2020-06-04 09:27:34.710000,11695.8,11635,3880,11640,3725,11625,3713,11620,7553
2020-06-04 09:27:35.570000,11695.8,11635,3880,11640,3725,11630,3559,11625,4213
2020-06-04 09:27:36.660000,11695.8,11635,3880,11640,3725,11630,3559,11625,4213
2020-06-04 09:27:38.500000,11695.8,11635,3880,11640,3725,11630,3559,11625,3713
2020-06-04 09:27:39.470000,11695.8,11635,160,11640,3725,11630,3559,11625,4213
2020-06-04 09:27:41.350000,11695.8,11640,3725,11645,3720,11635,3530,11630,4059
2020-06-04 09:27:42.200000,11695.8,11645,3720,11650,3558,11640,3650,11635,4025
2020-06-04 09:27:43.090000,11695.8,11645,3720,11650,3558,11640,10,11635,3525
2020-06-04 09:27:43.970000,11701.62,11645,3720,11650,3558,11640,10,11635,3525
2020-06-04 09:27:44.880000,11701.62,11645,3720,11650,3558,11635,3525,11630,4059
2020-06-04 09:27:46.690000,11701.62,11640,3720,11645,3720,11635,3525,11630,4059
2020-06-04 09:27:47.500000,11701.62,11640,3720,11645,3720,11630,4059,11625,7546
2020-06-04 09:27:48.300000,11701.62,11635,3720,11640,3720,11630,3559,11625,4213
2020-06-04 09:27:49.090000,11701.62,11630,2134,11635,3720,11625,3713,11620,4220
2020-06-04 09:27:49.980000,11701.62,11630,5,11635,3720,11625,3713,11620,4220
2020-06-04 09:27:50.870000,11701.62,11635,3720,11640,3720,11625,4213,11620,7553
2020-06-04 09:27:51.870000,11701.62,11635,3720,11640,3720,11630,3559,11625,4213
2020-06-04 09:27:52.840000,11701.62,11635,3720,11640,3720,11630,3559,11625,4213
2020-06-04 09:27:53.700000,11702.14,11635,3720,11640,3720,11630,3559,11625,4213
2020-06-04 09:27:54.540000,11702.14,11635,3720,11640,3720,11630,3559,11625,4213
2020-06-04 09:27:56.360000,11702.14,11640,3720,11645,3720,11630,3230,11625,4213
2020-06-04 09:27:57.170000,11702.14,11640,3720,11645,3720,11630,3230,11625,4213
2020-06-04 09:27:57.930000,11702.14,11640,3720,11645,3720,11630,3230,11625,7546
2020-06-04 09:27:58.890000,11702.14,11640,3720,11645,3720,11630,3230,11625,4213
2020-06-04 09:28:00.560000,11702.14,11640,3720,11645,3720,11630,3230,11625,7546
2020-06-04 09:28:01.570000,11702.14,11640,3720,11645,3720,11635,3525,11630,3230
2020-06-04 09:28:02.480000,11702.14,11640,3720,11645,3720,11635,3525,11630,3230
2020-06-04 09:28:03.200000,11702.14,11635,2134,11640,3720,11630,3230,11625,4213
2020-06-04 09:28:04.070000,11702.14,11635,3720,11640,3720,11630,3230,11625,4213
2020-06-04 09:28:04.940000,11705.4,11635,3720,11640,3720,11625,3713,11620,7553
2020-06-04 09:28:05.770000,11705.4,11635,3720,11640,3720,11630,3230,11625,4213
2020-06-04 09:28:06.660000,11705.4,11640,3720,11645,3720,11630,3230,11625,4213
2020-06-04 09:28:07.690000,11705.4,11640,3720,11645,3720,11630,3230,11625,4213
2020-06-04 09:28:08.800000,11705.4,11635,3720,11640,3720,11630,3230,11625,3713
2020-06-04 09:28:09.880000,11705.4,11635,3720,11640,3720,11630,3230,11625,4213
2020-06-04 09:28:10.800000,11705.4,11635,3720,11640,3720,11630,3230,11625,4213
2020-06-04 09:28:11.800000,11705.4,11635,3705,11640,3720,11625,3713,11620,7553
2020-06-04 09:28:12.770000,11705.4,11635,3705,11640,3720,11625,3713,11620,4220
2020-06-04 09:28:14.360000,11702.05,11630,1,11635,3705,11625,3713,11620,4220
2020-06-04 09:28:16.180000,11702.05,11630,81,11635,3705,11625,3713,11620,4220
2020-06-04 09:28:16.960000,11702.05,11630,3770,11635,3705,11625,3713,11620,4220
2020-06-04 09:28:18.680000,11702.05,11630,81,11635,3705,11625,3713,11620,4220
2020-06-04 09:28:20.360000,11702.05,11630,81,11635,3705,11625,3713,11620,7553
2020-06-04 09:28:21.180000,11702.05,11635,3705,11640,3720,11625,3713,11620,7553
2020-06-04 09:28:23.680000,11702.81,11635,3705,11640,3720,11625,3713,11620,4220
2020-06-04 09:28:24.470000,11702.81,11635,3705,11640,3720,11625,3713,11620,7553
2020-06-04 09:28:26.180000,11702.81,11635,3705,11640,3720,11630,3230,11625,4213
2020-06-04 09:28:27.070000,11702.81,11640,3720,11645,7053,11630,3230,11625,4213
2020-06-04 09:28:27.970000,11702.81,11635,3705,11640,3720,11625,3713,11620,4220
2020-06-04 09:28:29.630000,11702.81,11635,3705,11640,3720,11625,4213,11620,7553
2020-06-04 09:28:30.970000,11702.81,11640,3720,11645,3720,11630,3230,11625,4213
2020-06-04 09:28:32.360000,11702.81,11640,3720,11645,3720,11630,3230,11625,4213
2020-06-04 09:28:33.470000,11702.81,11635,3705,11640,3770,11625,4213,11620,7553
2020-06-04 09:28:34.550000,11703.46,11635,3705,11640,3770,11625,4213,11620,7553
2020-06-04 09:28:34.990000,11703.46,11635,3705,11640,3770,11625,3713,11620,4220
2020-06-04 09:28:35.860000,11703.46,11630,3689,11635,3705,11625,3713,11620,4220
2020-06-04 09:28:36.600000,11703.46,11630,3689,11635,3705,11625,3713,11620,7553
2020-06-04 09:28:37.460000,11703.46,11630,3689,11635,3705,11625,3713,11620,4220
2020-06-04 09:28:38.250000,11703.46,11630,3689,11635,3705,11625,3713,11620,4220
2020-06-04 09:28:39.550000,11703.46,11635,3705,11640,3770,11625,3713,11620,7553
2020-06-04 09:28:40.070000,11703.46,11635,3705,11640,3770,11625,3713,11620,4220
2020-06-04 09:28:40.900000,11703.46,11630,3689,11635,3689,11625,3713,11620,4220
2020-06-04 09:28:42.540000,11703.46,11630,3689,11635,3689,11625,3713,11620,4220
2020-06-04 09:28:44.680000,11707.2,11630,3689,11635,3689,11620,4220,11615,7773
2020-06-04 09:28:45.490000,11707.2,11630,3689,11635,3689,11620,3720,11615,4440
2020-06-04 09:28:46.210000,11707.2,11630,3689,11635,3689,11620,3720,11615,4440
2020-06-04 09:28:47.050000,11707.2,11630,3689,11635,3689,11620,3720,11615,4440
2020-06-04 09:28:47.860000,11707.2,11630,3689,11635,3689,11620,3720,11615,4440
2020-06-04 09:28:49.570000,11707.2,11630,3639,11635,3689,11620,3720,11615,4440
2020-06-04 09:28:50.500000,11707.2,11630,3639,11635,3689,11625,3713,11620,3720
2020-06-04 09:28:51.470000,11707.2,11630,3719,11635,3689,11625,3713,11620,4220
2020-06-04 09:28:52.460000,11707.2,11630,80,11635,3689,11625,3713,11620,4220
2020-06-04 09:28:53.360000,11707.2,11630,3719,11635,3689,11625,3713,11620,4220
2020-06-04 09:28:55.140000,11708.73,11630,3719,11635,3689,11625,3713,11620,4220
2020-06-04 09:28:55.970000,11708.73,11630,3719,11635,3689,11625,3713,11620,4220
2020-06-04 09:28:56.740000,11708.73,11630,3719,11635,3689,11625,3713,11620,4220
2020-06-04 09:28:59.000000,11708.73,11630,3719,11635,3689,11625,3713,11620,3720
2020-06-04 09:28:59.860000,11708.73,11630,3719,11635,3689,11620,3720,11615,4440
2020-06-04 09:29:00.880000,11708.73,11630,3719,11635,3689,11625,3713,11620,4220
2020-06-04 09:29:05.870000,11709.95,11630,80,11635,3689,11625,3713,11620,4220
2020-06-04 09:29:06.670000,11709.95,11635,3689,11640,3770,11630,3230,11625,3713
2020-06-04 09:29:07.470000,11709.95,11635,3689,11640,3770,11630,3230,11625,4213
2020-06-04 09:29:08.260000,11709.95,11640,3770,11645,7053,11630,3230,11625,4213
2020-06-04 09:29:09.170000,11709.95,11640,3770,11645,7053,11630,3230,11625,4213
2020-06-04 09:29:09.970000,11709.95,11640,3770,11645,3720,11630,3230,11625,4213
2020-06-04 09:29:10.900000,11709.95,11640,3755,11645,3720,11630,3230,11625,4213
2020-06-04 09:29:11.900000,11709.95,11640,3755,11645,3720,11635,3525,11630,3730
2020-06-04 09:29:12.700000,11709.95,11640,3755,11645,3720,11635,3525,11630,3730
2020-06-04 09:29:15.030000,11707.72,11640,50,11645,3720,11635,3525,11630,3730
2020-06-04 09:29:15.870000,11707.72,11640,3755,11645,3720,11635,3525,11630,3730
2020-06-04 09:29:16.760000,11707.72,11640,50,11645,3720,11635,3525,11630,3730
2020-06-04 09:29:18.180000,11707.72,11640,3755,11645,3720,11635,3525,11630,3730
2020-06-04 09:29:18.930000,11707.72,11640,3755,11645,3720,11635,3525,11630,3230
2020-06-04 09:29:19.760000,11707.72,11640,3755,11645,3720,11630,3230,11625,4213
2020-06-04 09:29:22.100000,11707.72,11640,3755,11645,3720,11630,3230,11625,4213
2020-06-04 09:29:22.870000,11707.72,11640,3755,11645,3720,11635,3525,11630,3730
2020-06-04 09:29:25.740000,11711.05,11640,3835,11645,3720,11635,3525,11630,3730
2020-06-04 09:29:26.570000,11711.05,11635,2295,11640,3835,11630,3230,11625,4213
2020-06-04 09:29:27.380000,11711.05,11635,3689,11640,3835,11630,3230,11625,4213
2020-06-04 09:29:28.160000,11711.05,11640,3835,11645,3720,11630,3230,11625,4213
2020-06-04 09:29:28.980000,11711.05,11640,3835,11645,3720,11630,3230,11625,4213
2020-06-04 09:29:33.740000,11714.16,11640,3835,11645,3720,11630,3230,11625,7546
2020-06-04 09:29:35.190000,11714.16,11640,3835,11645,3720,11630,3230,11625,4213
2020-06-04 09:29:36.940000,11714.16,11640,3835,11645,3720,11630,3230,11625,4213
2020-06-04 09:29:37.800000,11714.16,11640,130,11645,3720,11635,3525,11630,3730
2020-06-04 09:29:38.660000,11714.16,11640,130,11645,3720,11635,3525,11630,3730
2020-06-04 09:29:39.440000,11714.16,11645,3720,11650,3563,11640,3640,11635,4025
2020-06-04 09:29:40.330000,11714.16,11650,3563,11655,3639,11640,3640,11635,4025
2020-06-04 09:29:41.180000,11714.16,11650,3548,11655,3639,11645,3720,11640,3640
2020-06-04 09:29:41.940000,11714.16,11650,3548,11655,3639,11645,3720,11640,3640
2020-06-04 09:29:42.800000,11714.16,11650,3548,11655,3639,11640,3640,11635,4025
2020-06-04 09:29:43.680000,11717.22,11645,3720,11650,3548,11640,3640,11635,3525
2020-06-04 09:29:44.500000,11717.22,11645,3720,11650,3548,11635,3525,11630,7063
2020-06-04 09:29:45.300000,11717.22,11645,3720,11650,3548,11635,3525,11630,7063
2020-06-04 09:29:46.240000,11717.22,11645,3720,11650,3548,11640,3640,11635,4025
2020-06-04 09:29:49.970000,11717.22,11645,3720,11650,3548,11635,4025,11630,3730
2020-06-04 09:29:50.880000,11717.22,11645,3720,11650,3548,11635,3525,11630,7063
2020-06-04 09:29:51.840000,11717.22,11645,3720,11650,3548,11635,4025,11630,7063
2020-06-04 09:29:53.560000,11715.4,11645,3720,11650,3549,11635,4025,11630,7063
2020-06-04 09:29:54.360000,11715.4,11645,3720,11650,3549,11635,3525,11630,3730
2020-06-04 09:29:55.910000,11715.4,11640,3705,11645,3720,11635,3525,11630,3730
2020-06-04 09:29:57.410000,11715.4,11645,3720,11650,3550,11635,3525,11630,3730
2020-06-04 09:29:59.080000,11715.4,11645,3720,11650,3550,11635,3525,11630,3730
2020-06-04 09:30:00.000000,11715.4,11645,3720,11650,3550,11635,3525,11630,7063
2020-06-04 09:30:01.000000,11715.4,11645,3800,11650,3550,11640,3640,11635,4025
2020-06-04 09:30:02.000000,11715.4,11645,3800,11650,3550,11640,3640,11635,4025
2020-06-04 09:30:02.970000,11715.4,11645,3800,11650,3550,11640,3640,11635,4025
2020-06-04 09:30:03.970000,11716.22,11645,3800,11650,3550,11635,4025,11630,7063
2020-06-04 09:30:04.840000,11716.22,11645,3800,11650,3550,11635,3525,11630,7063
2020-06-04 09:30:05.870000,11716.22,11645,3800,11650,3550,11635,4025,11630,7063
2020-06-04 09:30:06.870000,11716.22,11645,3800,11650,3550,11640,3640,11635,4025
2020-06-04 09:30:07.730000,11716.22,11645,3800,11650,3550,11640,3640,11635,4025
2020-06-04 09:30:08.570000,11716.22,11645,3800,11650,3550,11640,3640,11635,4025
2020-06-04 09:30:10.170000,11716.22,11645,3784,11650,3550,11640,3640,11635,4025
2020-06-04 09:30:11.870000,11716.22,11645,3784,11650,3550,11635,4025,11630,7063
2020-06-04 09:30:12.740000,11716.22,11645,3784,11650,3550,11640,3640,11635,4025
2020-06-04 09:30:13.520000,11716.22,11645,3784,11650,3550,11640,3640,11635,4025
2020-06-04 09:30:14.400000,11717.45,11645,80,11650,3550,11640,3640,11635,4025
2020-06-04 09:30:15.310000,11717.45,11650,3550,11655,3639,11645,3720,11640,3640
2020-06-04 09:30:16.370000,11717.45,11650,3550,11655,3639,11645,3720,11640,4140
2020-06-04 09:30:17.240000,11717.45,11650,7,11655,3639,11645,3720,11640,4140
2020-06-04 09:30:18.160000,11717.45,11650,3550,11655,3639,11645,3720,11640,4140
2020-06-04 09:30:19.070000,11717.45,11650,3550,11655,3639,11645,3720,11640,4140
2020-06-04 09:30:19.960000,11717.45,11650,3550,11655,3639,11645,3720,11640,3640
2020-06-04 09:30:20.980000,11717.45,11650,7,11655,3639,11645,3720,11640,4140
2020-06-04 09:30:24.570000,11720.16,11650,7,11655,3639,11645,3720,11640,4140
2020-06-04 09:30:25.460000,11720.16,11650,3550,11655,3639,11645,3720,11640,4140
2020-06-04 09:30:26.300000,11720.16,11650,3550,11655,3639,11645,80,11640,3640
2020-06-04 09:30:27.160000,11720.16,11650,3550,11655,3639,11645,3720,11640,4140
2020-06-04 09:30:28.070000,11720.16,11650,3550,11655,3639,11645,3720,11640,4140
2020-06-04 09:30:28.970000,11720.16,11650,7,11655,3639,11645,3720,11640,4140
2020-06-04 09:30:31.660000,11720.16,11650,7,11655,3639,11645,3720,11640,4140
2020-06-04 09:30:32.670000,11720.16,11650,3550,11655,3639,11645,3720,11640,4140
2020-06-04 09:30:34.670000,11719.71,11650,3550,11655,3639,11645,3720,11640,4140
2020-06-04 09:30:35.440000,11719.71,11650,3630,11655,3639,11645,3720,11640,4140
2020-06-04 09:30:36.270000,11719.71,11650,3630,11655,3639,11645,80,11640,3640
2020-06-04 09:30:37.080000,11719.71,11645,3704,11650,3630,11640,3640,11635,4025
2020-06-04 09:30:38.770000,11719.71,11650,3630,11655,3639,11645,182,11640,3640
2020-06-04 09:30:39.560000,11719.71,11650,3630,11655,3639,11645,182,11640,3640
2020-06-04 09:30:40.340000,11719.71,11650,3615,11655,3639,11645,182,11640,3640
2020-06-04 09:30:41.130000,11719.71,11650,3615,11655,3639,11645,182,11640,3640
2020-06-04 09:30:42.730000,11719.71,11650,3615,11655,3639,11645,182,11640,3640
2020-06-04 09:30:44.300000,11719.71,11650,3615,11655,3639,11645,3822,11640,4140
2020-06-04 09:30:45.060000,11720.1,11650,3615,11655,3639,11645,3822,11640,4140
2020-06-04 09:30:46.670000,11720.1,11650,3615,11655,3639,11645,3822,11640,4140
2020-06-04 09:30:47.470000,11720.1,11650,3615,11655,3639,11645,182,11640,4140
2020-06-04 09:30:48.970000,11720.1,11650,3615,11655,3639,11645,3822,11640,4140
2020-06-04 09:30:50.670000,11720.1,11650,3615,11655,3639,11640,3640,11635,4025
2020-06-04 09:30:51.580000,11720.1,11645,3704,11650,3615,11640,3640,11635,3525
2020-06-04 09:30:52.400000,11720.1,11645,3704,11650,3615,11640,3640,11635,4025
2020-06-04 09:30:53.200000,11720.1,11645,3704,11650,3615,11635,3525,11630,3730
2020-06-04 09:30:54.790000,11721.17,11645,3704,11650,3615,11635,3525,11630,3730
2020-06-04 09:30:57.450000,11721.17,11645,3704,11650,3615,11635,4025,11630,7063
2020-06-04 09:30:58.260000,11721.17,11645,3704,11650,3615,11635,4025,11630,7063
2020-06-04 09:30:59.100000,11721.17,11645,3704,11650,3615,11640,3640,11635,4025
2020-06-04 09:31:00.040000,11721.17,11650,3615,11655,3639,11645,3640,11640,4140
2020-06-04 09:31:00.960000,11721.17,11650,3615,11655,3639,11640,3640,11635,7358
2020-06-04 09:31:01.980000,11721.17,11650,3615,11655,3639,11640,3640,11635,4025
2020-06-04 09:31:02.840000,11721.17,11650,3615,11655,3639,11640,3640,11635,4025
2020-06-04 09:31:03.770000,11721.98,11650,3615,11655,6972,11640,3640,11635,4025
2020-06-04 09:31:04.600000,11721.98,11645,3704,11650,3615,11640,3640,11635,4025
2020-06-04 09:31:05.430000,11721.98,11650,3615,11655,3639,11640,3640,11635,4025
2020-06-04 09:31:06.270000,11721.98,11645,3704,11650,3615,11640,3640,11635,4025
2020-06-04 09:31:07.100000,11721.98,11645,3704,11650,3615,11640,3640,11635,4025
2020-06-04 09:31:07.880000,11721.98,11645,3704,11650,3615,11640,3640,11635,4025
2020-06-04 09:31:08.740000,11721.98,11645,3689,11650,3615,11640,3640,11635,4025
2020-06-04 09:31:09.570000,11721.98,11645,3689,11650,3615,11640,3640,11635,4025
2020-06-04 09:31:11.180000,11721.98,11645,3769,11650,3615,11640,3640,11635,4025
2020-06-04 09:31:13.160000,11721.98,11645,3769,11650,3615,11640,3640,11635,4025
2020-06-04 09:31:14.010000,11720.59,11645,3769,11650,3615,11640,3640,11635,4025
2020-06-04 09:31:14.860000,11720.59,11645,3769,11650,3615,11640,3640,11635,4025
2020-06-04 09:31:15.570000,11720.59,11645,80,11650,3615,11640,3640,11635,4025
2020-06-04 09:31:16.440000,11720.59,11645,80,11650,3615,11640,3640,11635,4025
2020-06-04 09:31:17.300000,11720.59,11645,80,11650,3615,11640,3640,11635,4025
2020-06-04 09:31:19.800000,11720.59,11650,80,11655,3639,11645,3560,11640,7473
2020-06-04 09:31:20.770000,11720.59,11655,3639,11660,3694,11650,3633,11645,4060
2020-06-04 09:31:21.770000,11720.59,11660,3694,11665,7038,11650,3633,11645,4060
2020-06-04 09:31:22.710000,11720.59,11660,3694,11665,3705,11650,3633,11645,4060
2020-06-04 09:31:23.560000,11720.59,11660,3694,11665,3705,11650,3633,11645,4060
2020-06-04 09:31:26.030000,11723.03,11660,3694,11665,3705,11650,3633,11645,4060
2020-06-04 09:31:26.890000,11723.03,11655,3639,11660,3694,11650,3633,11645,4060
2020-06-04 09:31:27.800000,11723.03,11660,3694,11665,3705,11650,3633,11645,4060
2020-06-04 09:31:29.500000,11723.03,11660,3694,11665,3705,11650,3633,11645,4060
2020-06-04 09:31:31.370000,11723.03,11660,3694,11665,3705,11650,3633,11645,4060
2020-06-04 09:31:34.030000,11724.81,11660,3694,11665,3705,11650,3633,11645,4060
2020-06-04 09:31:36.480000,11724.81,11660,3694,11665,3705,11650,3633,11645,4060
2020-06-04 09:31:37.260000,11724.81,11660,3694,11665,3705,11650,3633,11645,7393
2020-06-04 09:31:38.080000,11724.81,11660,5,11665,3705,11655,3230,11650,4133
2020-06-04 09:31:39.030000,11724.81,11665,3705,11670,7022,11655,3230,11650,4133
2020-06-04 09:31:39.870000,11724.81,11665,3705,11670,3689,11655,3230,11650,4133
2020-06-04 09:31:41.730000,11724.81,11660,3689,11665,3705,11655,3230,11650,4133
2020-06-04 09:31:43.460000,11727.16,11655,2232,11660,3689,11650,3633,11645,4060
2020-06-04 09:31:44.340000,11727.16,11655,3639,11660,3689,11645,3560,11640,4140
2020-06-04 09:31:46.140000,11727.16,11655,3719,11660,3689,11645,3560,11640,4140
2020-06-04 09:31:46.960000,11727.16,11650,3535,11655,3719,11645,3560,11640,3640
2020-06-04 09:31:47.670000,11727.16,11655,3719,11660,3689,11645,3560,11640,4140
2020-06-04 09:31:48.400000,11727.16,11655,3719,11660,3689,11645,3560,11640,4140
2020-06-04 09:31:49.260000,11727.16,11650,3535,11655,3719,11645,3560,11640,4140
2020-06-04 09:31:53.400000,11727.16,11650,3535,11655,3719,11640,4140,11635,7358
2020-06-04 09:31:54.270000,11729.51,11650,3535,11655,3719,11640,3640,11635,7358
2020-06-04 09:31:54.990000,11729.51,11650,3535,11655,3719,11640,4140,11635,7358
2020-06-04 09:31:57.190000,11729.51,11650,3535,11655,3719,11640,3640,11635,4025
2020-06-04 09:31:58.770000,11729.51,11650,3535,11655,3719,11640,4140,11635,7358
2020-06-04 09:31:59.490000,11729.51,11650,3535,11655,3719,11645,3560,11640,4140
2020-06-04 09:32:00.370000,11729.51,11650,3535,11655,3719,11645,3560,11640,4140
2020-06-04 09:32:01.300000,11729.51,11650,3535,11655,3719,11640,4140,11635,7358
2020-06-04 09:32:03.970000,11729.27,11645,3689,11650,3535,11640,3640,11635,4025
2020-06-04 09:32:04.970000,11729.27,11645,3689,11650,3535,11635,4025,11630,7063
2020-06-04 09:32:05.970000,11729.27,11645,3689,11650,3535,11635,4025,11630,7063
2020-06-04 09:32:06.970000,11729.27,11645,3689,11650,3535,11635,4025,11630,7063
2020-06-04 09:32:07.830000,11729.27,11645,3689,11650,3535,11635,4025,11630,7063
2020-06-04 09:32:08.770000,11729.27,11645,3674,11650,3535,11635,4025,11630,7063
2020-06-04 09:32:09.750000,11729.27,11645,3674,11650,3535,11635,4025,11630,7063
2020-06-04 09:32:10.770000,11729.27,11645,3674,11650,3535,11640,3640,11635,4025
2020-06-04 09:32:12.710000,11729.27,11645,3674,11650,3535,11635,4025,11630,7063
2020-06-04 09:32:14.560000,11727.79,11645,3674,11650,3535,11635,3525,11630,7063
2020-06-04 09:32:15.360000,11727.79,11645,3674,11650,3535,11635,3526,11630,7063
2020-06-04 09:32:16.200000,11727.79,11650,3535,11655,3719,11640,3640,11635,4026
2020-06-04 09:32:17.000000,11727.79,11650,3535,11655,3719,11640,3640,11635,4026
2020-06-04 09:32:17.770000,11727.79,11650,3535,11655,3719,11640,3640,11635,7359
2020-06-04 09:32:18.560000,11727.79,11650,3535,11655,3719,11645,3560,11640,3640
2020-06-04 09:32:20.200000,11727.79,11650,3535,11655,3719,11640,3640,11635,7359
2020-06-04 09:32:21.000000,11727.79,11650,3615,11655,3719,11640,3640,11635,7359
2020-06-04 09:32:21.870000,11727.79,11650,3615,11655,3719,11640,3640,11635,4026
2020-06-04 09:32:22.780000,11727.79,11645,3674,11650,3615,11640,3640,11635,4026
2020-06-04 09:32:23.700000,11729.36,11650,3615,11655,3719,11640,3640,11635,4026
2020-06-04 09:32:25.230000,11729.36,11650,3615,11655,3719,11640,3640,11635,7359
2020-06-04 09:32:25.970000,11729.36,11650,3615,11655,3719,11640,3640,11635,4026
2020-06-04 09:32:26.780000,11729.36,11650,3615,11655,3719,11645,3560,11640,3640
2020-06-04 09:32:27.670000,11729.36,11650,80,11655,3719,11645,3560,11640,4140
2020-06-04 09:32:28.560000,11729.36,11650,80,11655,3719,11645,3560,11640,4140
2020-06-04 09:32:29.480000,11729.36,11655,3719,11660,3689,11650,3553,11645,4060
2020-06-04 09:32:30.460000,11729.36,11655,80,11660,3689,11650,3553,11645,4060
2020-06-04 09:32:31.370000,11729.36,11655,3719,11660,3689,11645,3560,11640,4140
2020-06-04 09:32:32.200000,11729.36,11655,3719,11660,3689,11645,3560,11640,4140
2020-06-04 09:32:33.070000,11729.36,11650,3535,11655,3719,11645,3560,11640,4140
2020-06-04 09:32:34.070000,11729.36,11655,3719,11660,3689,11645,4060,11640,7473
2020-06-04 09:32:34.990000,11728.37,11655,3719,11660,3689,11645,3560,11640,7473
2020-06-04 09:32:35.790000,11728.37,11655,3719,11660,3689,11650,3553,11645,4060
2020-06-04 09:32:37.370000,11728.37,11655,80,11660,3689,11650,3553,11645,4060
2020-06-04 09:32:38.100000,11728.37,11655,65,11660,3689,11650,3553,11645,4060
2020-06-04 09:32:38.770000,11728.37,11655,3704,11660,3689,11650,3553,11645,4060
2020-06-04 09:32:39.570000,11728.37,11655,3704,11660,3689,11645,4060,11640,7473
2020-06-04 09:32:40.370000,11728.37,11655,3704,11660,3689,11645,3560,11640,7473
2020-06-04 09:32:41.200000,11728.37,11650,3535,11655,3704,11645,3560,11640,4140
2020-06-04 09:32:42.870000,11728.37,11655,3704,11660,3689,11650,3535,11645,4060
2020-06-04 09:32:43.690000,11729.61,11655,3704,11660,3689,11650,7088,11645,4060
2020-06-04 09:32:45.970000,11729.61,11655,3704,11660,3689,11650,7088,11645,3560
2020-06-04 09:32:46.760000,11729.61,11655,3704,11660,3689,11650,3535,11645,3560
2020-06-04 09:32:47.540000,11729.61,11655,3704,11660,3689,11645,3560,11640,4140
2020-06-04 09:32:48.400000,11729.61,11655,5004,11660,3689,11645,4860,11640,4140
2020-06-04 09:32:49.970000,11729.61,11655,5004,11660,3689,11645,4860,11640,4140
2020-06-04 09:32:50.940000,11729.61,11655,5004,11660,3689,11645,4860,11640,4140
2020-06-04 09:32:51.890000,11729.61,11655,5004,11660,7022,11645,3560,11640,4140
2020-06-04 09:32:52.860000,11729.61,11650,3535,11655,5004,11640,4140,11635,4026
2020-06-04 09:32:53.770000,11729.71,11650,4835,11655,5004,11645,3560,11640,5440
2020-06-04 09:32:54.660000,11729.71,11650,3535,11655,5004,11645,2590,11640,5440
2020-06-04 09:32:55.500000,11729.71,11655,5004,11660,3689,11645,2590,11640,5440
2020-06-04 09:32:56.300000,11729.71,11650,3615,11655,5004,11645,1990,11640,5440
2020-06-04 09:32:57.170000,11729.71,11650,80,11655,5004,11645,2590,11640,5440
2020-06-04 09:33:01.470000,11729.71,11650,1380,11655,5004,11645,2590,11640,5440
2020-06-04 09:33:02.300000,11729.71,11650,4915,11655,5004,11645,1290,11640,5440
2020-06-04 09:33:03.170000,11729.71,11650,4915,11655,5004,11640,5440,11635,7359
2020-06-04 09:33:04.160000,11729.71,11650,4915,11655,5004,11645,3720,11640,5440
2020-06-04 09:33:04.980000,11730.18,11650,80,11655,5004,11645,5020,11640,5440
2020-06-04 09:33:05.860000,11730.18,11650,480,11655,5004,11645,5020,11640,5440
2020-06-04 09:33:06.530000,11730.18,11650,1380,11655,5004,11645,3720,11640,5440
2020-06-04 09:33:07.300000,11730.18,11650,4915,11655,5004,11645,3720,11640,5440
2020-06-04 09:33:08.170000,11730.18,11650,4899,11655,5004,11645,5020,11640,5440
2020-06-04 09:33:08.970000,11730.18,11650,64,11655,5004,11645,3720,11640,5440
2020-06-04 09:33:10.370000,11730.18,11650,1364,11655,5004,11645,3720,11640,5440
2020-06-04 09:33:11.280000,11730.18,11650,4899,11655,5004,11645,3720,11640,5440
2020-06-04 09:33:12.790000,11730.18,11650,4899,11655,5004,11645,3720,11640,5440
2020-06-04 09:33:13.590000,11730.18,11650,3699,11655,5004,11645,3720,11640,5440
2020-06-04 09:33:14.500000,11727.76,11650,3599,11655,5004,11645,3720,11640,5440
2020-06-04 09:33:15.340000,11727.76,11650,3999,11655,5004,11645,3720,11640,5440
2020-06-04 09:33:16.110000,11727.76,11650,3999,11655,5004,11640,4940,11635,7359
2020-06-04 09:33:16.870000,11727.76,11650,4899,11655,5004,11640,4940,11635,7359
2020-06-04 09:33:19.180000,11727.76,11650,4899,11655,5004,11640,3640,11635,4026
2020-06-04 09:33:20.070000,11727.76,11650,4899,11655,5004,11640,3640,11635,4026
2020-06-04 09:33:20.960000,11727.76,11645,3674,11650,4899,11640,3640,11635,3526
2020-06-04 09:33:21.870000,11727.76,11645,4974,11650,4899,11635,4026,11630,7063
2020-06-04 09:33:22.570000,11727.76,11645,4974,11650,4899,11635,3526,11630,7063
2020-06-04 09:33:23.460000,11727.76,11645,4974,11650,4899,11635,3526,11630,3730
2020-06-04 09:33:24.170000,11728.4,11640,3705,11645,4974,11635,3526,11630,3730
2020-06-04 09:33:24.870000,11728.4,11645,4974,11650,4899,11635,3526,11630,7063
2020-06-04 09:33:25.570000,11728.4,11645,4974,11650,4899,11640,3640,11635,3526
2020-06-04 09:33:27.130000,11728.4,11645,3674,11650,4899,11640,3640,11635,4026
2020-06-04 09:33:28.810000,11728.4,11645,4974,11650,4899,11640,3640,11635,4026
2020-06-04 09:33:30.340000,11728.4,11645,4974,11650,4899,11635,4026,11630,7063
2020-06-04 09:33:31.160000,11728.4,11645,5054,11650,4899,11635,3526,11630,3730
2020-06-04 09:33:32.070000,11728.4,11640,3705,11645,5054,11635,3526,11630,3730
2020-06-04 09:33:32.960000,11728.4,11640,5005,11645,5054,11635,1,11630,3730
2020-06-04 09:33:33.930000,11728.4,11640,5005,11645,5054,11635,3526,11630,3730
2020-06-04 09:33:34.680000,11727.36,11640,3705,11645,5054,11635,3526,11630,3730
2020-06-04 09:33:35.570000,11727.36,11645,5054,11650,3999,11635,3526,11630,3730
2020-06-04 09:33:36.540000,11727.36,11640,3705,11645,5054,11635,3526,11630,3730
2020-06-04 09:33:37.360000,11727.36,11640,4990,11645,5054,11635,3526,11630,3730
2020-06-04 09:33:38.190000,11727.36,11645,5054,11650,7332,11635,3526,11630,3730
2020-06-04 09:33:39.070000,11727.36,11645,5054,11650,3999,11635,3526,11630,3730
2020-06-04 09:33:39.860000,11727.36,11640,3690,11645,5054,11635,3526,11630,3730
2020-06-04 09:33:40.860000,11727.36,11640,3690,11645,5054,11635,3526,11630,3730
2020-06-04 09:33:41.940000,11727.36,11640,4990,11645,5054,11635,3526,11630,3730
2020-06-04 09:33:42.970000,11727.36,11640,4990,11645,5054,11635,3526,11630,3730
2020-06-04 09:33:43.970000,11726.65,11645,5054,11650,3999,11635,3526,11630,3730
2020-06-04 09:33:44.740000,11726.65,11645,5054,11650,3999,11635,3526,11630,3730
2020-06-04 09:33:46.300000,11726.65,11640,3690,11645,5054,11635,3526,11630,3730
2020-06-04 09:33:47.100000,11726.65,11640,3690,11645,5054,11635,3526,11630,3730
2020-06-04 09:33:49.500000,11726.65,11640,3674,11645,5054,11635,3526,11630,3230
2020-06-04 09:33:50.360000,11726.65,11640,3674,11645,5054,11635,3526,11630,3730
2020-06-04 09:33:51.270000,11726.65,11640,3674,11645,5054,11635,3526,11630,3830
2020-06-04 09:33:51.970000,11726.65,11640,4974,11645,5054,11635,3526,11630,3330
2020-06-04 09:33:52.860000,11726.65,11640,4974,11645,5054,11635,1,11630,3330
2020-06-04 09:33:56.060000,11724.44,11640,4974,11645,5054,11630,3330,11625,4353
2020-06-04 09:33:56.970000,11724.44,11640,4974,11645,5054,11630,3330,11625,7686
2020-06-04 09:33:57.760000,11724.44,11640,4974,11645,5054,11630,3330,11625,7686
2020-06-04 09:33:58.650000,11724.44,11640,4974,11645,5054,11635,3525,11630,3830
2020-06-04 09:33:59.590000,11724.44,11640,3674,11645,5054,11635,3525,11630,3830
2020-06-04 09:34:00.560000,11724.44,11645,5054,11650,3599,11635,3525,11630,3830
2020-06-04 09:34:02.560000,11724.44,11640,3493,11645,5054,11635,3525,11630,3830
2020-06-04 09:34:03.430000,11724.44,11640,4793,11645,5054,11635,3525,11630,3830
2020-06-04 09:34:04.340000,11722.38,11645,5054,11650,3679,11635,3525,11630,3830
2020-06-04 09:34:05.260000,11722.38,11645,5054,11650,3679,11635,3525,11630,3830
2020-06-04 09:34:05.960000,11722.38,11645,5134,11650,3679,11635,3460,11630,3830
2020-06-04 09:34:06.730000,11722.38,11645,5119,11650,3679,11635,3460,11630,3830
2020-06-04 09:34:07.540000,11722.38,11645,5119,11650,3679,11635,3460,11630,3830
2020-06-04 09:34:08.260000,11722.38,11640,3493,11645,5119,11635,3460,11630,3830
2020-06-04 09:34:09.030000,11722.38,11640,1300,11645,5119,11635,3460,11630,3830
2020-06-04 09:34:10.070000,11722.38,11645,5119,11650,3679,11635,3460,11630,7163
2020-06-04 09:34:11.060000,11722.38,11645,3819,11650,3679,11640,3640,11635,3960
2020-06-04 09:34:12.070000,11722.38,11645,4848,11650,3679,11640,3640,11635,3960
2020-06-04 09:34:15.200000,11722.79,11645,4848,11650,3679,11635,3460,11630,3830
2020-06-04 09:34:16.070000,11722.79,11645,4848,11650,3679,11640,3640,11635,3460
2020-06-04 09:34:16.870000,11722.79,11645,4848,11650,3679,11635,3460,11630,3830
2020-06-04 09:34:19.770000,11722.79,11645,4833,11650,3679,11635,3460,11630,3830
2020-06-04 09:34:20.570000,11722.79,11645,4833,11650,3679,11635,3460,11630,3830
2020-06-04 09:34:21.400000,11722.79,11640,3493,11645,4833,11635,3460,11630,3830
2020-06-04 09:34:22.400000,11722.79,11640,4893,11645,4833,11635,3460,11630,3830
2020-06-04 09:34:23.130000,11722.79,11640,3493,11645,4833,11635,3468,11630,3830
2020-06-04 09:34:24.050000,11721.8,11645,4833,11650,3679,11635,3468,11630,3830
2020-06-04 09:34:24.870000,11721.8,11640,3493,11645,4833,11635,3468,11630,3330
2020-06-04 09:34:25.860000,11721.8,11640,4893,11645,4833,11635,8,11630,3330
2020-06-04 09:34:27.860000,11721.8,11640,3493,11645,4833,11635,3468,11630,3830
2020-06-04 09:34:28.770000,11721.8,11640,3493,11645,4833,11635,3468,11630,3330
2020-06-04 09:34:29.860000,11721.8,11640,4893,11645,4833,11635,8,11630,3330
2020-06-04 09:34:30.970000,11721.8,11635,3689,11640,4893,11630,3330,11625,4353
2020-06-04 09:34:32.070000,11721.8,11635,4989,11640,4893,11630,100,11625,3853
2020-06-04 09:34:33.000000,11721.8,11635,3689,11640,4893,11630,3330,11625,4353
2020-06-04 09:34:37.130000,11720.94,11635,3673,11640,4893,11630,3330,11625,4353
2020-06-04 09:34:37.830000,11720.94,11635,3673,11640,4893,11630,3330,11625,4353
2020-06-04 09:34:39.360000,11720.94,11635,3673,11640,4893,11630,3330,11625,4353
2020-06-04 09:34:40.200000,11720.94,11635,3673,11640,4893,11630,3330,11625,4353
2020-06-04 09:34:41.060000,11720.94,11635,3753,11640,4893,11630,3266,11625,4353
2020-06-04 09:34:41.860000,11720.94,11635,3630,11640,4893,11630,3266,11625,4353
2020-06-04 09:34:42.670000,11720.94,11635,5030,11640,4893,11630,3266,11625,4353
2020-06-04 09:34:43.500000,11720.94,11635,3630,11640,4893,11630,3266,11625,4353
2020-06-04 09:34:44.300000,11718.85,11640,4893,11645,3433,11630,3266,11625,4353
2020-06-04 09:34:45.090000,11718.85,11640,4893,11645,3433,11630,3266,11625,4353
2020-06-04 09:34:46.580000,11718.85,11635,3550,11640,4893,11630,3266,11625,4353
2020-06-04 09:34:48.170000,11718.85,11640,4893,11645,3433,11630,3266,11625,4353
2020-06-04 09:34:49.940000,11718.85,11640,4893,11645,3433,11630,3266,11625,4353
2020-06-04 09:34:50.890000,11718.85,11640,4878,11645,3433,11630,3266,11625,7686
2020-06-04 09:34:52.560000,11718.85,11640,4878,11645,3433,11635,3460,11630,3266
2020-06-04 09:34:53.370000,11718.85,11640,3478,11645,3433,11635,3460,11630,3266
2020-06-04 09:34:54.150000,11717.88,11640,3478,11645,3433,11635,3460,11630,3266
2020-06-04 09:34:54.900000,11717.88,11640,4878,11645,3433,11630,3266,11625,4353
2020-06-04 09:34:55.730000,11717.88,11640,4878,11645,3433,11630,3266,11625,4353
2020-06-04 09:34:57.140000,11717.88,11635,3550,11640,4878,11630,3266,11625,4353
2020-06-04 09:34:59.100000,11717.88,11635,4850,11640,4878,11630,36,11625,3853
2020-06-04 09:34:59.960000,11717.88,11635,4850,11640,4878,11630,36,11625,3853
2020-06-04 09:35:00.790000,11717.88,11635,4850,11640,4878,11630,36,11625,3853
2020-06-04 09:35:01.570000,11717.88,11635,4850,11640,4878,11625,3853,11620,4230
2020-06-04 09:35:02.340000,11717.88,11635,4950,11640,4878,11625,3853,11620,7563
2020-06-04 09:35:03.130000,11717.88,11635,3550,11640,4878,11630,3230,11625,3853
2020-06-04 09:35:03.840000,11720.49,11635,3550,11640,4878,11630,3230,11625,3853
2020-06-04 09:35:04.570000,11720.49,11635,4850,11640,4878,11630,3230,11625,3853
2020-06-04 09:35:05.290000,11720.49,11635,3550,11640,4878,11630,3230,11625,3853
2020-06-04 09:35:05.980000,11720.49,11635,4935,11640,4878,11630,3230,11625,3853
2020-06-04 09:35:06.760000,11720.49,11635,4934,11640,4878,11625,3853,11620,4230
2020-06-04 09:35:07.480000,11720.49,11635,4934,11640,4878,11630,12,11625,3853
2020-06-04 09:35:08.130000,11720.49,11635,4934,11640,4878,11630,12,11625,3853
2020-06-04 09:35:09.690000,11720.49,11635,4934,11640,4878,11630,12,11625,3853
2020-06-04 09:35:11.270000,11720.49,11635,4934,11640,4878,11625,3853,11620,4230
2020-06-04 09:35:12.770000,11720.49,11635,3534,11640,4878,11630,3230,11625,3853
2020-06-04 09:35:13.660000,11717.48,11635,3534,11640,4878,11630,3230,11625,4353
2020-06-04 09:35:14.660000,11717.48,11640,4878,11645,3433,11630,3230,11625,4353
2020-06-04 09:35:15.570000,11717.48,11640,4958,11645,3433,11630,3230,11625,4353
2020-06-04 09:35:19.860000,11717.48,11640,3558,11645,3433,11635,3460,11630,3730
2020-06-04 09:35:20.800000,11717.48,11640,80,11645,3433,11635,3460,11630,3730
2020-06-04 09:35:21.680000,11717.48,11640,1,11645,4833,11635,3460,11630,3730
2020-06-04 09:35:22.530000,11717.48,11640,1300,11645,4833,11635,3460,11630,3730
2020-06-04 09:35:23.390000,11717.48,11640,4778,11645,4833,11635,3460,11630,3730
2020-06-04 09:35:25.060000,11719.49,11645,4833,11650,3615,11635,3460,11630,3730
2020-06-04 09:35:26.530000,11719.49,11645,3433,11650,3615,11640,3559,11635,3460
2020-06-04 09:35:27.270000,11719.49,11645,4733,11650,3615,11640,3559,11635,3960
2020-06-04 09:35:28.030000,11719.49,11645,3433,11650,3615,11640,3559,11635,3960
2020-06-04 09:35:28.860000,11719.49,11645,3433,11650,3615,11640,3559,11635,3960
2020-06-04 09:35:29.580000,11719.49,11645,4733,11650,3615,11640,3559,11635,3960
2020-06-04 09:35:30.470000,11719.49,11645,3433,11650,3615,11640,3559,11635,3960
2020-06-04 09:35:32.060000,11719.49,11645,160,11650,3615,11640,3559,11635,3960
2020-06-04 09:35:33.670000,11719.49,11650,4915,11655,3639,11645,3663,11640,3559
2020-06-04 09:35:34.470000,11721.99,11650,1380,11655,3639,11645,3663,11640,3559
2020-06-04 09:35:35.920000,11721.99,11650,4900,11655,3639,11645,3663,11640,3559
2020-06-04 09:35:37.360000,11721.99,11650,65,11655,3639,11645,3663,11640,4059
2020-06-04 09:35:38.170000,11721.99,11650,4900,11655,3639,11645,3663,11640,3559
2020-06-04 09:35:39.000000,11721.99,11650,3600,11655,3639,11645,3663,11640,4059
2020-06-04 09:35:39.980000,11721.99,11650,3600,11655,3639,11645,3663,11640,4059
2020-06-04 09:35:40.860000,11721.99,11650,65,11655,3639,11645,3663,11640,4059
2020-06-04 09:35:41.730000,11721.99,11650,65,11655,3639,11645,3663,11640,4059
2020-06-04 09:35:42.470000,11721.99,11650,1365,11655,3639,11645,3663,11640,4059
2020-06-04 09:35:43.120000,11725.48,11650,1365,11655,3639,11645,3663,11640,4059
2020-06-04 09:35:43.870000,11725.48,11650,65,11655,3639,11645,3663,11640,4059
2020-06-04 09:35:44.530000,11725.48,11650,65,11655,3639,11645,3663,11640,4059
2020-06-04 09:35:45.260000,11725.48,11655,4939,11660,3534,11645,3863,11640,7392
2020-06-04 09:35:46.060000,11725.48,11655,4939,11660,3534,11645,3863,11640,7392
2020-06-04 09:35:46.870000,11725.48,11655,4939,11660,3534,11645,3863,11640,4059
2020-06-04 09:35:47.760000,11725.48,11655,4939,11660,3534,11645,3863,11640,7392
2020-06-04 09:35:48.670000,11725.48,11655,4939,11660,3534,11650,3553,11645,3863
2020-06-04 09:35:50.230000,11725.48,11655,3639,11660,3534,11650,3553,11645,3863
2020-06-04 09:35:51.090000,11725.48,11655,5019,11660,3534,11645,3863,11640,4059
2020-06-04 09:35:51.840000,11725.48,11655,5019,11660,3534,11645,3863,11640,4059
2020-06-04 09:35:52.700000,11725.48,11655,5004,11660,3534,11645,3863,11640,7392
2020-06-04 09:35:54.310000,11728.17,11655,3704,11660,3534,11645,3863,11640,7392
2020-06-04 09:35:55.260000,11728.17,11655,80,11660,3534,11650,3553,11645,4363
2020-06-04 09:35:56.370000,11728.17,11655,80,11660,3534,11650,3553,11645,4363
2020-06-04 09:35:58.270000,11728.17,11665,4778,11670,3720,11655,3150,11650,4053
2020-06-04 09:35:59.160000,11728.17,11660,3534,11665,4778,11655,3150,11650,4053
2020-06-04 09:36:00.270000,11728.17,11660,3934,11665,4778,11655,3150,11650,4053
2020-06-04 09:36:01.270000,11728.17,11660,4834,11665,4778,11655,3150,11650,4053
2020-06-04 09:36:02.270000,11728.17,11660,3534,11665,4778,11655,3150,11650,4053
2020-06-04 09:36:03.240000,11728.17,11660,4834,11665,4778,11655,3150,11650,4053
2020-06-04 09:36:05.600000,11731.56,11660,3534,11665,4778,11655,3150,11650,4053
2020-06-04 09:36:06.360000,11731.56,11660,4818,11665,4778,11655,3150,11650,4053
2020-06-04 09:36:08.690000,11731.56,11665,4778,11670,3720,11655,3150,11650,4053
2020-06-04 09:36:09.600000,11731.56,11665,3478,11670,3720,11660,3460,11655,3150
2020-06-04 09:36:10.390000,11731.56,11665,1300,11670,3720,11660,3460,11655,3650
2020-06-04 09:36:11.220000,11731.56,11665,1100,11670,3720,11660,3460,11655,3650
2020-06-04 09:36:12.100000,11731.56,11665,400,11670,3720,11660,3460,11655,3650
2020-06-04 09:36:12.890000,11731.56,11670,3720,11675,3535,11660,3460,11655,3650
2020-06-04 09:36:13.750000,11729.56,11670,5020,11675,3535,11660,3460,11655,3650
2020-06-04 09:36:14.600000,11729.56,11670,5020,11675,3535,11665,3559,11660,3460
2020-06-04 09:36:15.380000,11729.56,11670,5020,11675,3535,11660,3460,11655,6983
2020-06-04 09:36:16.170000,11729.56,11670,5020,11675,3535,11660,3460,11655,6983
2020-06-04 09:36:16.970000,11729.56,11670,5020,11675,3535,11665,3559,11660,3460
2020-06-04 09:36:17.670000,11729.56,11670,5020,11675,3535,11665,3559,11660,3960
2020-06-04 09:36:18.580000,11729.56,11670,3720,11675,3535,11665,3559,11660,3960
2020-06-04 09:36:19.390000,11729.56,11675,3535,11680,6959,11665,3559,11660,3960
2020-06-04 09:36:20.270000,11729.56,11675,4835,11680,6959,11665,3559,11660,3960
2020-06-04 09:36:21.170000,11729.56,11675,4835,11680,6959,11665,3559,11660,3960
2020-06-04 09:36:22.000000,11729.56,11675,4835,11680,3626,11665,3559,11660,3960
2020-06-04 09:36:22.970000,11729.56,11675,4835,11680,3626,11665,3559,11660,3960
2020-06-04 09:36:23.870000,11736.74,11675,4820,11680,3626,11665,3559,11660,3960
2020-06-04 09:36:24.760000,11736.74,11675,4820,11680,3626,11665,3559,11660,3960
2020-06-04 09:36:25.550000,11736.74,11675,4900,11680,3626,11665,3559,11660,3960
2020-06-04 09:36:26.390000,11736.74,11670,3720,11675,4900,11660,3460,11655,6983
2020-06-04 09:36:27.200000,11736.74,11670,5020,11675,4900,11660,3460,11655,6983
2020-06-04 09:36:28.700000,11736.74,11670,5020,11675,4900,11660,3460,11655,3650
2020-06-04 09:36:29.510000,11736.74,11675,4900,11680,6959,11665,3559,11660,3960
2020-06-04 09:36:30.290000,11736.74,11675,4900,11680,6959,11665,3559,11660,3960
2020-06-04 09:36:35.030000,11735.15,11675,4885,11680,6959,11665,3559,11660,3960
2020-06-04 09:36:36.460000,11735.15,11675,4885,11680,3626,11665,3559,11660,3960
2020-06-04 09:36:37.200000,11735.15,11675,4885,11680,3626,11670,3663,11665,3559
2020-06-04 09:36:38.070000,11735.15,11675,4885,11680,3626,11670,3663,11665,3559
2020-06-04 09:36:38.760000,11735.15,11675,4885,11680,3626,11670,3663,11665,3559
2020-06-04 09:36:39.570000,11735.15,11675,3585,11680,3626,11670,3663,11665,4059
2020-06-04 09:36:40.400000,11735.15,11675,3585,11680,3626,11670,3663,11665,4059
2020-06-04 09:36:41.260000,11735.15,11675,3585,11680,3626,11670,3663,11665,4059
2020-06-04 09:36:41.960000,11735.15,11675,3585,11680,3626,11670,3663,11665,4059
2020-06-04 09:36:46.260000,11738.01,11675,4885,11680,3626,11670,3663,11665,4059
2020-06-04 09:36:46.990000,11738.01,11675,4885,11680,3626,11665,3559,11660,3960
2020-06-04 09:36:48.570000,11738.01,11670,3720,11675,4885,11665,3559,11660,3960
2020-06-04 09:36:49.370000,11738.01,11670,5120,11675,4885,11660,3460,11655,3650
2020-06-04 09:36:50.330000,11738.01,11665,3478,11670,5120,11660,3460,11655,3650
2020-06-04 09:36:51.260000,11738.01,11665,3578,11670,5120,11660,3460,11655,3650
2020-06-04 09:36:52.100000,11738.01,11665,3478,11670,5120,11660,3460,11655,3650
2020-06-04 09:36:53.660000,11739.3,11670,5120,11675,8218,11660,3460,11655,3650
2020-06-04 09:36:54.460000,11739.3,11670,5120,11675,4885,11660,3460,11655,3650
2020-06-04 09:36:55.350000,11739.3,11670,5104,11675,4885,11665,3559,11660,3460
2020-06-04 09:36:56.100000,11739.3,11670,5004,11675,4885,11660,3460,11655,3650
2020-06-04 09:36:58.960000,11739.3,11670,5004,11675,4885,11660,3460,11655,6983
2020-06-04 09:36:59.660000,11739.3,11670,4704,11675,4885,11665,3559,11660,3960
2020-06-04 09:37:00.500000,11739.3,11670,5184,11675,4885,11660,3460,11655,6983
2020-06-04 09:37:01.470000,11739.3,11670,4684,11675,4885,11660,3460,11655,6983
2020-06-04 09:37:02.350000,11739.3,11670,4684,11675,4885,11665,3559,11660,3960
2020-06-04 09:37:03.190000,11739.3,11670,3284,11675,4885,11665,3559,11660,3969
2020-06-04 09:37:03.970000,11739.3,11670,4684,11675,4885,11660,3469,11655,3650
2020-06-04 09:37:04.770000,11741.22,11670,4669,11675,4885,11660,3469,11655,3650
2020-06-04 09:37:05.560000,11741.22,11670,4669,11675,4885,11660,3469,11655,3650
2020-06-04 09:37:06.390000,11741.22,11670,4669,11675,4885,11660,3469,11655,3650
2020-06-04 09:37:07.750000,11741.22,11665,3478,11670,4669,11660,3469,11655,3650
2020-06-04 09:37:08.730000,11741.22,11665,4878,11670,4669,11660,9,11655,3150
2020-06-04 09:37:09.700000,11741.22,11665,4878,11670,4669,11660,9,11655,3150
2020-06-04 09:37:11.420000,11741.22,11665,4878,11670,4669,11660,9,11655,3150
2020-06-04 09:37:12.260000,11741.22,11665,4878,11670,4669,11655,3150,11650,4053
2020-06-04 09:37:13.000000,11739.71,11665,4878,11670,4669,11655,3150,11650,4053
2020-06-04 09:37:14.580000,11739.71,11665,4878,11670,4669,11655,3150,11650,4053
2020-06-04 09:37:15.360000,11739.71,11665,4878,11670,4669,11655,3150,11650,4053
2020-06-04 09:37:16.970000,11739.71,11660,3518,11665,4878,11655,3150,11650,4053
2020-06-04 09:37:17.780000,11739.71,11660,3518,11665,4878,11655,3150,11650,4053
2020-06-04 09:37:18.500000,11739.71,11660,4918,11665,4878,11655,3150,11650,4053
2020-06-04 09:37:19.170000,11739.71,11660,3518,11665,4878,11655,3150,11650,4053
2020-06-04 09:37:19.970000,11739.71,11660,4918,11665,4878,11655,3150,11650,4053
2020-06-04 09:37:20.790000,11739.71,11660,3518,11665,4878,11655,3150,11650,4053
2020-06-04 09:37:21.640000,11739.71,11660,3518,11665,4878,11655,3150,11650,4053
2020-06-04 09:37:22.560000,11739.71,11660,4918,11665,4878,11650,3553,11645,4363
2020-06-04 09:37:23.460000,11739.71,11660,4918,11665,4878,11650,3553,11645,4363
2020-06-04 09:37:24.370000,11738.07,11660,4918,11665,4878,11650,3553,11645,4363
2020-06-04 09:37:25.370000,11738.07,11655,3624,11660,4918,11650,3553,11645,3863
2020-06-04 09:37:26.200000,11738.07,11655,3609,11660,4918,11650,3553,11645,3863
2020-06-04 09:37:26.990000,11738.07,11655,3609,11660,4918,11645,3863,11640,7392
2020-06-04 09:37:27.900000,11738.07,11655,5009,11660,4918,11645,3863,11640,4059
2020-06-04 09:37:29.070000,11738.07,11650,3505,11655,5009,11645,3663,11640,4059
2020-06-04 09:37:30.170000,11738.07,11650,3505,11655,5009,11645,3663,11640,4059
2020-06-04 09:37:31.340000,11738.07,11650,4905,11655,5009,11645,3663,11640,4059
2020-06-04 09:37:33.260000,11738.07,11650,4905,11655,5009,11640,3559,11635,3960
2020-06-04 09:37:34.160000,11732.34,11650,3489,11655,5009,11645,3663,11640,4059
2020-06-04 09:37:34.990000,11732.34,11650,4889,11655,5009,11645,3663,11640,4059
2020-06-04 09:37:35.790000,11732.34,11650,3569,11655,5009,11645,3663,11640,4059
2020-06-04 09:37:36.770000,11732.34,11655,5009,11660,3518,11650,3489,11645,3663
2020-06-04 09:37:37.660000,11732.34,11655,3609,11660,3518,11650,3489,11645,4163
2020-06-04 09:37:38.570000,11732.34,11655,5009,11660,3518,11650,7042,11645,4163
2020-06-04 09:37:39.370000,11732.34,11655,5009,11660,3518,11650,3489,11645,3663
2020-06-04 09:37:40.070000,11732.34,11655,4909,11660,3518,11650,3489,11645,3663
2020-06-04 09:37:40.930000,11732.34,11655,3609,11660,3518,11650,3489,11645,3663
2020-06-04 09:37:41.770000,11732.34,11655,3609,11660,3518,11650,7042,11645,3663
2020-06-04 09:37:42.570000,11732.34,11660,3518,11665,3478,11655,3609,11650,7042
2020-06-04 09:37:43.460000,11732.34,11660,3518,11665,3478,11655,6759,11650,7542
2020-06-04 09:37:44.360000,11732.3,11665,3478,11670,6602,11655,6759,11650,7542
2020-06-04 09:37:45.360000,11732.3,11660,3518,11665,3478,11655,6759,11650,7542
2020-06-04 09:37:46.360000,11732.3,11660,4618,11665,3478,11655,6759,11650,7542
2020-06-04 09:37:47.220000,11732.3,11660,4918,11665,3478,11655,3609,11650,7042
2020-06-04 09:37:48.070000,11732.3,11660,3518,11665,3478,11655,3609,11650,7042
2020-06-04 09:37:48.800000,11732.3,11660,4918,11665,3478,11655,3609,11650,7042
2020-06-04 09:37:49.630000,11732.3,11660,4918,11665,6811,11655,2181,11650,7042
2020-06-04 09:37:50.390000,11732.3,11660,4918,11665,6811,11650,7042,11645,4163
2020-06-04 09:37:51.970000,11732.3,11655,3609,11660,4918,11650,3553,11645,4163
2020-06-04 09:37:52.660000,11732.3,11655,5009,11660,4918,11645,3663,11640,4059
2020-06-04 09:37:53.360000,11732.3,11655,5009,11660,4918,11645,5063,11640,4059
2020-06-04 09:37:54.160000,11732.21,11660,4918,11665,3478,11650,3553,11645,5563
2020-06-04 09:37:55.060000,11732.21,11660,4218,11665,3478,11655,3150,11650,5463
2020-06-04 09:37:55.860000,11732.21,11665,3478,11670,6602,11655,4550,11650,5463
2020-06-04 09:37:56.770000,11732.21,11665,4863,11670,6602,11655,4550,11650,5463
2020-06-04 09:37:57.590000,11732.21,11665,4863,11670,6602,11655,4550,11650,5463
2020-06-04 09:37:58.470000,11732.21,11660,3518,11665,4863,11655,3150,11650,5463
2020-06-04 09:37:59.360000,11732.21,11660,4918,11665,4863,11650,4963,11645,5563
2020-06-04 09:38:00.280000,11732.21,11660,4918,11665,4863,11650,4963,11645,5563
2020-06-04 09:38:01.170000,11732.21,11660,4918,11665,4863,11650,4963,11645,5563
2020-06-04 09:38:04.140000,11728.45,11660,4903,11665,4863,11650,4963,11645,5563
2020-06-04 09:38:04.860000,11728.45,11660,4903,11665,8196,11650,4963,11645,5563
2020-06-04 09:38:05.470000,11728.45,11660,4903,11665,8196,11650,3563,11645,5563
2020-06-04 09:38:06.200000,11728.45,11655,3609,11660,4903,11650,4820,11645,5563
2020-06-04 09:38:07.030000,11728.45,11655,3609,11660,4903,11650,4820,11645,5563
2020-06-04 09:38:07.780000,11728.45,11660,4903,11665,8196,11650,4820,11645,5563
2020-06-04 09:38:08.570000,11728.45,11655,100,11660,4903,11650,4820,11645,5563
2020-06-04 09:38:09.370000,11728.45,11655,100,11660,4903,11650,4820,11645,5563
2020-06-04 09:38:10.170000,11728.45,11655,100,11660,4903,11650,4820,11645,5563
2020-06-04 09:38:10.900000,11728.45,11655,180,11660,4903,11650,4820,11645,5563
2020-06-04 09:38:11.700000,11728.45,11660,4903,11665,4863,11650,4820,11645,5563
2020-06-04 09:38:13.290000,11728.45,11660,4903,11665,4863,11650,5320,11645,5563
2020-06-04 09:38:14.170000,11727.5,11660,3503,11665,4863,11650,5320,11645,5563
2020-06-04 09:38:14.870000,11727.5,11660,4903,11665,4863,11650,5320,11645,5563
2020-06-04 09:38:15.590000,11727.5,11660,3503,11665,4863,11655,3150,11650,5320
2020-06-04 09:38:16.490000,11727.5,11660,4903,11665,4863,11655,3150,11650,5320
2020-06-04 09:38:17.290000,11727.5,11660,4503,11665,4863,11655,3150,11650,5320
2020-06-04 09:38:18.090000,11727.5,11660,3503,11665,4863,11650,5320,11645,8896
2020-06-04 09:38:18.960000,11727.5,11660,4903,11665,4863,11650,5320,11645,5563
2020-06-04 09:38:19.760000,11727.5,11660,4903,11665,4863,11650,4820,11645,5563
2020-06-04 09:38:20.680000,11727.5,11660,4903,11665,4863,11650,5320,11645,5563
2020-06-04 09:38:21.460000,11727.5,11660,4903,11665,4863,11650,5320,11645,5563
2020-06-04 09:38:23.690000,11727.5,11660,4903,11665,4863,11650,4820,11645,5563
2020-06-04 09:38:27.800000,11731.07,11660,4887,11665,4863,11650,4820,11645,5563
2020-06-04 09:38:29.860000,11731.07,11660,4887,11665,8196,11650,4820,11645,5563
2020-06-04 09:38:31.360000,11731.07,11660,4887,11665,8196,11650,3420,11645,5563
2020-06-04 09:38:33.680000,11729.75,11655,3609,11660,4887,11650,10,11645,5063
2020-06-04 09:38:34.360000,11729.75,11655,5094,11660,4887,11650,10,11645,5563
2020-06-04 09:38:35.070000,11729.75,11655,5094,11660,4887,11650,10,11645,5063
2020-06-04 09:38:35.860000,11729.75,11655,5094,11660,4887,11650,10,11645,5063
2020-06-04 09:38:37.330000,11729.75,11655,4394,11660,4887,11650,10,11645,5563
2020-06-04 09:38:38.030000,11729.75,11655,4994,11660,4887,11650,10,11645,5563
2020-06-04 09:38:38.750000,11729.75,11655,4994,11660,4887,11650,10,11645,5063
2020-06-04 09:38:39.940000,11729.75,11655,4944,11660,4887,11650,10,11645,5063
2020-06-04 09:38:40.770000,11729.75,11655,3544,11660,4887,11650,3420,11645,5563
2020-06-04 09:38:41.560000,11729.75,11660,4887,11665,8196,11650,3420,11645,5563
2020-06-04 09:38:43.590000,11729.98,11660,4887,11665,4863,11650,3420,11645,5563
2020-06-04 09:38:44.560000,11729.98,11660,4887,11665,4863,11655,3150,11650,3420
2020-06-04 09:38:45.360000,11729.98,11660,3487,11665,4863,11655,3150,11650,3420
2020-06-04 09:38:46.160000,11729.98,11660,3567,11665,4863,11655,3150,11650,3920
2020-06-04 09:38:46.830000,11729.98,11660,80,11665,4863,11655,3150,11650,3920
2020-06-04 09:38:47.660000,11729.98,11660,4967,11665,4863,11655,3150,11650,3920
2020-06-04 09:38:48.500000,11729.98,11660,4967,11665,4863,11650,3420,11645,5563
2020-06-04 09:38:49.300000,11729.98,11660,4967,11665,8196,11650,3420,11645,5563
2020-06-04 09:38:51.080000,11729.98,11660,4967,11665,4863,11650,3420,11645,5563
2020-06-04 09:38:51.970000,11729.98,11660,4967,11665,4863,11655,3150,11650,3920
2020-06-04 09:38:52.700000,11729.98,11660,4967,11665,4863,11655,3150,11650,3920
2020-06-04 09:38:53.370000,11729.98,11660,3567,11665,4863,11655,3150,11650,3920
2020-06-04 09:38:54.170000,11728.57,11660,3767,11665,4863,11655,3150,11650,3920
2020-06-04 09:38:54.970000,11728.57,11660,4967,11665,4863,11650,3420,11645,5563
2020-06-04 09:38:56.560000,11728.57,11660,4967,11665,4863,11650,3920,11645,5563
2020-06-04 09:38:58.030000,11728.57,11660,4967,11665,4863,11655,3150,11650,3920
2020-06-04 09:38:58.670000,11728.57,11660,4967,11665,4863,11655,3150,11650,3920
2020-06-04 09:38:59.540000,11728.57,11660,4952,11665,4863,11650,3420,11645,5563
2020-06-04 09:39:00.760000,11728.57,11660,4952,11665,8196,11650,3420,11645,5563
2020-06-04 09:39:01.870000,11728.57,11655,3544,11660,4952,11650,10,11645,5563
2020-06-04 09:39:02.850000,11728.57,11655,3544,11660,4952,11650,10,11645,5563
2020-06-04 09:39:03.310000,11728.57,11655,4930,11660,4952,11650,10,11645,5563
2020-06-04 09:39:04.490000,11726.49,11655,4930,11660,4952,11650,10,11645,5563
2020-06-04 09:39:04.850000,11726.49,11655,4930,11660,4952,11650,10,11645,5563
2020-06-04 09:39:05.680000,11726.49,11660,4952,11665,4863,11650,3420,11645,5563
2020-06-04 09:39:09.790000,11726.49,11660,4952,11665,8196,11650,3420,11645,5563
2020-06-04 09:39:10.800000,11726.49,11660,4952,11665,8196,11650,3420,11645,5563
2020-06-04 09:39:11.800000,11726.49,11655,3530,11660,4952,11650,3420,11645,5563
2020-06-04 09:39:12.230000,11726.49,11655,4930,11660,4952,11650,3420,11645,5563
2020-06-04 09:39:13.410000,11726.49,11655,4930,11660,4952,11650,10,11645,5063
2020-06-04 09:39:13.660000,11726.49,11655,4930,11660,4952,11650,10,11645,5563
2020-06-04 09:39:14.510000,11726.72,11655,4930,11660,4952,11650,10,11645,5063
2020-06-04 09:39:15.490000,11726.72,11655,3530,11660,4952,11650,3420,11645,5563
2020-06-04 09:39:15.990000,11726.72,11655,3530,11660,4952,11650,3420,11645,5563
2020-06-04 09:39:17.190000,11726.72,11655,4830,11660,4952,11650,3420,11645,5063
2020-06-04 09:39:18.080000,11726.72,11655,3530,11660,4952,11650,10,11645,5063
2020-06-04 09:39:18.540000,11726.72,11655,3530,11660,4952,11650,3420,11645,5063
2020-06-04 09:39:19.690000,11726.72,11655,4930,11660,4952,11650,10,11645,5063
2020-06-04 09:39:19.930000,11726.72,11655,4930,11660,4952,11645,5063,11640,4259
2020-06-04 09:39:20.750000,11726.72,11655,5010,11660,4952,11645,4983,11640,4259
2020-06-04 09:39:21.830000,11726.72,11655,5010,11660,4952,11645,4983,11640,4259
2020-06-04 09:39:22.130000,11726.72,11655,5010,11660,4952,11645,4983,11640,4259
2020-06-04 09:39:24.300000,11726.26,11655,5010,11660,4952,11645,4983,11640,7592
2020-06-04 09:39:25.500000,11726.26,11655,5010,11660,8285,11645,3583,11640,4259
2020-06-04 09:39:25.800000,11726.26,11650,3489,11655,5010,11645,3583,11640,4259
2020-06-04 09:39:26.760000,11726.26,11650,4889,11655,5010,11640,3759,11635,3960
2020-06-04 09:39:27.730000,11726.26,11650,4884,11655,5010,11640,3759,11635,3960
2020-06-04 09:39:29.790000,11726.26,11650,4884,11655,5010,11640,3759,11635,3960
2020-06-04 09:39:30.820000,11726.26,11650,4869,11655,5010,11640,3759,11635,3960
2020-06-04 09:39:32.420000,11726.26,11650,4869,11655,5010,11640,3759,11635,3960
2020-06-04 09:39:33.390000,11726.26,11650,4869,11655,8343,11640,3759,11635,3960
2020-06-04 09:39:33.700000,11726.26,11645,3189,11650,4869,11640,3759,11635,3960
2020-06-04 09:39:34.460000,11725.36,11645,4589,11650,4869,11640,200,11635,3960
2020-06-04 09:39:35.500000,11725.36,11645,3189,11650,4871,11640,3759,11635,3960
2020-06-04 09:39:36.060000,11725.36,11645,4589,11650,4871,11640,200,11635,3460
2020-06-04 09:39:37.140000,11725.36,11645,4589,11650,4871,11640,200,11635,3460
2020-06-04 09:39:37.430000,11725.36,11645,4589,11650,4871,11640,200,11635,3460
2020-06-04 09:39:38.210000,11725.36,11645,4589,11650,4871,11640,200,11635,3560
2020-06-04 09:39:39.230000,11725.36,11645,3689,11650,4871,11640,200,11635,3560
2020-06-04 09:39:39.380000,11725.36,11645,4589,11650,4871,11640,200,11635,3560
2020-06-04 09:39:40.310000,11725.36,11645,3189,11650,4871,11640,200,11635,3560
2020-06-04 09:39:41.400000,11725.36,11645,3189,11650,4871,11640,3759,11635,4060
2020-06-04 09:39:42.460000,11725.36,11645,3189,11650,4871,11640,3759,11635,4060
2020-06-04 09:39:42.870000,11725.36,11645,3189,11650,4871,11640,3759,11635,4060
2020-06-04 09:39:44.020000,11723.68,11645,3189,11650,4871,11640,3759,11635,4060
2020-06-04 09:39:45.260000,11723.68,11650,4871,11655,5010,11640,3759,11635,4060
2020-06-04 09:39:46.150000,11723.68,11650,3471,11655,5010,11645,3583,11640,4259
2020-06-04 09:39:46.730000,11723.68,11650,4871,11655,5010,11645,3583,11640,3759
2020-06-04 09:39:47.730000,11723.68,11650,4871,11655,5010,11645,3583,11640,3759
2020-06-04 09:39:49.570000,11723.68,11650,3471,11655,5010,11645,3583,11640,4259
2020-06-04 09:39:50.390000,11723.68,11650,4871,11655,5010,11645,3583,11640,4259
2020-06-04 09:39:51.270000,11723.68,11650,4871,11655,8343,11640,3759,11635,4060
2020-06-04 09:39:52.440000,11723.68,11645,3189,11650,4871,11640,200,11635,4060
2020-06-04 09:39:53.030000,11723.68,11640,600,11645,4589,11635,3560,11630,3650
2020-06-04 09:39:54.020000,11723.24,11640,4663,11645,4589,11635,3560,11630,3650
2020-06-04 09:39:55.080000,11723.24,11640,3263,11645,4589,11635,3560,11630,3650
2020-06-04 09:39:56.140000,11723.24,11640,4743,11645,4589,11635,20,11630,3650
2020-06-04 09:39:57.690000,11723.24,11640,4743,11645,4589,11635,20,11630,3150
2020-06-04 09:39:58.720000,11723.24,11640,4743,11645,4589,11635,20,11630,3150
2020-06-04 09:39:59.150000,11723.24,11635,3487,11640,4743,11630,3150,11625,3910
2020-06-04 09:40:00.330000,11723.24,11640,4743,11645,4589,11630,3150,11625,3910
2020-06-04 09:40:00.970000,11723.24,11640,4727,11645,4589,11630,3150,11625,3910
2020-06-04 09:40:01.920000,11723.24,11640,4727,11645,4589,11630,3150,11625,3910
2020-06-04 09:40:04.000000,11723.12,11640,4727,11645,4589,11635,3460,11630,3150
2020-06-04 09:40:04.320000,11723.12,11640,3827,11645,4589,11635,3460,11630,3650
2020-06-04 09:40:05.170000,11723.12,11640,3326,11645,4589,11635,3460,11630,3650
2020-06-04 09:40:06.170000,11723.12,11645,4589,11650,4871,11635,3460,11630,3650
2020-06-04 09:40:07.210000,11723.12,11650,4871,11655,7843,11640,3559,11635,3960
2020-06-04 09:40:08.260000,11723.12,11650,4871,11655,7843,11640,3559,11635,3960
2020-06-04 09:40:08.790000,11723.12,11650,4871,11655,4510,11640,3559,11635,3960
2020-06-04 09:40:09.850000,11723.12,11650,4871,11655,4510,11645,3583,11640,3559
2020-06-04 09:40:10.900000,11723.12,11645,3583,11650,4871,11640,3559,11635,3960
2020-06-04 09:40:11.960000,11723.12,11650,4871,11655,4510,11645,3583,11640,3559
2020-06-04 09:40:12.930000,11723.12,11650,2,11655,4510,11645,3583,11640,4059
2020-06-04 09:40:13.570000,11723.12,11655,4510,11660,6885,11645,3583,11640,4059
2020-06-04 09:40:14.670000,11720.59,11655,5010,11660,6885,11645,3583,11640,4059
2020-06-04 09:40:15.620000,11720.59,11655,5009,11660,6885,11645,3583,11640,4059
2020-06-04 09:40:16.700000,11720.59,11650,3469,11655,5009,11645,3583,11640,3559
2020-06-04 09:40:17.740000,11720.59,11655,5009,11660,6885,11645,3583,11640,4059
2020-06-04 09:40:19.900000,11720.59,11650,3469,11655,5009,11645,3583,11640,4059
2020-06-04 09:40:20.910000,11720.59,11650,4869,11655,8342,11640,3559,11635,3960
2020-06-04 09:40:21.930000,11720.59,11650,4869,11655,8342,11640,3559,11635,3960
2020-06-04 09:40:22.260000,11720.59,11650,4869,11655,5009,11640,3559,11635,3960
2020-06-04 09:40:23.080000,11720.59,11650,4869,11655,5009,11640,3559,11635,3960
2020-06-04 09:40:23.830000,11719.53,11650,4869,11655,5009,11640,3559,11635,3960
2020-06-04 09:40:25.610000,11719.53,11650,4869,11655,5009,11640,3559,11635,3960
2020-06-04 09:40:25.990000,11719.53,11645,3189,11650,4869,11640,3559,11635,3960
2020-06-04 09:40:27.200000,11719.53,11645,4589,11650,4869,11640,3559,11635,3960
2020-06-04 09:40:28.190000,11719.53,11645,3189,11650,4869,11635,3960,11630,6983
2020-06-04 09:40:28.550000,11719.53,11650,4869,11655,8342,11640,3559,11635,3960
2020-06-04 09:40:29.280000,11719.53,11650,4869,11655,5009,11640,3559,11635,3960
2020-06-04 09:40:30.380000,11719.53,11650,3469,11655,5009,11645,3583,11640,3559
2020-06-04 09:40:31.380000,11719.53,11650,4949,11655,5009,11645,3583,11640,3559
2020-06-04 09:40:31.640000,11719.53,11650,4949,11655,5009,11640,3559,11635,3960
2020-06-04 09:40:32.420000,11719.53,11650,4934,11655,5009,11640,3559,11635,3960
2020-06-04 09:40:33.480000,11719.53,11650,4934,11655,5009,11640,3559,11635,3960
2020-06-04 09:40:35.970000,11720.19,11650,4934,11655,5009,11645,3583,11640,3559
2020-06-04 09:40:36.590000,11720.19,11650,5234,11655,5009,11640,3559,11635,3960
2020-06-04 09:40:40.220000,11720.19,11645,3189,11650,5234,11640,3559,11635,3960
2020-06-04 09:40:40.560000,11720.19,11645,4489,11650,5234,11640,3559,11635,3960
2020-06-04 09:40:41.330000,11720.19,11645,3189,11650,5234,11635,3960,11630,6983
2020-06-04 09:40:42.370000,11720.19,11650,5234,11655,8342,11640,3559,11635,3960
2020-06-04 09:40:43.890000,11720.19,11650,5234,11655,5009,11640,3559,11635,3960
2020-06-04 09:40:44.920000,11720.19,11650,4134,11655,5009,11645,3583,11640,3559
2020-06-04 09:40:45.170000,11718.47,11650,380,11655,5009,11645,3583,11640,4059
2020-06-04 09:40:46.000000,11718.47,11655,5009,11660,3552,11645,3583,11640,4059
2020-06-04 09:40:47.000000,11718.47,11655,5009,11660,3552,11645,4283,11640,4059
2020-06-04 09:40:48.640000,11718.47,11655,5009,11660,6885,11645,4283,11640,4059
2020-06-04 09:40:48.930000,11718.47,11650,3454,11655,5009,11645,3583,11640,4059
2020-06-04 09:40:49.620000,11718.47,11650,4854,11655,5009,11645,3583,11640,4059
2020-06-04 09:40:50.710000,11718.47,11650,3454,11655,5009,11645,3583,11640,4059
2020-06-04 09:40:51.290000,11718.47,11655,5009,11660,3552,11645,3583,11640,4059
2020-06-04 09:40:56.520000,11721.72,11655,5009,11660,6885,11645,3583,11640,4059
2020-06-04 09:40:56.820000,11721.72,11655,5009,11660,3552,11645,3583,11640,4059
2020-06-04 09:40:58.630000,11721.72,11655,3609,11660,3552,11650,3410,11645,4083
2020-06-04 09:40:59.160000,11721.72,11655,5009,11660,3552,11650,3410,11645,3583
2020-06-04 09:41:01.230000,11721.72,11655,3609,11660,3552,11650,3410,11645,3583
2020-06-04 09:41:01.600000,11721.72,11655,5009,11660,3552,11650,3410,11645,3583
2020-06-04 09:41:02.260000,11721.72,11655,5009,11660,3552,11645,3583,11640,4059
2020-06-04 09:41:03.370000,11721.72,11655,4994,11660,3552,11645,3583,11640,4059
2020-06-04 09:41:03.860000,11724.19,11655,4994,11660,3552,11645,3583,11640,4059
2020-06-04 09:41:04.800000,11724.19,11655,4994,11660,3552,11645,3583,11640,4059
2020-06-04 09:41:06.500000,11724.19,11655,3674,11660,3552,11650,3410,11645,3583
2020-06-04 09:41:07.550000,11724.19,11655,3674,11660,3552,11650,3410,11645,4083
2020-06-04 09:41:08.160000,11724.19,11655,145,11660,3552,11650,3410,11645,4083
2020-06-04 09:41:09.110000,11724.19,11655,145,11660,3552,11650,3410,11645,4083
2020-06-04 09:41:10.570000,11724.19,11655,145,11660,3552,11650,3410,11645,4083
2020-06-04 09:41:12.050000,11724.19,11660,3552,11665,3246,11655,3150,11650,3410
2020-06-04 09:41:13.250000,11724.19,11660,4952,11665,3246,11655,3150,11650,3410
2020-06-04 09:41:13.770000,11724.19,11660,4952,11665,6579,11650,3410,11645,4083
2020-06-04 09:41:14.830000,11725.42,11655,3529,11660,4952,11650,3410,11645,4083
2020-06-04 09:41:15.360000,11725.42,11655,4929,11660,4952,11645,3583,11640,7392
2020-06-04 09:41:16.420000,11725.42,11655,3529,11660,4952,11650,3410,11645,4083
2020-06-04 09:41:16.860000,11725.42,11660,4952,11665,6579,11650,3410,11645,4083
2020-06-04 09:41:17.950000,11725.42,11660,4952,11665,3246,11650,3410,11645,4083
2020-06-04 09:41:18.330000,11725.42,11660,4952,11665,6579,11650,3410,11645,4083
2020-06-04 09:41:20.080000,11725.42,11660,4952,11665,6579,11650,3410,11645,4083
2020-06-04 09:41:21.170000,11725.42,11660,4952,11665,3246,11650,3410,11645,4083
2020-06-04 09:41:22.660000,11725.42,11660,4952,11665,3246,11650,3410,11645,4083
2020-06-04 09:41:23.780000,11725.42,11655,3273,11660,4952,11650,3410,11645,4083
2020-06-04 09:41:24.250000,11728.22,11655,4673,11660,4952,11645,3583,11640,4059
2020-06-04 09:41:25.340000,11728.22,11655,4673,11660,4952,11645,4083,11640,4059
2020-06-04 09:41:26.490000,11728.22,11655,4673,11660,4952,11645,3583,11640,4059
2020-06-04 09:41:27.960000,11728.22,11655,3273,11660,4952,11650,3410,11645,4083
2020-06-04 09:41:29.010000,11728.22,11660,4952,11665,6579,11650,3410,11645,4083
2020-06-04 09:41:29.370000,11728.22,11660,4952,11665,3246,11650,3410,11645,4083
2020-06-04 09:41:30.140000,11728.22,11660,4952,11665,3246,11650,3410,11645,4083
2020-06-04 09:41:30.920000,11728.22,11660,4952,11665,3246,11655,3150,11650,3410
2020-06-04 09:41:32.550000,11728.22,11660,4952,11665,3246,11655,3150,11650,3410
2020-06-04 09:41:33.250000,11728.22,11660,4952,11665,3246,11650,3410,11645,4083
2020-06-04 09:41:34.300000,11730.62,11660,4936,11665,3246,11650,3410,11645,4083
2020-06-04 09:41:37.660000,11730.62,11660,49,11665,3246,11655,3150,11650,3910
2020-06-04 09:41:39.000000,11730.62,11660,49,11665,3246,11655,3150,11650,3910
2020-06-04 09:41:40.330000,11730.62,11660,3536,11665,3246,11655,3150,11650,3910
2020-06-04 09:41:41.140000,11730.62,11660,3616,11665,3246,11655,3150,11650,3910
2020-06-04 09:41:42.760000,11730.62,11665,3246,11670,7330,11655,3150,11650,3910
2020-06-04 09:41:43.840000,11728.75,11665,4646,11670,7330,11655,3150,11650,3910
2020-06-04 09:41:44.860000,11728.75,11660,3487,11665,4646,11655,3150,11650,3910
2020-06-04 09:41:45.530000,11728.75,11660,4887,11665,4646,11655,3150,11650,3410
2020-06-04 09:41:46.510000,11728.75,11660,4887,11665,4646,11650,3410,11645,4083
2020-06-04 09:41:46.760000,11728.75,11660,4887,11665,4646,11655,3150,11650,3910
2020-06-04 09:41:47.560000,11728.75,11660,3487,11665,4646,11655,3150,11650,3910
2020-06-04 09:41:51.320000,11728.75,11660,3487,11665,4646,11655,3150,11650,3910
2020-06-04 09:41:52.310000,11728.75,11660,4887,11665,4646,11650,3410,11645,4083
2020-06-04 09:41:52.760000,11728.75,11660,4887,11665,4646,11650,3410,11645,4083
2020-06-04 09:41:54.260000,11731.24,11660,4887,11665,4646,11650,3410,11645,7416
2020-06-04 09:41:55.480000,11731.24,11660,3487,11665,4646,11655,3150,11650,3410
2020-06-04 09:41:56.530000,11731.24,11660,4887,11665,4646,11655,3150,11650,3410
2020-06-04 09:41:56.930000,11731.24,11660,4887,11665,4646,11650,3410,11645,4083
2020-06-04 09:41:58.090000,11731.24,11660,4887,11665,4646,11650,3410,11645,4083
2020-06-04 09:41:59.650000,11731.24,11660,4887,11665,4646,11650,3410,11645,4083
2020-06-04 09:41:59.990000,11731.24,11660,4887,11665,4646,11650,3410,11645,4083
2020-06-04 09:42:00.790000,11731.24,11660,4887,11665,4646,11655,3150,11650,3410
2020-06-04 09:42:01.600000,11731.24,11665,4646,11670,7330,11655,3150,11650,3910
2020-06-04 09:42:02.860000,11731.24,11665,4646,11670,7330,11655,3150,11650,3910
2020-06-04 09:42:04.300000,11732.48,11665,4646,11670,3997,11655,3150,11650,3910
2020-06-04 09:42:05.460000,11732.48,11665,4631,11670,3997,11655,3150,11650,3910
2020-06-04 09:42:05.990000,11732.48,11665,4631,11670,3997,11655,3150,11650,3910
2020-06-04 09:42:07.550000,11732.48,11665,4631,11670,3997,11655,3150,11650,3910
2020-06-04 09:42:11.520000,11732.48,11665,4631,11670,3997,11655,3150,11650,3910
2020-06-04 09:42:12.430000,11732.48,11665,4631,11670,7330,11655,3150,11650,3910
2020-06-04 09:42:12.960000,11732.48,11660,3487,11665,4631,11655,3150,11650,3910
2020-06-04 09:42:13.680000,11732.48,11665,4631,11670,3997,11655,3150,11650,3910
2020-06-04 09:42:14.330000,11734.84,11665,4631,11670,3997,11655,3150,11650,3910
2020-06-04 09:42:15.160000,11734.84,11665,4631,11670,3997,11655,3150,11650,3910
2020-06-04 09:42:15.950000,11734.84,11665,4711,11670,7330,11655,3150,11650,3910
2020-06-04 09:42:16.960000,11734.84,11665,4711,11670,7330,11655,3150,11650,3910
2020-06-04 09:42:17.970000,11734.84,11665,4711,11670,3997,11655,3150,11650,3910
2020-06-04 09:42:18.660000,11734.84,11665,4711,11670,3997,11655,3650,11650,3910
2020-06-04 09:42:19.960000,11734.84,11665,4711,11670,3997,11655,3650,11650,7243
2020-06-04 09:42:21.270000,11734.84,11665,3311,11670,3997,11660,3460,11655,3150
2020-06-04 09:42:21.990000,11734.84,11670,3997,11675,6787,11660,3460,11655,3150
2020-06-04 09:42:22.720000,11734.84,11670,5397,11675,6787,11660,3460,11655,3150
2020-06-04 09:42:26.070000,11734.96,11670,5397,11675,3454,11660,3460,11655,3650
2020-06-04 09:42:26.660000,11734.96,11670,5397,11675,3454,11665,3559,11660,3460
2020-06-04 09:42:27.470000,11734.96,11670,5397,11675,3454,11665,3559,11660,3460
2020-06-04 09:42:28.160000,11734.96,11670,5397,11675,3454,11660,3460,11655,3650
2020-06-04 09:42:28.770000,11734.96,11665,3092,11670,5397,11660,3460,11655,3650
2020-06-04 09:42:29.570000,11734.96,11665,4492,11670,5397,11655,3150,11650,3910
2020-06-04 09:42:30.890000,11734.96,11665,4492,11670,8730,11655,3150,11650,3910
2020-06-04 09:42:32.070000,11734.96,11665,4492,11670,5397,11655,3150,11650,3910
2020-06-04 09:42:34.390000,11735.09,11665,4492,11670,5397,11655,3150,11650,3910
2020-06-04 09:42:36.360000,11735.09,11665,4477,11670,5397,11655,3150,11650,3910
2020-06-04 09:42:38.720000,11735.09,11665,4477,11670,5397,11655,3150,11650,3910
2020-06-04 09:42:39.560000,11735.09,11665,4477,11670,5397,11655,3150,11650,3910
2020-06-04 09:42:42.660000,11735.09,11665,4467,11670,5397,11655,3150,11650,3910
2020-06-04 09:42:44.160000,11738.37,11665,3067,11670,5397,11655,3150,11650,3910
2020-06-04 09:42:44.730000,11738.37,11665,4467,11670,5397,11655,3150,11650,3910
2020-06-04 09:42:46.560000,11738.37,11665,4467,11670,5397,11655,3150,11650,3910
2020-06-04 09:42:47.480000,11738.37,11665,4467,11670,8730,11655,3150,11650,3910
2020-06-04 09:42:47.860000,11738.37,11660,3487,11665,4467,11655,3150,11650,3910
2020-06-04 09:42:48.980000,11738.37,11660,3487,11665,4467,11655,3150,11650,3910
2020-06-04 09:42:49.160000,11738.37,11660,3587,11665,4467,11655,3150,11650,3910
2020-06-04 09:42:50.060000,11738.37,11660,3487,11665,4467,11655,3150,11650,3910
2020-06-04 09:42:51.170000,11738.37,11660,3567,11665,4467,11655,3150,11650,3910
2020-06-04 09:42:51.360000,11738.37,11660,3567,11665,4467,11655,3150,11650,3410
2020-06-04 09:42:52.140000,11738.37,11660,3567,11665,4467,11655,3150,11650,3410
2020-06-04 09:42:53.190000,11738.37,11660,4967,11665,4467,11655,3150,11650,3410
2020-06-04 09:42:53.370000,11738.37,11660,3567,11665,4467,11650,3410,11645,7616
2020-06-04 09:42:54.290000,11739.23,11660,3567,11665,4467,11655,3150,11650,3410
2020-06-04 09:42:56.650000,11739.23,11665,4467,11670,8730,11660,3235,11655,3150
2020-06-04 09:42:57.500000,11739.23,11665,3067,11670,5397,11660,6695,11655,3650
2020-06-04 09:42:58.540000,11739.23,11670,5397,11675,3454,11660,6695,11655,3650
2020-06-04 09:42:58.860000,11739.23,11670,5397,11675,3454,11660,6695,11655,3650
2020-06-04 09:43:00.060000,11739.23,11670,3997,11675,3454,11665,3559,11660,6695
2020-06-04 09:43:00.590000,11739.23,11670,3997,11675,3454,11665,3559,11660,6695
2020-06-04 09:43:01.670000,11739.23,11670,3997,11675,3454,11665,3559,11660,7195
2020-06-04 09:43:02.200000,11739.23,11670,808,11675,3454,11665,3559,11660,7195
2020-06-04 09:43:04.290000,11743.99,11670,5397,11675,3454,11665,3559,11660,7195
2020-06-04 09:43:04.650000,11743.99,11670,5397,11675,3454,11665,3559,11660,6695
2020-06-04 09:43:05.820000,11743.99,11670,3997,11675,3454,11665,3559,11660,6695
2020-06-04 09:43:06.880000,11743.99,11670,3997,11675,3454,11665,3559,11660,7195
2020-06-04 09:43:07.170000,11743.99,11670,3981,11675,3454,11665,3559,11660,6695
2020-06-04 09:43:08.490000,11743.99,11670,3981,11675,3454,11665,3559,11660,6695
2020-06-04 09:43:09.540000,11743.99,11670,3981,11675,3454,11665,3559,11660,6695
2020-06-04 09:43:10.570000,11743.99,11670,3981,11675,3454,11665,3559,11660,7195
2020-06-04 09:43:13.730000,11743.99,11670,3981,11675,3454,11665,3549,11660,7195
2020-06-04 09:43:13.900000,11742.58,11670,3981,11675,3454,11665,3549,11660,7195
2020-06-04 09:43:16.260000,11742.58,11670,3981,11675,3454,11665,3549,11660,7195
2020-06-04 09:43:17.360000,11742.58,11670,5281,11675,3454,11665,3549,11660,7195
2020-06-04 09:43:17.550000,11742.58,11670,5281,11675,3454,11660,6695,11655,3650
2020-06-04 09:43:18.510000,11742.58,11665,3067,11670,5281,11660,6695,11655,3650
2020-06-04 09:43:18.900000,11742.58,11665,4467,11670,5281,11660,3235,11655,3650
2020-06-04 09:43:19.600000,11742.58,11665,3467,11670,5281,11660,3235,11655,3650
2020-06-04 09:43:20.580000,11742.58,11670,5281,11675,3454,11660,6695,11655,3650
2020-06-04 09:43:21.630000,11742.58,11670,5481,11675,3454,11665,3549,11660,6695
2020-06-04 09:43:22.040000,11742.58,11670,5481,11675,3454,11665,3649,11660,6695
2020-06-04 09:43:22.630000,11742.58,11670,5481,11675,3454,11665,3649,11660,7195
2020-06-04 09:43:23.660000,11742.58,11670,5281,11675,3454,11665,3649,11660,7195
2020-06-04 09:43:24.770000,11743.74,11670,5481,11675,3454,11665,100,11660,6695
2020-06-04 09:43:25.820000,11743.74,11665,3067,11670,5561,11660,6695,11655,3650
2020-06-04 09:43:26.270000,11743.74,11665,4567,11670,5561,11660,6695,11655,3650
2020-06-04 09:43:26.890000,11743.74,11665,4567,11670,5561,11660,3235,11655,3650
2020-06-04 09:43:27.860000,11743.74,11665,3067,11670,5561,11660,6695,11655,3650
2020-06-04 09:43:28.030000,11743.74,11670,5561,11675,6787,11660,6695,11655,3650
2020-06-04 09:43:28.890000,11743.74,11670,5561,11675,3454,11660,6695,11655,3650
2020-06-04 09:43:29.160000,11743.74,11665,3067,11670,5561,11660,3235,11655,3150
2020-06-04 09:43:29.990000,11743.74,11665,4567,11670,5561,11660,3235,11655,3150
2020-06-04 09:43:32.020000,11743.74,11665,4567,11670,5561,11660,3235,11655,3150
2020-06-04 09:43:33.060000,11743.74,11665,4567,11670,7794,11660,3235,11655,3150
2020-06-04 09:43:33.450000,11743.74,11660,3487,11665,4567,11655,4650,11650,3910
2020-06-04 09:43:34.630000,11744.76,11660,3487,11665,4567,11655,3150,11650,3910
2020-06-04 09:43:36.560000,11744.76,11660,3487,11665,4567,11655,4650,11650,3910
2020-06-04 09:43:37.330000,11744.76,11660,4987,11665,4567,11650,3910,11645,4283
2020-06-04 09:43:38.360000,11744.76,11655,3273,11660,4987,11650,3410,11645,4283
2020-06-04 09:43:38.870000,11744.76,11655,4773,11660,4987,11645,5283,11640,4049
2020-06-04 09:43:39.900000,11744.76,11650,3454,11655,4773,11645,5083,11640,4049
2020-06-04 09:43:40.920000,11744.76,11650,3454,11655,4773,11645,5283,11640,4049
2020-06-04 09:43:41.500000,11744.76,11655,4773,11660,4987,11650,3454,11645,5283
2020-06-04 09:43:43.540000,11744.76,11655,4773,11660,4987,11650,3454,11645,5283
2020-06-04 09:43:43.860000,11742.87,11655,4773,11660,4987,11650,6864,11645,5283
2020-06-04 09:43:44.670000,11742.87,11655,4773,11660,4987,11650,6864,11645,5783
2020-06-04 09:43:45.590000,11742.87,11655,3273,11660,4987,11650,6864,11645,5783
2020-06-04 09:43:46.030000,11742.87,11655,3273,11660,4987,11650,6864,11645,5783
2020-06-04 09:43:47.250000,11742.87,11655,4773,11660,4987,11650,6864,11645,5783
2020-06-04 09:43:47.500000,11742.87,11655,3273,11660,4987,11650,6864,11645,5783
2020-06-04 09:43:48.320000,11742.87,11655,3273,11660,4987,11650,6864,11645,5783
2020-06-04 09:43:48.790000,11742.87,11655,3273,11660,4987,11650,6864,11645,5783
2020-06-04 09:43:50.400000,11742.87,11655,3273,11660,4987,11650,6864,11645,5783
2020-06-04 09:43:50.620000,11742.87,11655,3273,11660,4987,11650,6864,11645,5783
2020-06-04 09:43:51.370000,11742.87,11655,3273,11660,4987,11650,6864,11645,5783
2020-06-04 09:43:53.530000,11742.87,11655,3273,11660,4987,11650,6864,11645,5783
2020-06-04 09:43:55.060000,11740.51,11655,3273,11660,4987,11650,6864,11645,5783
2020-06-04 09:43:56.160000,11740.51,11655,4773,11660,4987,11650,6864,11645,5783
2020-06-04 09:43:56.560000,11740.51,11655,3273,11660,4987,11650,6864,11645,5783
2020-06-04 09:43:57.650000,11740.51,11655,3273,11660,4987,11650,6864,11645,5783
2020-06-04 09:43:57.960000,11740.51,11660,4987,11665,7900,11650,6864,11645,5783
2020-06-04 09:43:58.730000,11740.51,11660,4987,11665,7900,11650,6864,11645,5783
2020-06-04 09:43:59.790000,11740.51,11655,3273,11660,4987,11650,3454,11645,5783
2020-06-04 09:44:00.210000,11740.51,11655,4773,11660,4987,11650,3454,11645,5783
2020-06-04 09:44:01.380000,11740.51,11655,3353,11660,4987,11650,3454,11645,5783
2020-06-04 09:44:01.570000,11740.51,11655,3353,11660,4987,11650,6864,11645,5783
2020-06-04 09:44:02.370000,11740.51,11655,3353,11660,4987,11650,6964,11645,5783
2020-06-04 09:44:03.870000,11739.12,11655,4053,11660,4987,11650,6964,11645,5783
2020-06-04 09:44:04.460000,11739.12,11655,4853,11660,8320,11650,3554,11645,5283
2020-06-04 09:44:05.600000,11739.12,11650,3454,11655,4853,11645,5283,11640,4049
2020-06-04 09:44:05.870000,11739.12,11650,3454,11655,4853,11645,5283,11640,4049
2020-06-04 09:44:06.540000,11739.12,11650,3454,11655,4853,11645,5283,11640,4049
2020-06-04 09:44:07.600000,11739.12,11650,3454,11655,4853,11645,5283,11640,4049
2020-06-04 09:44:07.760000,11739.12,11655,4853,11660,8320,11645,5283,11640,4049
2020-06-04 09:44:08.970000,11739.12,11655,4853,11660,8320,11645,5283,11640,4049
2020-06-04 09:44:09.770000,11739.12,11650,3439,11655,4853,11645,5283,11640,4049
2020-06-04 09:44:10.830000,11739.12,11655,4853,11660,8320,11645,5283,11640,4049
2020-06-04 09:44:11.360000,11739.12,11655,3353,11660,4987,11650,3410,11645,5783
2020-06-04 09:44:12.380000,11739.12,11655,80,11660,4987,11650,4910,11645,5783
2020-06-04 09:44:13.430000,11739.12,11655,80,11660,4987,11650,4910,11645,5783
2020-06-04 09:44:14.460000,11737.5,11655,80,11660,4987,11650,4910,11645,5783
2020-06-04 09:44:14.740000,11737.5,11655,80,11660,4987,11650,4910,11645,5783
2020-06-04 09:44:15.440000,11737.5,11655,4853,11660,4987,11650,3410,11645,5783
2020-06-04 09:44:16.050000,11737.5,11655,4853,11660,8320,11645,5283,11640,4349
2020-06-04 09:44:17.080000,11737.5,11655,4853,11660,8320,11645,3783,11640,4349
2020-06-04 09:44:17.420000,11737.5,11655,4853,11660,8320,11645,5283,11640,4349
2020-06-04 09:44:18.580000,11737.5,11655,4853,11660,8320,11645,5283,11640,4349
2020-06-04 09:44:18.890000,11737.5,11655,4853,11660,8320,11645,5283,11640,4349
2020-06-04 09:44:20.690000,11737.5,11655,4853,11660,4987,11645,5783,11640,4349
2020-06-04 09:44:21.720000,11737.5,11655,3553,11660,4987,11650,3410,11645,5783
2020-06-04 09:44:22.090000,11737.5,11655,4853,11660,4987,11650,1500,11645,5283
2020-06-04 09:44:22.770000,11737.5,11655,4853,11660,4987,11645,5283,11640,4349
2020-06-04 09:44:23.750000,11737.5,11655,4853,11660,4987,11650,3410,11645,5783
2020-06-04 09:44:23.980000,11735.82,11655,3353,11660,4987,11650,3410,11645,5783
2020-06-04 09:44:26.660000,11735.82,11655,3353,11660,4987,11650,3410,11645,5783
2020-06-04 09:44:27.440000,11735.82,11655,80,11660,4987,11650,3410,11645,5783
2020-06-04 09:44:27.760000,11735.82,11655,80,11660,4987,11650,3410,11645,5783
2020-06-04 09:44:28.530000,11735.82,11655,4853,11660,4987,11650,3410,11645,5783
2020-06-04 09:44:28.920000,11735.82,11655,3353,11660,4987,11650,3410,11645,5783
2020-06-04 09:44:29.560000,11735.82,11655,3353,11660,4987,11650,3410,11645,5783
2020-06-04 09:44:30.540000,11735.82,11655,4853,11660,4987,11650,3410,11645,5783
2020-06-04 09:44:31.540000,11735.82,11655,3353,11660,4987,11650,3410,11645,5783
2020-06-04 09:44:32.970000,11735.21,11655,3353,11660,4987,11650,3410,11645,5783
2020-06-04 09:44:34.260000,11735.21,11655,80,11660,4987,11650,3410,11645,5783
2020-06-04 09:44:35.310000,11735.21,11660,4987,11665,4567,11655,3720,11650,4210
2020-06-04 09:44:36.250000,11735.21,11660,5067,11665,4567,11655,3720,11650,3710
2020-06-04 09:44:36.450000,11735.21,11660,5067,11665,7900,11650,3710,11645,5783
2020-06-04 09:44:37.400000,11735.21,11655,3273,11660,5067,11650,3410,11645,5783
2020-06-04 09:44:38.000000,11735.21,11655,3273,11660,5067,11650,3410,11645,5783
2020-06-04 09:44:38.950000,11735.21,11655,3273,11660,5067,11650,3410,11645,5783
2020-06-04 09:44:39.150000,11735.21,11655,3273,11660,5067,11650,3410,11645,5783
2020-06-04 09:44:39.990000,11735.21,11655,3273,11660,5067,11650,3410,11645,5783
2020-06-04 09:44:40.490000,11735.21,11655,4773,11660,5067,11650,3410,11645,5783
2020-06-04 09:44:41.590000,11735.21,11655,3257,11660,5067,11650,3410,11645,5783
2020-06-04 09:44:41.990000,11735.21,11655,3257,11660,5067,11650,3410,11645,5783
2020-06-04 09:44:42.650000,11735.21,11655,3257,11660,5067,11650,3410,11645,5783
2020-06-04 09:44:43.680000,11735.21,11660,5067,11665,7900,11650,3410,11645,5783
2020-06-04 09:44:44.060000,11736.15,11660,5067,11665,7900,11650,3410,11645,5783
2020-06-04 09:44:45.370000,11736.15,11660,5067,11665,4567,11650,3410,11645,5783
2020-06-04 09:44:46.290000,11736.15,11660,3567,11665,4567,11655,3720,11650,3410
2020-06-04 09:44:47.300000,11736.15,11660,3567,11665,4567,11655,3720,11650,3410
2020-06-04 09:44:48.490000,11736.15,11660,80,11665,4567,11655,3720,11650,3910
2020-06-04 09:44:49.460000,11736.15,11665,4567,11670,7794,11655,3720,11650,3910
2020-06-04 09:44:49.960000,11736.15,11665,4567,11670,7794,11655,3720,11650,3910
2020-06-04 09:44:51.050000,11736.15,11665,3067,11670,4461,11660,3460,11655,4220
2020-06-04 09:44:51.570000,11736.15,11670,4461,11675,6772,11660,3460,11655,4220
2020-06-04 09:44:52.580000,11736.15,11670,5561,11675,6772,11665,3549,11660,3460
2020-06-04 09:44:53.160000,11734.48,11670,5561,11675,6772,11660,3460,11655,4220
2020-06-04 09:44:54.240000,11734.48,11665,3067,11670,5561,11655,3720,11650,3910
2020-06-04 09:44:54.660000,11734.48,11665,4567,11670,8894,11655,3720,11650,3910
2020-06-04 09:44:55.820000,11734.48,11660,3487,11665,4567,11655,3720,11650,3910
2020-06-04 09:44:56.160000,11734.48,11660,3487,11665,4567,11655,3720,11650,3910
2020-06-04 09:44:56.900000,11734.48,11665,4567,11670,8894,11655,3720,11650,3910
2020-06-04 09:44:58.050000,11734.48,11665,4567,11670,8894,11655,3720,11650,3910
2020-06-04 09:44:58.930000,11734.48,11665,4567,11670,8894,11655,3720,11650,3910
2020-06-04 09:44:59.990000,11734.48,11665,4567,11670,8894,11655,3720,11650,3910
2020-06-04 09:45:00.460000,11734.48,11660,3487,11665,4567,11655,3720,11650,3910
2020-06-04 09:45:01.550000,11734.48,11660,4987,11665,7900,11650,3410,11645,5783
2020-06-04 09:45:02.570000,11734.48,11660,4987,11665,7900,11650,3410,11645,5783
2020-06-04 09:45:02.960000,11734.48,11655,3257,11660,4987,11650,3410,11645,5783
2020-06-04 09:45:04.050000,11736.92,11655,3257,11660,4987,11650,3410,11645,5783
2020-06-04 09:45:05.770000,11736.92,11655,4757,11660,8320,11645,5283,11640,4349
2020-06-04 09:45:06.080000,11736.92,11655,4757,11660,8320,11645,5283,11640,4349
2020-06-04 09:45:06.830000,11736.92,11650,3439,11655,4757,11645,200,11640,4349
2020-06-04 09:45:07.890000,11736.92,11650,4939,11655,4757,11645,200,11640,4349
2020-06-04 09:45:08.360000,11736.92,11650,4939,11655,8090,11645,200,11640,3849
2020-06-04 09:45:09.490000,11736.92,11650,4939,11655,8090,11645,200,11640,3849
2020-06-04 09:45:10.550000,11736.92,11650,4939,11655,8090,11645,200,11640,3849
2020-06-04 09:45:10.950000,11736.92,11650,3519,11655,4757,11645,200,11640,4349
2020-06-04 09:45:12.130000,11736.92,11650,3504,11655,4757,11645,3783,11640,4349
2020-06-04 09:45:12.560000,11736.92,11650,65,11655,4757,11645,3783,11640,4349
2020-06-04 09:45:13.620000,11736.92,11650,65,11655,4757,11645,3783,11640,4349
2020-06-04 09:45:14.750000,11734.83,11650,5004,11655,4757,11645,3783,11640,4349
2020-06-04 09:45:15.780000,11734.83,11650,5004,11655,4757,11645,3783,11640,3849
2020-06-04 09:45:16.080000,11734.83,11650,65,11655,4757,11645,3783,11640,4349
2020-06-04 09:45:16.830000,11734.83,11650,65,11655,4757,11645,3783,11640,4349
2020-06-04 09:45:18.150000,11734.83,11650,4304,11655,4757,11645,3783,11640,3849
2020-06-04 09:45:19.000000,11734.83,11650,4304,11655,4757,11645,3783,11640,4349
2020-06-04 09:45:20.260000,11734.83,11650,65,11655,4757,11645,3783,11640,4349
2020-06-04 09:45:21.560000,11734.83,11650,3504,11655,4757,11645,3783,11640,4349
2020-06-04 09:45:22.950000,11734.83,11650,65,11655,4757,11645,3783,11640,4349
2020-06-04 09:45:24.260000,11734.66,11650,65,11655,4757,11645,3783,11640,4349
2020-06-04 09:45:25.180000,11734.66,11650,65,11655,4757,11645,3783,11640,4349
2020-06-04 09:45:26.150000,11734.66,11650,65,11655,4757,11645,3783,11640,4349
2020-06-04 09:45:26.370000,11734.66,11655,4757,11660,8320,11645,3983,11640,4349
2020-06-04 09:45:27.320000,11734.66,11655,4757,11660,8320,11645,3983,11640,4349
2020-06-04 09:45:27.760000,11734.66,11655,4757,11660,8320,11645,3983,11640,4349
2020-06-04 09:45:28.850000,11734.66,11655,4757,11660,8320,11645,3983,11640,4349
2020-06-04 09:45:28.990000,11734.66,11655,4757,11660,8320,11645,3983,11640,4349
2020-06-04 09:45:33.130000,11734.66,11650,3439,11655,4757,11645,3783,11640,4349
2020-06-04 09:45:33.350000,11734.66,11650,4939,11655,4757,11645,3783,11640,4349
2020-06-04 09:45:34.160000,11735.01,11650,4939,11655,8090,11645,200,11640,3849
2020-06-04 09:45:35.210000,11735.01,11645,3189,11650,4939,11640,3849,11635,3960
2020-06-04 09:45:35.590000,11735.01,11650,4939,11655,8090,11640,3849,11635,3960
2020-06-04 09:45:37.120000,11735.01,11650,4939,11655,4757,11645,3583,11640,4349
2020-06-04 09:45:38.300000,11735.01,11655,4757,11660,8320,11645,3583,11640,4349
2020-06-04 09:45:38.550000,11735.01,11650,3439,11655,4757,11645,3583,11640,4349
2020-06-04 09:45:39.380000,11735.01,11650,4939,11655,4757,11640,4349,11635,3960
2020-06-04 09:45:40.350000,11735.01,11650,4939,11655,4757,11640,3849,11635,3960
2020-06-04 09:45:41.490000,11735.01,11650,4939,11655,4757,11645,3583,11640,4349
2020-06-04 09:45:41.960000,11735.01,11650,3439,11655,4757,11645,3583,11640,4349
2020-06-04 09:45:43.050000,11735.01,11650,4939,11655,4757,11645,3583,11640,4349
2020-06-04 09:45:43.350000,11735.01,11650,3424,11655,4757,11645,3583,11640,4349
2020-06-04 09:45:44.050000,11730.79,11650,3424,11655,4757,11645,3583,11640,4349
2020-06-04 09:45:45.080000,11730.79,11650,5004,11655,4757,11645,3583,11640,4349
2020-06-04 09:45:45.360000,11730.79,11650,5004,11655,4757,11640,4349,11635,3960
2020-06-04 09:45:46.130000,11730.79,11650,5004,11655,4757,11640,4349,11635,3960
2020-06-04 09:45:47.130000,11730.79,11650,5004,11655,4757,11640,4349,11635,3960
2020-06-04 09:45:47.570000,11730.79,11650,5004,11655,4757,11640,4349,11635,3960
2020-06-04 09:45:48.800000,11730.79,11650,5004,11655,8090,11640,3849,11635,3960
2020-06-04 09:45:49.960000,11730.79,11650,3504,11655,4757,11640,3849,11635,3960
2020-06-04 09:45:50.880000,11730.79,11650,3504,11655,4757,11645,3583,11640,3849
2020-06-04 09:45:51.360000,11730.79,11650,3504,11655,4757,11645,3583,11640,4349
2020-06-04 09:45:52.410000,11730.79,11650,4904,11655,4757,11645,3583,11640,4349
2020-06-04 09:45:53.460000,11730.79,11650,3504,11655,4757,11645,3583,11640,4349
2020-06-04 09:45:54.520000,11729.47,11650,3504,11655,4757,11645,3583,11640,4349
2020-06-04 09:45:55.530000,11729.47,11650,3504,11655,4757,11645,3583,11640,4349
2020-06-04 09:45:56.580000,11729.47,11650,3504,11655,4757,11645,3583,11640,4349
2020-06-04 09:45:57.590000,11729.47,11650,80,11655,4757,11645,3583,11640,4349
2020-06-04 09:45:58.690000,11729.47,11655,4757,11660,8320,11645,3783,11640,4349
2020-06-04 09:45:58.970000,11729.47,11655,4757,11660,8320,11645,3783,11640,4349
2020-06-04 09:46:01.780000,11729.47,11655,4757,11660,8320,11645,3783,11640,4349
2020-06-04 09:46:02.360000,11729.47,11655,4757,11660,8320,11645,3783,11640,4349
2020-06-04 09:46:03.620000,11730.76,11655,4757,11660,8320,11645,3783,11640,4349
2020-06-04 09:46:04.410000,11730.76,11655,3357,11660,8320,11645,3783,11640,4349
2020-06-04 09:46:04.870000,11730.76,11655,4757,11660,8320,11645,3783,11640,4349
2020-06-04 09:46:05.970000,11730.76,11655,4957,11660,8320,11645,3783,11640,4349
2020-06-04 09:46:07.360000,11730.76,11655,3457,11660,4987,11650,3410,11645,4283
2020-06-04 09:46:08.150000,11730.76,11655,200,11660,4987,11650,3410,11645,4283
2020-06-04 09:46:09.200000,11730.76,11660,3487,11665,4567,11655,3720,11650,3410
2020-06-04 09:46:09.560000,11730.76,11665,4567,11670,8894,11655,3720,11650,3910
2020-06-04 09:46:10.260000,11730.76,11665,4567,11670,8894,11655,3720,11650,3910
2020-06-04 09:46:12.340000,11730.76,11660,3487,11665,4567,11655,3720,11650,3910
2020-06-04 09:46:12.860000,11730.76,11660,4987,11665,4567,11655,3720,11650,3910
2020-06-04 09:46:13.930000,11730.76,11660,4987,11665,4567,11655,3720,11650,3410
2020-06-04 09:46:14.150000,11731.64,11660,4971,11665,7900,11655,200,11650,3410
2020-06-04 09:46:15.010000,11731.64,11660,4971,11665,7900,11650,4110,11645,4283
2020-06-04 09:46:16.040000,11731.64,11655,3257,11660,4971,11650,4110,11645,4283
2020-06-04 09:46:16.350000,11731.64,11655,3257,11660,4971,11650,4110,11645,4283
2020-06-04 09:46:17.590000,11731.64,11655,3257,11660,4971,11650,3410,11645,4283
2020-06-04 09:46:17.850000,11731.64,11655,3257,11660,4971,11645,4283,11640,4349
2020-06-04 09:46:18.600000,11731.64,11655,3257,11660,4971,11650,3410,11645,4283
2020-06-04 09:46:19.200000,11731.64,11655,3257,11660,4971,11650,3410,11645,4283
2020-06-04 09:46:20.150000,11731.64,11655,4837,11660,4971,11650,3410,11645,4283
2020-06-04 09:46:20.450000,11731.64,11655,4837,11660,4971,11645,4283,11640,4349
2020-06-04 09:46:21.260000,11731.64,11655,1580,11660,4971,11650,3410,11645,4283
2020-06-04 09:46:22.290000,11731.64,11655,80,11660,4971,11650,3410,11645,4283
2020-06-04 09:46:22.630000,11731.64,11655,80,11660,4971,11650,3410,11645,4283
2020-06-04 09:46:23.400000,11731.64,11655,4837,11660,4971,11650,3410,11645,4283
2020-06-04 09:46:24.460000,11732.94,11655,4837,11660,8304,11645,3783,11640,4349
2020-06-04 09:46:24.850000,11732.94,11655,4837,11660,4971,11645,4283,11640,4349
2020-06-04 09:46:26.010000,11732.94,11655,4837,11660,4971,11645,4283,11640,4349
2020-06-04 09:46:26.230000,11732.94,11655,4837,11660,4971,11650,3187,11645,4283
2020-06-04 09:46:28.020000,11732.94,11655,4837,11660,4971,11650,3187,11645,3783
2020-06-04 09:46:28.290000,11732.94,11655,4837,11660,8304,11645,3783,11640,4349
2020-06-04 09:46:30.870000,11732.94,11655,4837,11660,8304,11645,3783,11640,4349
2020-06-04 09:46:32.220000,11732.94,11650,3424,11655,4837,11645,3583,11640,4349
2020-06-04 09:46:33.320000,11732.94,11650,4924,11655,4837,11645,3583,11640,4349
2020-06-04 09:46:33.540000,11732.94,11645,2000,11650,4924,11640,3849,11635,3960
2020-06-04 09:46:34.380000,11731.43,11645,3189,11650,4924,11640,3849,11635,3960
2020-06-04 09:46:36.000000,11731.43,11645,3189,11650,4924,11640,3849,11635,3960
2020-06-04 09:46:36.180000,11731.43,11650,4924,11655,4837,11645,3189,11640,4349
2020-06-04 09:46:36.990000,11731.43,11650,4924,11655,4837,11645,6772,11640,4349
2020-06-04 09:46:37.160000,11731.43,11655,4837,11660,8304,11645,6772,11640,4349
2020-06-04 09:46:38.130000,11731.43,11655,4837,11660,8304,11645,6772,11640,4349
2020-06-04 09:46:38.360000,11731.43,11655,4837,11660,8304,11645,6772,11640,4349
2020-06-04 09:46:39.190000,11731.43,11655,4837,11660,4971,11650,3187,11645,6772
2020-06-04 09:46:39.660000,11731.43,11655,3337,11660,4971,11650,3187,11645,7272
2020-06-04 09:46:40.740000,11731.43,11655,3337,11660,4971,11650,3187,11645,7272
2020-06-04 09:46:40.990000,11731.43,11655,3337,11660,4971,11650,3187,11645,7272
2020-06-04 09:46:42.850000,11731.43,11655,3337,11660,4971,11650,3187,11645,7272
2020-06-04 09:46:43.350000,11731.43,11655,80,11660,4971,11650,3187,11645,7272
2020-06-04 09:46:44.390000,11730.12,11655,280,11660,4971,11650,3187,11645,7272
2020-06-04 09:46:44.910000,11730.12,11655,65,11660,4971,11650,3187,11645,7272
2020-06-04 09:46:45.950000,11730.12,11660,4971,11665,4567,11650,3187,11645,7272
2020-06-04 09:46:46.190000,11730.12,11660,4971,11665,4567,11655,3520,11650,3187
2020-06-04 09:46:47.030000,11730.12,11660,4971,11665,7900,11650,3187,11645,7272
2020-06-04 09:46:47.560000,11730.12,11660,4971,11665,7900,11650,3187,11645,7272
2020-06-04 09:46:48.520000,11730.12,11655,3257,11660,4971,11650,3187,11645,7272
2020-06-04 09:46:49.590000,11730.12,11655,4757,11660,4971,11650,3187,11645,7272
2020-06-04 09:46:49.800000,11730.12,11655,4757,11660,4971,11645,7272,11640,4349
2020-06-04 09:46:50.690000,11730.12,11655,4757,11660,4971,11645,6972,11640,4349
2020-06-04 09:46:51.690000,11730.12,11655,4757,11660,8304,11645,6972,11640,4349
2020-06-04 09:46:52.750000,11730.12,11650,3424,11655,4757,11645,6972,11640,4349
2020-06-04 09:46:53.830000,11728.14,11650,3624,11655,4757,11645,6972,11640,4349
2020-06-04 09:46:54.150000,11728.14,11650,3424,11655,4757,11645,6972,11640,4349
2020-06-04 09:46:54.730000,11728.14,11650,3504,11655,4757,11645,6972,11640,4349
2020-06-04 09:46:56.400000,11728.14,11650,3504,11655,4757,11645,6972,11640,4349
2020-06-04 09:46:56.760000,11728.14,11650,80,11655,4757,11645,6972,11640,4349
2020-06-04 09:46:57.890000,11728.14,11655,4757,11660,4971,11650,3187,11645,6972
2020-06-04 09:46:59.390000,11728.14,11655,4757,11660,4971,11645,6972,11640,4349
2020-06-04 09:47:00.060000,11728.14,11655,4757,11660,8304,11645,6972,11640,4349
2020-06-04 09:47:01.560000,11728.14,11655,4757,11660,4971,11645,6972,11640,4349
2020-06-04 09:47:02.960000,11728.14,11655,4757,11660,8304,11645,6972,11640,4349
2020-06-04 09:47:05.250000,11728.95,11655,4757,11660,8304,11645,6972,11640,4349
2020-06-04 09:47:05.420000,11728.95,11655,4757,11660,8304,11645,6972,11640,4349
2020-06-04 09:47:06.350000,11728.95,11655,4757,11660,8304,11645,6972,11640,4349
2020-06-04 09:47:07.420000,11728.95,11655,4757,11660,8304,11645,6972,11640,4349
2020-06-04 09:47:07.880000,11728.95,11655,4757,11660,4971,11645,7472,11640,4349
2020-06-04 09:47:10.170000,11728.95,11655,4757,11660,8304,11645,6972,11640,4349
2020-06-04 09:47:11.070000,11728.95,11655,4757,11660,8304,11645,6972,11640,4349
2020-06-04 09:47:11.350000,11728.95,11650,3424,11655,4757,11645,6972,11640,4349
2020-06-04 09:47:12.070000,11728.95,11650,4924,11655,4757,11645,6972,11640,4349
2020-06-04 09:47:13.150000,11728.95,11650,4924,11655,8090,11645,3389,11640,3849
2020-06-04 09:47:13.460000,11728.95,11645,300,11650,4924,11640,5349,11635,3960
2020-06-04 09:47:14.230000,11730.1,11645,4689,11650,4924,11640,3849,11635,3960
2020-06-04 09:47:15.190000,11730.1,11645,3389,11650,4924,11640,5249,11635,3960
2020-06-04 09:47:15.340000,11730.1,11650,4924,11655,8090,11640,5249,11635,3960
2020-06-04 09:47:16.290000,11730.1,11650,4909,11655,8090,11640,5249,11635,3960
2020-06-04 09:47:17.290000,11730.1,11645,3189,11650,4909,11640,5249,11635,3960
2020-06-04 09:47:17.690000,11730.1,11645,3189,11650,4909,11640,5249,11635,3960
2020-06-04 09:47:18.330000,11730.1,11645,3189,11650,4909,11640,3849,11635,3960
2020-06-04 09:47:18.830000,11730.1,11645,3189,11650,4909,11640,5349,11635,3960
2020-06-04 09:47:19.460000,11730.1,11650,4909,11655,8090,11640,5349,11635,3960
2020-06-04 09:47:20.540000,11730.1,11650,4909,11655,8090,11640,5349,11635,3960
2020-06-04 09:47:20.720000,11730.1,11650,5109,11655,4757,11640,5349,11635,3960
2020-06-04 09:47:21.550000,11730.1,11650,5109,11655,8090,11640,5349,11635,3960
2020-06-04 09:47:22.630000,11730.1,11650,3609,11655,4757,11645,3583,11640,5849
2020-06-04 09:47:22.790000,11730.1,11650,3609,11655,4757,11645,5083,11640,5849
2020-06-04 09:47:23.660000,11730.1,11650,3609,11655,4757,11645,3983,11640,5849
2020-06-04 09:47:24.150000,11729.59,11650,200,11655,4757,11645,3583,11640,5849
2020-06-04 09:47:25.220000,11729.59,11650,200,11655,4757,11645,3583,11640,5849
2020-06-04 09:47:25.550000,11729.59,11650,200,11655,4757,11645,3583,11640,5849
2020-06-04 09:47:26.290000,11729.59,11650,1,11655,4757,11645,3583,11640,5849
2020-06-04 09:47:27.330000,11729.59,11650,1501,11655,4757,11645,3583,11640,5849
2020-06-04 09:47:27.550000,11729.59,11650,1500,11655,4757,11645,3583,11640,5849
2020-06-04 09:47:28.380000,11729.59,11650,4909,11655,4757,11640,5349,11635,3960
2020-06-04 09:47:28.770000,11729.59,11650,4909,11655,8090,11640,5349,11635,3960
2020-06-04 09:47:29.460000,11729.59,11645,3189,11650,4909,11640,5349,11635,3960
2020-06-04 09:47:30.470000,11729.59,11645,3269,11650,4909,11640,5349,11635,3960
2020-06-04 09:47:30.860000,11729.59,11645,80,11650,4909,11640,5349,11635,3960
2020-06-04 09:47:32.030000,11729.59,11645,80,11650,4909,11640,5349,11635,3960
2020-06-04 09:47:32.750000,11729.59,11650,4909,11655,8090,11640,5349,11635,3960
2020-06-04 09:47:34.060000,11725.66,11645,3189,11650,4909,11640,3849,11635,3960
2020-06-04 09:47:35.190000,11725.66,11645,4689,11650,4909,11640,300,11635,3960
2020-06-04 09:47:35.450000,11725.66,11645,3189,11650,4909,11640,300,11635,3960
2020-06-04 09:47:36.250000,11725.66,11645,3189,11650,4909,11640,300,11635,3960
2020-06-04 09:47:37.310000,11725.66,11645,4689,11650,4909,11640,300,11635,3960
2020-06-04 09:47:38.360000,11725.66,11645,3189,11650,4909,11640,300,11635,3960
2020-06-04 09:47:39.270000,11725.66,11645,3189,11650,4909,11640,300,11635,3960
2020-06-04 09:47:40.000000,11725.66,11650,4909,11655,8090,11640,3849,11635,3960
2020-06-04 09:47:40.970000,11725.66,11650,4909,11655,8090,11640,3849,11635,3960
2020-06-04 09:47:42.470000,11725.66,11645,3189,11650,4909,11640,3849,11635,3960
2020-06-04 09:47:44.950000,11726.41,11650,4909,11655,8090,11640,3849,11635,3960
2020-06-04 09:47:45.610000,11726.41,11650,4909,11655,8090,11640,3849,11635,3960
2020-06-04 09:47:47.170000,11726.41,11645,3189,11650,4895,11640,3849,11635,3960
2020-06-04 09:47:47.950000,11726.41,11645,4689,11650,8228,11640,300,11635,3460
2020-06-04 09:47:48.560000,11726.41,11645,4689,11650,8228,11640,300,11635,3460
2020-06-04 09:47:49.820000,11726.41,11645,4689,11650,4895,11640,300,11635,3460
2020-06-04 09:47:50.980000,11726.41,11645,4689,11650,8228,11640,300,11635,3460
