time,nav,sell1,sell1_cnt,sell2,sell2_cnt,buy1,buy1_cnt,buy2,buy2_cnt
2020-06-03 09:16:52.900000,0.0,11805,4309,11810,2976,11800,3115,11795,4020
2020-06-03 09:16:53.600000,11856.42,11805,800,11810,2976,11800,3114,11795,4020
2020-06-03 09:16:54.780000,11856.42,11805,3409,11810,2976,11800,3114,11795,4020
2020-06-03 09:16:55.700000,11856.42,11805,500,11810,2976,11800,3114,11795,4020
2020-06-03 09:16:56.700000,11856.42,11810,2976,11815,3007,11800,3114,11795,4020
2020-06-03 09:16:57.730000,11856.42,11810,3876,11815,3007,11800,3114,11795,4020
2020-06-03 09:16:58.730000,11856.42,11805,4309,11810,3876,11800,2877,11795,4020
2020-06-03 09:16:59.730000,11856.42,11805,4309,11810,3876,11795,4020,11790,2826
2020-06-03 09:17:00.820000,11856.42,11800,3160,11805,4309,11795,4020,11790,2826
2020-06-03 09:17:01.990000,11856.42,11795,3490,11800,4060,11790,2826,11785,3003
2020-06-03 09:17:03.090000,11856.42,11795,4390,11800,4060,11785,3003,11780,9151
2020-06-03 09:17:04.240000,11854.37,11790,3000,11795,4390,11780,4318,11775,8328
2020-06-03 09:17:05.290000,11854.37,11790,3900,11795,4390,11780,4318,11775,3495
2020-06-03 09:17:06.500000,11854.37,11790,3960,11795,4390,11780,4318,11775,3495
2020-06-03 09:17:07.630000,11854.37,11790,3960,11795,4390,11780,4318,11775,8328
2020-06-03 09:17:08.700000,11854.37,11790,3060,11795,4390,11785,3003,11780,9151
2020-06-03 09:17:09.790000,11854.37,11795,4390,11800,4070,11785,3003,11780,4318
2020-06-03 09:17:10.830000,11854.37,11790,3000,11795,4390,11785,3003,11780,4318
2020-06-03 09:17:11.930000,11854.37,11790,3500,11795,4390,11785,3003,11780,4318
2020-06-03 09:17:12.900000,11854.37,11790,3900,11795,4390,11780,4318,11775,8328
2020-06-03 09:17:13.900000,11854.37,11790,3900,11795,4390,11780,4318,11775,8328
2020-06-03 09:17:14.860000,11849.09,11785,2970,11790,3900,11780,4318,11775,3495
2020-06-03 09:17:15.910000,11849.09,11790,3900,11795,4390,11780,4318,11775,3495
2020-06-03 09:17:16.970000,11849.09,11790,3900,11795,4390,11780,4318,11775,8328
2020-06-03 09:17:18.000000,11849.09,11790,3900,11795,4390,11780,4313,11775,8328
2020-06-03 09:17:22.140000,11849.09,11790,3900,11795,4400,11780,4313,11775,8328
2020-06-03 09:17:23.210000,11849.09,11790,3900,11795,4400,11780,4313,11775,3495
2020-06-03 09:17:23.890000,11849.09,11790,3900,11795,4400,11780,4313,11775,3495
2020-06-03 09:17:24.810000,11848.03,11790,3900,11795,4400,11780,4313,11775,8328
2020-06-03 09:17:25.890000,11848.03,11790,3900,11795,4400,11780,4313,11775,8328
2020-06-03 09:17:27.000000,11848.03,11790,3900,11795,4400,11780,4313,11775,8328
2020-06-03 09:17:28.030000,11848.03,11790,3910,11795,4400,11780,4313,11775,8328
2020-06-03 09:17:30.060000,11848.03,11785,3870,11790,3910,11780,899,11775,3495
2020-06-03 09:17:31.170000,11848.03,11785,3870,11790,3910,11780,899,11775,3495
2020-06-03 09:17:32.290000,11848.03,11785,900,11790,3910,11780,4312,11775,6828
2020-06-03 09:17:33.320000,11848.03,11785,3870,11790,3910,11780,4312,11775,3495
2020-06-03 09:17:34.290000,11842.07,11785,3870,11790,3910,11780,4312,11775,3495
2020-06-03 09:17:35.320000,11842.07,11785,3870,11790,3910,11780,4312,11775,3495
2020-06-03 09:17:36.300000,11842.07,11785,900,11790,3910,11780,4312,11775,3495
2020-06-03 09:17:37.330000,11842.07,11785,3870,11790,3910,11780,4312,11775,3495
2020-06-03 09:17:38.360000,11842.07,11785,900,11790,3910,11780,4312,11775,3495
2020-06-03 09:17:39.420000,11842.07,11785,3870,11790,3910,11780,4311,11775,3495
2020-06-03 09:17:40.460000,11842.07,11785,3870,11790,3010,11775,3495,11770,8277
2020-06-03 09:17:41.520000,11842.07,11780,3409,11785,3870,11775,5,11770,3444
2020-06-03 09:17:42.580000,11842.07,11780,4369,11785,3870,11775,3490,11770,3445
2020-06-03 09:17:43.590000,11842.07,11780,4369,11785,3870,11775,3490,11770,3445
2020-06-03 09:17:44.630000,11837.06,11780,4369,11785,3870,11770,3445,11765,10661
2020-06-03 09:17:45.640000,11837.06,11780,4369,11785,3870,11770,3445,11765,10661
2020-06-03 09:17:47.300000,11837.06,11780,3469,11785,3870,11775,3490,11770,8278
2020-06-03 09:17:48.330000,11837.06,11780,60,11785,3870,11775,3486,11770,3445
2020-06-03 09:17:49.280000,11837.06,11780,1060,11785,3870,11775,3486,11770,3445
2020-06-03 09:17:50.420000,11837.06,11780,1060,11785,3870,11775,3486,11770,3445
2020-06-03 09:17:51.450000,11837.06,11780,3469,11785,3870,11775,3486,11770,8278
2020-06-03 09:17:52.500000,11837.06,11780,3469,11785,3870,11775,3486,11770,3445
2020-06-03 09:17:53.540000,11837.06,11780,60,11785,3870,11775,3486,11770,3445
2020-06-03 09:17:54.620000,11832.04,11780,760,11785,3870,11775,3486,11770,3445
2020-06-03 09:17:55.090000,11832.04,11780,60,11785,3870,11775,3486,11770,8278
2020-06-03 09:17:56.200000,11832.04,11785,3870,11790,3010,11775,3486,11770,8278
2020-06-03 09:17:57.230000,11832.04,11785,3870,11790,3010,11775,3486,11770,8278
2020-06-03 09:17:58.730000,11832.04,11785,3870,11790,3010,11775,3486,11770,8278
2020-06-03 09:17:59.810000,11832.04,11785,2970,11790,3010,11780,3413,11775,3486
2020-06-03 09:18:00.950000,11832.04,11785,2970,11790,3010,11780,3413,11775,8619
2020-06-03 09:18:01.980000,11832.04,11790,3010,11795,3500,11780,3413,11775,8619
2020-06-03 09:18:02.980000,11832.04,11790,4010,11795,3500,11780,3413,11775,8619
2020-06-03 09:18:04.600000,11833.06,11790,4010,11795,3500,11780,3413,11775,8619
2020-06-03 09:18:06.650000,11833.06,11785,2970,11790,4010,11780,3413,11775,3786
2020-06-03 09:18:07.680000,11833.06,11785,2970,11790,4010,11780,3412,11775,3786
2020-06-03 09:18:08.700000,11833.06,11785,2970,11790,4010,11780,3412,11775,3786
2020-06-03 09:18:09.760000,11833.06,11790,4010,11795,3500,11785,4065,11780,4412
2020-06-03 09:18:10.760000,11833.06,11790,3491,11795,4500,11785,4065,11780,4412
2020-06-03 09:18:11.840000,11833.06,11790,3491,11795,4500,11785,4065,11780,4412
2020-06-03 09:18:12.910000,11833.06,11790,4391,11795,4500,11785,1062,11780,4412
2020-06-03 09:18:13.930000,11837.04,11790,4391,11795,4500,11780,4412,11775,8619
2020-06-03 09:18:14.960000,11837.04,11790,4391,11795,4500,11780,4412,11775,8619
2020-06-03 09:18:15.960000,11837.04,11790,4391,11795,4500,11780,4412,11775,3786
2020-06-03 09:18:17.050000,11837.04,11785,3490,11790,4391,11780,3412,11775,3786
2020-06-03 09:18:17.600000,11837.04,11785,3490,11790,4391,11780,3412,11775,3786
2020-06-03 09:18:18.610000,11837.04,11785,60,11790,4391,11780,4407,11775,3786
2020-06-03 09:18:19.690000,11837.04,11785,1060,11790,4391,11780,3607,11775,3786
2020-06-03 09:18:20.330000,11837.04,11785,4550,11790,4391,11780,3407,11775,3786
2020-06-03 09:18:21.330000,11837.04,11780,3407,11785,4550,11775,3786,11770,8578
2020-06-03 09:18:22.300000,11837.04,11785,4550,11790,4391,11775,4786,11770,8578
2020-06-03 09:18:25.360000,11836.26,11785,4550,11790,4391,11780,2907,11775,4786
2020-06-03 09:18:28.100000,11836.26,11785,4550,11790,4391,11780,2907,11775,4786
2020-06-03 09:18:30.160000,11836.26,11785,4550,11790,4391,11775,4786,11770,8578
2020-06-03 09:18:30.690000,11836.26,11785,4550,11790,4391,11780,2907,11775,4786
2020-06-03 09:18:31.740000,11836.26,11785,4550,11790,4391,11780,2907,11775,4786
2020-06-03 09:18:34.890000,11837.2,11785,1060,11790,4391,11780,3907,11775,4786
2020-06-03 09:18:35.970000,11837.2,11785,60,11790,4391,11780,3907,11775,9619
2020-06-03 09:18:37.030000,11837.2,11785,60,11790,4391,11780,3907,11775,9619
2020-06-03 09:18:38.090000,11837.2,11785,60,11790,4391,11780,3907,11775,9619
2020-06-03 09:18:39.140000,11837.2,11785,360,11790,4391,11780,3907,11775,9619
2020-06-03 09:18:40.200000,11837.2,11785,60,11790,4391,11780,3907,11775,9619
2020-06-03 09:18:40.830000,11837.2,11785,1060,11790,4391,11780,2907,11775,4786
2020-06-03 09:18:41.800000,11837.2,11785,4550,11790,4391,11780,2907,11775,4786
2020-06-03 09:18:42.900000,11837.2,11785,4550,11790,4391,11780,2907,11775,4786
2020-06-03 09:18:43.900000,11837.2,11785,1060,11790,4391,11780,3007,11775,4786
2020-06-03 09:18:44.890000,11840.48,11785,1060,11790,4391,11780,3007,11775,4786
2020-06-03 09:18:45.900000,11840.48,11785,60,11790,4391,11780,3006,11775,4786
2020-06-03 09:18:46.950000,11840.48,11785,60,11790,4391,11780,3006,11775,9619
2020-06-03 09:18:49.590000,11840.48,11785,60,11790,4391,11780,3002,11775,9619
2020-06-03 09:18:50.090000,11840.48,11790,4391,11795,4500,11785,3003,11780,3202
2020-06-03 09:18:51.200000,11840.48,11790,4491,11795,4500,11785,3003,11780,3202
2020-06-03 09:18:52.230000,11840.48,11790,4491,11795,4500,11785,3003,11780,3202
2020-06-03 09:18:53.280000,11840.48,11790,3551,11795,4500,11785,3003,11780,3202
2020-06-03 09:18:54.290000,11842.42,11790,1061,11795,4500,11785,3003,11780,3202
2020-06-03 09:18:55.340000,11842.42,11790,1061,11795,4500,11785,3003,11780,3202
2020-06-03 09:18:56.370000,11842.42,11790,4551,11795,4500,11780,3202,11775,4786
2020-06-03 09:18:56.900000,11842.42,11790,4551,11795,4500,11780,3202,11775,9619
2020-06-03 09:18:57.980000,11842.42,11790,1061,11795,4500,11785,3003,11780,3202
2020-06-03 09:18:59.600000,11842.42,11790,1061,11795,4500,11785,3003,11780,3202
2020-06-03 09:19:00.630000,11842.42,11790,4551,11795,4500,11785,3003,11780,3202
2020-06-03 09:19:02.690000,11842.42,11785,3003,11790,4551,11780,3202,11775,9619
2020-06-03 09:19:03.730000,11842.42,11785,4490,11790,4551,11780,2902,11775,4786
2020-06-03 09:19:04.730000,11843.28,11785,4490,11790,4551,11780,2902,11775,4786
2020-06-03 09:19:05.800000,11843.28,11785,4490,11790,4551,11780,2902,11775,4786
2020-06-03 09:19:06.760000,11843.28,11785,4490,11790,4551,11780,2902,11775,4786
2020-06-03 09:19:07.400000,11843.28,11785,3490,11790,4551,11780,2902,11775,4786
2020-06-03 09:19:08.410000,11843.28,11790,4551,11795,4500,11780,2902,11775,9619
2020-06-03 09:19:10.470000,11843.28,11790,4551,11795,4500,11785,3003,11780,2902
2020-06-03 09:19:11.500000,11843.28,11790,61,11795,4500,11785,3003,11780,2902
2020-06-03 09:19:11.990000,11843.28,11790,60,11795,4500,11785,3003,11780,7735
2020-06-03 09:19:13.050000,11843.28,11795,4500,11800,3272,11790,2766,11785,3003
2020-06-03 09:19:14.600000,11847.55,11795,4500,11800,3272,11790,2766,11785,3003
2020-06-03 09:19:15.640000,11847.55,11795,4500,11800,3272,11785,3003,11780,2902
2020-06-03 09:19:17.690000,11847.55,11795,4500,11800,3272,11785,3003,11780,2902
2020-06-03 09:19:20.360000,11847.55,11795,4510,11800,3272,11785,2998,11780,2902
2020-06-03 09:19:21.800000,11847.55,11790,3490,11795,4510,11785,2998,11780,2902
2020-06-03 09:19:22.980000,11847.55,11790,4490,11795,4510,11785,2997,11780,2902
2020-06-03 09:19:24.020000,11847.55,11790,4490,11795,4510,11780,2902,11775,9619
2020-06-03 09:19:25.560000,11848.46,11790,4490,11795,4510,11780,2902,11775,9619
2020-06-03 09:19:27.170000,11848.46,11790,3990,11795,4510,11780,2902,11775,9619
2020-06-03 09:19:28.190000,11848.46,11790,3490,11795,4510,11785,2997,11780,2902
2020-06-03 09:19:29.250000,11848.46,11790,1060,11795,4510,11785,2997,11780,2902
2020-06-03 09:19:30.280000,11848.46,11790,1060,11795,4510,11785,2997,11780,2902
2020-06-03 09:19:31.310000,11848.46,11790,60,11795,4510,11785,2997,11780,2902
2020-06-03 09:19:32.230000,11848.46,11790,1060,11795,4510,11785,2997,11780,2902
2020-06-03 09:19:33.900000,11848.46,11790,60,11795,4510,11785,2997,11780,2902
2020-06-03 09:19:34.900000,11849.51,11790,260,11795,4510,11785,2997,11780,2902
2020-06-03 09:19:35.970000,11849.51,11790,1060,11795,4510,11785,2997,11780,2902
2020-06-03 09:19:37.010000,11849.51,11790,4550,11795,4510,11785,2997,11780,2902
2020-06-03 09:19:38.030000,11849.51,11790,4550,11795,4510,11785,2997,11780,2902
2020-06-03 09:19:39.070000,11849.51,11790,3950,11795,4510,11785,2997,11780,2902
2020-06-03 09:19:40.300000,11849.51,11790,3950,11795,4510,11785,2997,11780,2902
2020-06-03 09:19:41.220000,11849.51,11790,60,11795,4510,11785,2997,11780,2902
2020-06-03 09:19:42.300000,11849.51,11790,260,11795,4510,11785,2997,11780,2902
2020-06-03 09:19:43.350000,11849.51,11790,960,11795,4510,11785,2997,11780,2902
2020-06-03 09:19:45.470000,11853.93,11790,4450,11795,4510,11780,2902,11775,9619
2020-06-03 09:19:45.990000,11853.93,11790,4450,11795,4510,11780,2902,11775,9619
2020-06-03 09:19:47.080000,11853.93,11790,4450,11795,4510,11785,2997,11780,2902
2020-06-03 09:19:48.200000,11853.93,11785,2997,11790,4460,11780,2902,11775,4786
2020-06-03 09:19:49.260000,11853.93,11785,6487,11790,4460,11780,2902,11775,4786
2020-06-03 09:19:50.220000,11853.93,11780,2902,11785,6487,11775,4786,11770,8578
2020-06-03 09:19:51.230000,11853.93,11780,600,11785,6487,11775,3782,11770,8578
2020-06-03 09:19:52.280000,11853.93,11780,900,11785,6487,11775,3782,11770,8578
2020-06-03 09:19:53.320000,11853.93,11780,400,11785,6487,11775,3782,11770,8578
2020-06-03 09:19:53.930000,11850.71,11780,1000,11785,6487,11775,3782,11770,8578
2020-06-03 09:19:54.900000,11850.71,11785,6487,11790,4460,11775,3782,11770,8578
2020-06-03 09:19:55.920000,11850.71,11785,6487,11790,4460,11775,3782,11770,8578
2020-06-03 09:19:57.000000,11850.71,11785,6487,11790,4460,11780,2902,11775,3782
2020-06-03 09:19:58.040000,11850.71,11785,6487,11790,4460,11780,2902,11775,3782
2020-06-03 09:19:59.090000,11850.71,11785,6487,11790,4460,11775,3782,11770,8578
2020-06-03 09:19:59.530000,11850.71,11785,6487,11790,4460,11780,99,11775,3782
2020-06-03 09:20:00.700000,11850.71,11785,6487,11790,4460,11780,3589,11775,3782
2020-06-03 09:20:01.810000,11850.71,11785,3490,11790,4460,11780,3589,11775,3782
2020-06-03 09:20:02.900000,11850.71,11785,3490,11790,4960,11780,3589,11775,3782
2020-06-03 09:20:04.810000,11846.74,11785,3550,11790,4960,11780,3589,11775,3782
2020-06-03 09:20:06.430000,11846.74,11790,4960,11795,4510,11785,3490,11780,3589
2020-06-03 09:20:07.510000,11846.74,11790,4960,11795,4510,11785,3490,11780,3589
2020-06-03 09:20:08.100000,11846.74,11785,3490,11790,4960,11780,3589,11775,3782
2020-06-03 09:20:09.040000,11846.74,11785,3490,11790,4960,11780,3589,11775,3782
2020-06-03 09:20:10.120000,11846.74,11785,4490,11790,4960,11775,3782,11770,8578
2020-06-03 09:20:11.150000,11846.74,11780,3409,11785,4490,11775,3782,11770,8578
2020-06-03 09:20:12.660000,11846.74,11780,3409,11785,4490,11775,3782,11770,8578
2020-06-03 09:20:13.570000,11844.8,11780,3409,11785,4490,11775,3782,11770,8578
2020-06-03 09:20:14.370000,11844.8,11780,4409,11785,4490,11775,3782,11770,8578
2020-06-03 09:20:15.360000,11844.8,11780,3409,11785,4490,11775,3782,11770,8578
2020-06-03 09:20:16.430000,11844.8,11780,3409,11785,4490,11775,3757,11770,8578
2020-06-03 09:20:17.180000,11844.8,11780,4409,11785,4490,11770,3745,11765,10601
2020-06-03 09:20:18.200000,11844.8,11775,3160,11780,4409,11770,3745,11765,5768
2020-06-03 09:20:19.140000,11844.8,11775,4160,11780,4409,11770,625,11765,5768
2020-06-03 09:20:21.170000,11844.8,11775,3160,11780,4409,11770,3745,11765,10601
2020-06-03 09:20:22.230000,11844.8,11780,4409,11785,4490,11770,3745,11765,10601
2020-06-03 09:20:23.310000,11844.8,11780,4409,11785,4490,11770,3740,11765,10601
2020-06-03 09:20:23.900000,11836.44,11780,3409,11785,4490,11775,3457,11770,3740
2020-06-03 09:20:24.900000,11836.44,11780,4409,11785,4490,11775,3457,11770,3741
2020-06-03 09:20:25.920000,11836.44,11780,3409,11785,4490,11775,3457,11770,3741
2020-06-03 09:20:26.900000,11836.44,11780,3409,11785,4490,11775,3432,11770,3741
2020-06-03 09:20:28.040000,11836.44,11785,4490,11790,4260,11775,3432,11770,3741
2020-06-03 09:20:29.630000,11836.44,11780,3409,11785,4490,11775,3432,11770,3741
2020-06-03 09:20:30.700000,11836.44,11780,4409,11785,4490,11775,3432,11770,3741
2020-06-03 09:20:31.730000,11836.44,11780,3409,11785,4490,11775,3432,11770,3741
2020-06-03 09:20:32.790000,11836.44,11785,4490,11790,4260,11775,3432,11770,8574
2020-06-03 09:20:35.930000,11836.73,11785,4490,11790,4260,11775,3432,11770,3741
2020-06-03 09:20:36.980000,11836.73,11780,3409,11785,4490,11775,3432,11770,3741
2020-06-03 09:20:37.940000,11836.73,11780,4409,11785,4490,11770,3741,11765,10601
2020-06-03 09:20:38.400000,11836.73,11780,4409,11785,4490,11770,3741,11765,10601
2020-06-03 09:20:40.190000,11836.73,11780,4469,11785,4490,11770,3741,11765,10601
2020-06-03 09:20:42.190000,11836.73,11775,3160,11780,4469,11770,3741,11765,10601
2020-06-03 09:20:43.160000,11836.73,11775,4160,11780,4469,11770,3741,11765,5768
2020-06-03 09:20:44.190000,11830.96,11775,3160,11780,4469,11770,3741,11765,5768
2020-06-03 09:20:44.690000,11830.96,11775,4160,11780,4469,11770,621,11765,5768
2020-06-03 09:20:45.820000,11830.96,11775,4160,11780,4469,11765,5768,11760,11699
2020-06-03 09:20:46.820000,11830.96,11770,3490,11775,4160,11765,5768,11760,6866
2020-06-03 09:20:47.790000,11830.96,11770,3490,11775,4160,11765,5768,11760,6866
2020-06-03 09:20:48.100000,11830.96,11770,4490,11775,4160,11765,3002,11760,6866
2020-06-03 09:20:50.000000,11830.96,11770,3490,11775,4160,11765,3002,11760,6866
2020-06-03 09:20:52.170000,11830.96,11770,3490,11775,4160,11765,5768,11760,6866
2020-06-03 09:20:53.180000,11830.96,11770,4490,11775,4160,11765,5764,11760,6866
2020-06-03 09:20:53.760000,11830.96,11770,3490,11775,4160,11765,2998,11760,6866
2020-06-03 09:20:54.780000,11825.96,11770,4490,11775,4160,11765,2998,11760,6866
2020-06-03 09:20:56.870000,11825.96,11770,4490,11775,4160,11760,6866,11755,8323
2020-06-03 09:20:57.900000,11825.96,11770,4490,11775,4160,11760,6866,11755,8323
2020-06-03 09:20:59.480000,11825.96,11775,4160,11780,4469,11765,2766,11760,6866
2020-06-03 09:21:00.490000,11825.96,11775,4160,11780,4469,11765,3766,11760,11699
2020-06-03 09:21:01.490000,11825.96,11775,4260,11780,4469,11765,3766,11760,6866
2020-06-03 09:21:02.540000,11825.96,11775,4260,11780,4469,11765,3766,11760,6866
2020-06-03 09:21:03.590000,11825.96,11770,3490,11775,4260,11765,3766,11760,7066
2020-06-03 09:21:05.180000,11824.23,11775,4260,11780,4469,11770,1040,11765,3766
2020-06-03 09:21:06.210000,11824.23,11775,3160,11780,4469,11770,1040,11765,3766
2020-06-03 09:21:07.240000,11824.23,11775,4060,11780,4469,11765,3766,11760,7066
2020-06-03 09:21:07.680000,11824.23,11775,3160,11780,4469,11765,3766,11760,11899
2020-06-03 09:21:08.830000,11824.23,11775,3160,11780,4469,11770,3120,11765,3766
2020-06-03 09:21:09.850000,11824.23,11775,3160,11780,4469,11770,1100,11765,3766
2020-06-03 09:21:10.800000,11824.23,11775,4260,11780,4469,11765,3766,11760,7066
2020-06-03 09:21:12.090000,11824.23,11775,3160,11780,4469,11765,3766,11760,11899
2020-06-03 09:21:13.030000,11824.23,11775,3160,11780,4469,11770,3120,11765,3766
2020-06-03 09:21:14.120000,11835.86,11775,3160,11780,4469,11770,4220,11765,3766
2020-06-03 09:21:16.120000,11835.86,11775,3104,11780,4469,11770,4220,11765,3966
2020-06-03 09:21:16.500000,11835.86,11775,3104,11780,4469,11770,3120,11765,3966
2020-06-03 09:21:17.400000,11835.86,11775,3104,11780,4469,11770,4120,11765,3966
2020-06-03 09:21:18.300000,11835.86,11775,3104,11780,4469,11770,1000,11765,3966
2020-06-03 09:21:19.350000,11835.86,11775,3104,11780,4469,11770,4120,11765,3966
2020-06-03 09:21:20.900000,11835.86,11775,3104,11780,4469,11770,4120,11765,3966
2020-06-03 09:21:21.940000,11835.86,11775,3104,11780,4469,11770,4120,11765,3966
2020-06-03 09:21:22.380000,11835.86,11780,4469,11785,4490,11770,4120,11765,3966
2020-06-03 09:21:23.540000,11835.86,11780,4469,11785,4490,11770,4115,11765,8799
2020-06-03 09:21:24.600000,11837.82,11780,4469,11785,4490,11770,4115,11765,3966
2020-06-03 09:21:26.050000,11837.82,11780,4469,11785,4490,11770,4115,11765,8799
2020-06-03 09:21:26.360000,11837.82,11780,4469,11785,4490,11770,4115,11765,3966
2020-06-03 09:21:27.300000,11837.82,11780,4469,11785,4490,11770,4115,11765,3966
2020-06-03 09:21:29.350000,11837.82,11780,4469,11785,4490,11770,4115,11765,3966
2020-06-03 09:21:30.270000,11837.82,11775,3044,11780,4469,11765,3966,11760,7066
2020-06-03 09:21:31.330000,11837.82,11775,4144,11780,4469,11765,3966,11760,7066
2020-06-03 09:21:31.800000,11837.82,11770,3490,11775,4144,11765,2966,11760,7066
2020-06-03 09:21:32.990000,11837.82,11770,4590,11775,4144,11765,2966,11760,7066
2020-06-03 09:21:34.590000,11835.16,11770,4590,11775,4144,11765,200,11760,7066
2020-06-03 09:21:37.060000,11835.16,11770,4590,11775,4144,11765,400,11760,7066
2020-06-03 09:21:38.200000,11835.16,11770,3490,11775,4144,11765,4046,11760,7066
2020-06-03 09:21:38.590000,11835.16,11770,4590,11775,4144,11765,200,11760,7066
2020-06-03 09:21:39.390000,11835.16,11770,4590,11775,4144,11765,200,11760,7066
2020-06-03 09:21:40.360000,11835.16,11770,4590,11775,4144,11760,7066,11755,3490
2020-06-03 09:21:41.420000,11835.16,11765,3490,11770,4590,11760,7066,11755,3490
2020-06-03 09:21:42.420000,11835.16,11765,3490,11770,4590,11760,3197,11755,3490
2020-06-03 09:21:44.590000,11831.09,11765,3490,11770,4590,11760,4297,11755,3490
2020-06-03 09:21:45.000000,11831.09,11765,3470,11770,4590,11760,4297,11755,3490
2020-06-03 09:21:46.120000,11831.09,11770,4590,11775,4144,11760,4297,11755,3490
2020-06-03 09:21:46.670000,11831.09,11770,4590,11775,4144,11760,4297,11755,3490
2020-06-03 09:21:47.730000,11831.09,11770,4590,11775,4144,11760,4297,11755,6823
2020-06-03 09:21:48.700000,11831.09,11770,4590,11775,4144,11765,2746,11760,4297
2020-06-03 09:21:49.230000,11831.09,11770,4590,11775,4144,11765,2746,11760,4297
2020-06-03 09:21:50.320000,11831.09,11770,4590,11775,4144,11760,4297,11755,8323
2020-06-03 09:21:51.320000,11831.09,11770,4650,11775,4144,11760,4297,11755,8323
2020-06-03 09:21:52.350000,11831.09,11770,4650,11775,4144,11765,2746,11760,4297
2020-06-03 09:21:52.760000,11831.09,11770,4650,11775,4144,11760,4297,11755,8323
2020-06-03 09:21:53.990000,11827.36,11770,4650,11775,4144,11760,3197,11755,3490
2020-06-03 09:21:55.030000,11827.36,11765,4570,11770,4650,11760,4293,11755,3490
2020-06-03 09:21:56.070000,11827.36,11765,4570,11770,4650,11760,3203,11755,3490
2020-06-03 09:21:57.070000,11827.36,11765,4570,11770,4650,11760,3203,11755,3490
2020-06-03 09:21:58.390000,11827.36,11765,4570,11770,4650,11760,206,11755,3490
2020-06-03 09:21:59.390000,11827.36,11765,4570,11770,4650,11760,3303,11755,3490
2020-06-03 09:22:00.380000,11827.36,11765,4570,11770,4650,11760,3303,11755,3490
2020-06-03 09:22:01.410000,11827.36,11765,3470,11770,4650,11760,3303,11755,3490
2020-06-03 09:22:02.420000,11827.36,11765,4570,11770,4650,11760,3303,11755,3490
2020-06-03 09:22:03.550000,11827.36,11765,4570,11770,4650,11760,206,11755,3490
2020-06-03 09:22:05.110000,11823.54,11765,4570,11770,4650,11760,206,11755,3490
2020-06-03 09:22:07.160000,11823.54,11765,4570,11770,4650,11755,3490,11750,8465
2020-06-03 09:22:07.590000,11823.54,11760,1,11765,4570,11755,3490,11750,8465
2020-06-03 09:22:08.750000,11823.54,11760,601,11765,4570,11755,3490,11750,3632
2020-06-03 09:22:09.270000,11823.54,11760,4591,11765,4570,11750,3632,11745,7978
2020-06-03 09:22:11.420000,11823.54,11760,4591,11765,4570,11750,3632,11745,3145
2020-06-03 09:22:12.000000,11823.54,11755,3409,11760,4591,11745,3145,11740,7579
2020-06-03 09:22:12.970000,11823.54,11755,4509,11760,4591,11745,3145,11740,7579
2020-06-03 09:22:14.010000,11823.54,11755,4509,11760,4591,11745,3145,11740,2746
2020-06-03 09:22:15.080000,11821.79,11755,4509,11760,4591,11745,3145,11740,2746
2020-06-03 09:22:15.500000,11821.79,11755,4509,11760,4591,11745,3145,11740,2746
2020-06-03 09:22:16.640000,11821.79,11755,4509,11760,4591,11745,3145,11740,2746
2020-06-03 09:22:17.690000,11821.79,11750,3044,11755,4509,11745,3145,11740,2746
2020-06-03 09:22:18.090000,11821.79,11755,4509,11760,4596,11745,3145,11740,2746
2020-06-03 09:22:19.280000,11821.79,11750,3044,11755,4509,11745,3145,11740,2746
2020-06-03 09:22:19.920000,11821.79,11755,4509,11760,4596,11745,3145,11740,7579
2020-06-03 09:22:22.930000,11821.79,11755,3409,11760,4596,11745,3145,11740,7579
2020-06-03 09:22:23.930000,11821.79,11755,4209,11760,4596,11745,3145,11740,7579
2020-06-03 09:22:24.290000,11817.39,11755,3409,11760,4596,11750,3432,11745,3145
2020-06-03 09:22:25.190000,11817.39,11760,4596,11765,4570,11750,3427,11745,7978
2020-06-03 09:22:26.100000,11817.39,11760,4656,11765,4570,11755,3430,11750,3427
2020-06-03 09:22:27.160000,11817.39,11760,4656,11765,4570,11750,3427,11745,7978
2020-06-03 09:22:28.790000,11817.39,11755,3409,11760,4656,11750,3427,11745,3145
2020-06-03 09:22:30.360000,11817.39,11760,4656,11765,4570,11750,3427,11745,3145
2020-06-03 09:22:31.380000,11817.39,11760,4656,11765,4570,11750,3427,11745,3145
2020-06-03 09:22:32.990000,11817.39,11755,3409,11760,4656,11750,3427,11745,3145
2020-06-03 09:22:34.030000,11817.39,11755,3409,11760,4656,11750,3427,11745,3145
2020-06-03 09:22:35.990000,11824.52,11755,3409,11760,4656,11750,3427,11745,3145
2020-06-03 09:22:36.300000,11824.52,11755,3133,11760,4656,11750,3427,11745,3145
2020-06-03 09:22:37.160000,11824.52,11755,3133,11760,4656,11750,3427,11745,3145
2020-06-03 09:22:38.190000,11824.52,11760,4656,11765,4570,11750,3427,11745,3145
2020-06-03 09:22:39.750000,11824.52,11760,4656,11765,4570,11750,3427,11745,3145
2020-06-03 09:22:40.300000,11824.52,11760,4656,11765,4570,11750,3427,11745,7978
2020-06-03 09:22:42.360000,11824.52,11760,4656,11765,4570,11755,3430,11750,3427
2020-06-03 09:22:43.680000,11824.52,11760,4656,11765,4570,11755,3430,11750,3427
2020-06-03 09:22:45.620000,11828.44,11760,4656,11765,4570,11755,3430,11750,3427
2020-06-03 09:22:46.290000,11828.44,11760,66,11765,4570,11755,3430,11750,8260
2020-06-03 09:22:47.270000,11828.44,11765,4570,11770,4650,11755,3730,11750,8260
2020-06-03 09:22:48.300000,11828.44,11765,4570,11770,4650,11755,3730,11750,3427
2020-06-03 09:22:49.590000,11828.44,11765,4570,11770,4650,11760,2997,11755,3730
2020-06-03 09:22:50.400000,11828.44,11765,4570,11770,4650,11755,3730,11750,8260
2020-06-03 09:22:52.410000,11828.44,11765,4570,11770,4650,11755,3730,11750,3427
2020-06-03 09:22:53.410000,11828.44,11765,4570,11770,4650,11755,3630,11750,3427
2020-06-03 09:22:56.650000,11827.17,11765,4570,11770,4650,11755,3625,11750,3427
2020-06-03 09:22:57.660000,11827.17,11760,3490,11765,4570,11755,3625,11750,3427
2020-06-03 09:22:58.690000,11827.17,11760,4590,11765,4570,11755,3625,11750,3427
2020-06-03 09:22:59.110000,11827.17,11760,3490,11765,4570,11755,3625,11750,3427
2020-06-03 09:23:00.270000,11827.17,11760,3490,11765,4570,11755,3625,11750,3427
2020-06-03 09:23:01.280000,11827.17,11760,3490,11765,4570,11755,3625,11750,3427
2020-06-03 09:23:02.320000,11827.17,11765,4570,11770,4650,11755,3625,11750,3427
2020-06-03 09:23:03.300000,11827.17,11760,3490,11765,4630,11755,200,11750,3427
2020-06-03 09:23:03.640000,11828.72,11760,4690,11765,4630,11750,3427,11745,3145
2020-06-03 09:23:04.490000,11828.72,11755,2841,11760,4690,11750,3427,11745,3145
2020-06-03 09:23:05.500000,11828.72,11755,2841,11760,4690,11750,3447,11745,3145
2020-06-03 09:23:06.780000,11828.72,11760,4690,11765,4630,11750,3447,11745,3145
2020-06-03 09:23:07.660000,11828.72,11760,4690,11765,4630,11750,3447,11745,7978
2020-06-03 09:23:08.640000,11828.72,11760,3490,11765,4630,11755,3425,11750,3447
2020-06-03 09:23:09.750000,11828.72,11760,3490,11765,4630,11755,3425,11750,3447
2020-06-03 09:23:10.780000,11828.72,11760,4690,11765,4630,11755,3425,11750,3447
2020-06-03 09:23:12.360000,11828.72,11765,4630,11770,4650,11755,3425,11750,3447
2020-06-03 09:23:13.980000,11830.96,11765,4630,11770,4650,11755,3425,11750,3447
2020-06-03 09:23:17.100000,11830.96,11765,4630,11770,4650,11755,3425,11750,3447
2020-06-03 09:23:18.060000,11830.96,11765,4630,11770,4650,11755,3425,11750,8280
2020-06-03 09:23:19.120000,11830.96,11765,4630,11770,4650,11755,3425,11750,3447
2020-06-03 09:23:19.590000,11830.96,11760,3490,11765,4630,11755,3425,11750,3447
2020-06-03 09:23:20.730000,11830.96,11760,4690,11765,4630,11755,3425,11750,3447
2020-06-03 09:23:21.760000,11830.96,11760,4690,11765,4630,11750,3447,11745,7978
2020-06-03 09:23:23.160000,11830.96,11760,4690,11765,4630,11750,3647,11745,7978
2020-06-03 09:23:24.820000,11829.49,11760,4690,11765,4630,11750,3647,11745,3145
2020-06-03 09:23:26.400000,11829.49,11760,4690,11765,4630,11750,3642,11745,3145
2020-06-03 09:23:27.550000,11829.49,11760,4690,11765,4630,11750,3642,11745,3145
2020-06-03 09:23:28.020000,11829.49,11760,4690,11765,4630,11755,3425,11750,3642
2020-06-03 09:23:29.130000,11829.49,11765,4630,11770,4650,11755,3425,11750,3642
2020-06-03 09:23:30.150000,11829.49,11765,4630,11770,4650,11755,3425,11750,3642
2020-06-03 09:23:31.180000,11829.49,11765,4630,11770,4650,11755,3425,11750,8475
2020-06-03 09:23:32.270000,11829.49,11765,4630,11770,4650,11755,3425,11750,3642
2020-06-03 09:23:33.300000,11829.49,11765,3530,11770,4650,11760,2997,11755,3425
2020-06-03 09:23:33.720000,11829.49,11765,60,11770,4650,11760,2997,11755,3425
2020-06-03 09:23:34.890000,11829.66,11770,4650,11775,4144,11765,2746,11760,3197
2020-06-03 09:23:35.430000,11829.66,11770,4750,11775,4144,11765,2746,11760,3197
2020-06-03 09:23:36.410000,11829.66,11770,3550,11775,4144,11765,2746,11760,3197
2020-06-03 09:23:37.500000,11829.66,11770,120,11775,4144,11765,2746,11760,3197
2020-06-03 09:23:38.530000,11829.66,11770,1320,11775,4144,11765,2646,11760,3197
2020-06-03 09:23:39.000000,11829.66,11770,120,11775,4144,11765,2646,11760,3197
2020-06-03 09:23:40.600000,11829.66,11770,120,11775,4144,11765,2646,11760,3197
2020-06-03 09:23:41.700000,11829.66,11775,4144,11780,3901,11765,3146,11760,3197
2020-06-03 09:23:42.750000,11829.66,11775,4144,11780,3901,11765,3146,11760,8030
2020-06-03 09:23:43.090000,11829.66,11775,4244,11780,3901,11770,3120,11765,3146
2020-06-03 09:23:47.560000,11837.71,11770,3120,11775,4244,11765,3146,11760,3197
2020-06-03 09:23:48.610000,11837.71,11770,6610,11775,4244,11765,2646,11760,3197
2020-06-03 09:23:49.090000,11837.71,11770,6610,11775,4244,11760,3197,11755,8258
2020-06-03 09:23:50.170000,11837.71,11770,6610,11775,4244,11760,2997,11755,3425
2020-06-03 09:23:51.230000,11837.71,11765,3470,11770,6610,11755,3425,11750,8475
2020-06-03 09:23:51.790000,11837.71,11765,4670,11770,6610,11755,3425,11750,8475
2020-06-03 09:23:52.830000,11837.71,11765,4670,11770,6610,11760,2997,11755,3425
2020-06-03 09:23:53.860000,11837.71,11765,3670,11770,6610,11760,2997,11755,3425
2020-06-03 09:23:54.890000,11828.74,11765,3470,11770,6610,11760,2996,11755,3425
2020-06-03 09:23:55.290000,11828.74,11770,6610,11775,4244,11760,2996,11755,3425
2020-06-03 09:23:57.000000,11828.74,11770,6610,11775,4244,11760,2996,11755,3425
2020-06-03 09:23:58.010000,11828.74,11770,6610,11775,4244,11760,2475,11755,3425
2020-06-03 09:23:59.090000,11828.74,11765,3470,11770,6610,11760,2399,11755,3425
2020-06-03 09:23:59.460000,11828.74,11765,4670,11770,6610,11760,2337,11755,3425
2020-06-03 09:24:00.570000,11828.74,11765,1200,11770,6610,11760,2075,11755,3425
2020-06-03 09:24:01.710000,11828.74,11770,6610,11775,4244,11760,2075,11755,3425
2020-06-03 09:24:02.310000,11828.74,11765,3470,11770,6610,11760,1546,11755,3425
2020-06-03 09:24:03.260000,11828.74,11760,1176,11765,4670,11755,3425,11750,3642
2020-06-03 09:24:04.280000,11823.12,11760,4666,11765,4670,11755,3425,11750,3642
2020-06-03 09:24:05.310000,11823.12,11755,882,11760,4666,11750,3642,11745,7978
2020-06-03 09:24:05.700000,11823.12,11755,1100,11760,4666,11750,3642,11745,7978
2020-06-03 09:24:06.490000,11823.12,11755,3941,11760,4666,11750,3642,11745,3145
2020-06-03 09:24:07.490000,11823.12,11755,3941,11760,4666,11750,3642,11745,3145
2020-06-03 09:24:08.540000,11823.12,11760,4666,11765,4670,11750,3642,11745,7978
2020-06-03 09:24:08.900000,11823.12,11760,4666,11765,4670,11750,3642,11745,7978
2020-06-03 09:24:10.130000,11823.12,11760,4666,11765,4670,11750,3642,11745,3145
2020-06-03 09:24:10.600000,11823.12,11755,2841,11760,4666,11750,3642,11745,3145
2020-06-03 09:24:11.680000,11823.12,11755,4041,11760,4666,11750,3642,11745,3145
2020-06-03 09:24:12.300000,11823.12,11760,4666,11765,4670,11750,3642,11745,3145
2020-06-03 09:24:13.270000,11823.12,11760,4726,11765,4670,11750,3642,11745,3145
2020-06-03 09:24:14.290000,11815.58,11755,2841,11760,4726,11750,3642,11745,3145
2020-06-03 09:24:15.260000,11815.58,11755,4041,11760,4726,11750,220,11745,3145
2020-06-03 09:24:16.350000,11815.58,11755,4041,11760,4726,11745,3145,11740,7479
2020-06-03 09:24:17.440000,11815.58,11750,3044,11755,4041,11745,3145,11740,2646
2020-06-03 09:24:17.790000,11815.58,11750,4244,11755,4041,11745,3145,11740,2646
2020-06-03 09:24:18.600000,11815.58,11750,4244,11755,4041,11745,25,11740,2646
2020-06-03 09:24:19.580000,11815.58,11750,4244,11755,4041,11745,25,11740,2646
2020-06-03 09:24:20.100000,11815.58,11750,4244,11755,4041,11745,25,11740,2646
2020-06-03 09:24:21.110000,11815.58,11750,4244,11755,4041,11745,25,11740,2646
2020-06-03 09:24:21.690000,11815.58,11750,4244,11755,4041,11740,2646,11735,3490
2020-06-03 09:24:22.710000,11815.58,11750,4244,11755,4041,11740,2646,11735,8323
2020-06-03 09:24:23.190000,11815.58,11750,4244,11755,4041,11740,2646,11735,3490
2020-06-03 09:24:24.320000,11810.61,11750,4244,11755,4041,11740,2646,11735,3490
2020-06-03 09:24:24.800000,11810.61,11750,4244,11755,4041,11740,2646,11735,3490
2020-06-03 09:24:27.940000,11810.61,11745,3465,11750,4244,11740,2646,11735,3490
2020-06-03 09:24:28.910000,11810.61,11745,3465,11750,4244,11740,2641,11735,3490
2020-06-03 09:24:29.110000,11810.61,11745,3465,11750,4244,11740,1,11735,3490
2020-06-03 09:24:30.000000,11810.61,11745,4565,11750,4244,11740,1,11735,3490
2020-06-03 09:24:31.090000,11810.61,11745,3465,11750,4244,11740,2642,11735,3490
2020-06-03 09:24:31.580000,11810.61,11750,4244,11755,4041,11740,2642,11735,8323
2020-06-03 09:24:32.670000,11810.61,11750,3044,11755,4041,11740,2642,11735,8323
2020-06-03 09:24:33.700000,11810.61,11750,4144,11755,4041,11740,2642,11735,8323
2020-06-03 09:24:34.300000,11805.59,11750,4144,11755,4041,11740,2642,11735,8323
2020-06-03 09:24:35.250000,11805.59,11750,4144,11755,4041,11740,2642,11735,8323
2020-06-03 09:24:36.250000,11805.59,11750,4144,11755,4041,11740,2642,11735,8323
2020-06-03 09:24:36.860000,11805.59,11750,4144,11755,4041,11740,2642,11735,8323
2020-06-03 09:24:39.330000,11805.59,11745,3465,11750,4144,11740,2642,11735,3490
2020-06-03 09:24:40.900000,11805.59,11745,3465,11750,4144,11740,2642,11735,3490
2020-06-03 09:24:42.000000,11805.59,11745,3465,11750,4144,11740,2642,11735,3490
2020-06-03 09:24:42.950000,11805.59,11750,4144,11755,4041,11740,2642,11735,8323
2020-06-03 09:24:43.290000,11805.59,11750,4144,11755,4041,11740,2642,11735,8323
2020-06-03 09:24:44.090000,11808.86,11750,4144,11755,4041,11740,2632,11735,8323
2020-06-03 09:24:45.120000,11808.86,11750,4144,11755,4041,11740,2632,11735,8323
2020-06-03 09:24:45.590000,11808.86,11750,3044,11755,4041,11745,3120,11740,2632
2020-06-03 09:24:46.650000,11808.86,11750,4144,11755,4041,11740,2632,11735,8323
2020-06-03 09:24:47.200000,11808.86,11750,4144,11755,4041,11740,2632,11735,8323
2020-06-03 09:24:48.290000,11808.86,11750,4204,11755,4041,11740,2632,11735,8323
2020-06-03 09:24:49.840000,11808.86,11745,3465,11750,4204,11740,2632,11735,3490
2020-06-03 09:24:50.840000,11808.86,11750,4204,11755,4041,11740,2632,11735,8323
2020-06-03 09:24:51.090000,11808.86,11750,4204,11755,4041,11745,400,11740,2632
2020-06-03 09:24:51.990000,11808.86,11750,4204,11755,4041,11740,2572,11735,3490
2020-06-03 09:24:52.930000,11808.86,11750,4204,11755,4041,11740,2572,11735,8323
2020-06-03 09:24:54.490000,11809.42,11750,4204,11755,4041,11740,2572,11735,3490
2020-06-03 09:24:55.520000,11809.42,11750,4204,11755,4041,11740,2572,11735,8323
2020-06-03 09:24:56.120000,11809.42,11750,4204,11755,4041,11740,2572,11735,3490
2020-06-03 09:24:57.130000,11809.42,11745,3465,11750,4204,11740,2572,11735,3490
2020-06-03 09:24:57.590000,11809.42,11750,4204,11755,4041,11740,2572,11735,8323
2020-06-03 09:24:58.760000,11809.42,11745,3465,11750,4204,11740,2572,11735,3490
2020-06-03 09:24:59.740000,11809.42,11745,3765,11750,4204,11740,2567,11735,3490
2020-06-03 09:25:00.190000,11809.42,11745,3465,11750,4204,11740,3670,11735,3490
2020-06-03 09:25:01.340000,11809.42,11745,3465,11750,4204,11740,3670,11735,3490
2020-06-03 09:25:02.400000,11809.42,11750,4204,11755,4041,11740,3670,11735,8323
2020-06-03 09:25:03.430000,11809.42,11750,3104,11755,4041,11745,3120,11740,3670
2020-06-03 09:25:04.490000,11811.29,11750,70,11755,4041,11745,3120,11740,8503
2020-06-03 09:25:04.990000,11811.29,11750,70,11755,4041,11745,3120,11740,8503
2020-06-03 09:25:06.040000,11811.29,11750,70,11755,4041,11745,3120,11740,8503
2020-06-03 09:25:07.040000,11811.29,11750,70,11755,4041,11745,3120,11740,8503
2020-06-03 09:25:07.690000,11811.29,11755,4041,11760,4736,11745,3320,11740,8503
2020-06-03 09:25:08.690000,11811.29,11755,4041,11760,4736,11750,3422,11745,3320
2020-06-03 09:25:09.750000,11811.29,11755,4041,11760,4736,11745,3320,11740,8503
2020-06-03 09:25:10.800000,11811.29,11750,3044,11755,4041,11745,3320,11740,8503
2020-06-03 09:25:11.860000,11811.29,11755,4041,11760,4736,11750,212,11745,3320
2020-06-03 09:25:12.880000,11811.29,11755,3941,11760,4736,11745,3320,11740,8503
2020-06-03 09:25:13.190000,11811.29,11755,3941,11760,4736,11745,4320,11740,8503
2020-06-03 09:25:14.000000,11811.29,11755,2841,11760,4736,11750,3422,11745,9153
2020-06-03 09:25:15.000000,11815.26,11760,4736,11765,3480,11750,4622,11745,9153
2020-06-03 09:25:16.080000,11815.26,11755,3670,11760,4736,11750,3422,11745,4320
2020-06-03 09:25:16.500000,11815.26,11755,3970,11760,4736,11750,3422,11745,4320
2020-06-03 09:25:17.560000,11815.26,11755,3970,11760,4736,11750,3422,11745,4320
2020-06-03 09:25:18.190000,11815.26,11755,3670,11760,4736,11750,3722,11745,4320
2020-06-03 09:25:19.190000,11815.26,11760,4736,11765,3480,11755,3670,11750,4622
2020-06-03 09:25:20.280000,11815.26,11760,4736,11765,3480,11755,7160,11750,4622
2020-06-03 09:25:20.740000,11815.26,11765,3480,11770,3475,11755,7160,11750,4622
2020-06-03 09:25:21.840000,11815.26,11765,4680,11770,3475,11755,7160,11750,4622
2020-06-03 09:25:22.830000,11815.26,11760,3490,11765,4680,11755,7160,11750,4622
2020-06-03 09:25:23.590000,11823.67,11760,3490,11765,4680,11755,7160,11750,4622
2020-06-03 09:25:24.470000,11823.67,11760,3550,11765,4680,11755,7160,11750,4622
2020-06-03 09:25:25.530000,11823.67,11760,4450,11765,4680,11755,7160,11750,4622
2020-06-03 09:25:26.580000,11823.67,11760,3550,11765,4680,11755,7160,11750,4622
2020-06-03 09:25:26.950000,11823.67,11760,3550,11765,4680,11755,7160,11750,4622
2020-06-03 09:25:28.190000,11823.67,11760,3550,11765,4680,11755,7160,11750,4622
2020-06-03 09:25:28.610000,11823.67,11760,60,11765,4680,11755,7160,11750,4622
2020-06-03 09:25:30.780000,11823.67,11765,4680,11770,4375,11755,7160,11750,9455
2020-06-03 09:25:31.830000,11823.67,11765,4680,11770,4375,11755,7160,11750,4622
2020-06-03 09:25:32.310000,11823.67,11765,4680,11770,4375,11755,7160,11750,9455
2020-06-03 09:25:34.420000,11823.67,11765,4680,11770,4375,11755,7160,11750,9455
2020-06-03 09:25:35.000000,11828.93,11765,4680,11770,4375,11755,7160,11750,9455
2020-06-03 09:25:36.010000,11828.93,11765,4680,11770,4375,11755,7160,11750,4622
2020-06-03 09:25:37.010000,11828.93,11765,4680,11770,4375,11755,7160,11750,4622
2020-06-03 09:25:37.420000,11828.93,11760,3490,11765,4680,11755,7160,11750,4622
2020-06-03 09:25:38.200000,11828.93,11760,4690,11765,4680,11755,7160,11750,4622
2020-06-03 09:25:39.650000,11828.93,11760,4690,11765,4680,11755,7160,11750,4622
2020-06-03 09:25:40.840000,11828.93,11760,4690,11765,4680,11755,7160,11750,4622
2020-06-03 09:25:41.900000,11828.93,11760,4690,11765,4680,11750,4622,11745,4320
2020-06-03 09:25:42.430000,11828.93,11760,4722,11765,4680,11750,4622,11745,4320
2020-06-03 09:25:43.430000,11820.67,11755,3670,11760,4722,11750,1200,11745,4320
2020-06-03 09:25:44.430000,11820.67,11755,4470,11760,4722,11750,1200,11745,4320
2020-06-03 09:25:44.730000,11820.67,11755,3670,11760,4722,11750,1200,11745,4320
2020-06-03 09:25:45.560000,11820.67,11755,4870,11760,4722,11745,4320,11740,3670
2020-06-03 09:25:46.620000,11820.67,11750,3670,11755,4870,11745,4320,11740,3670
2020-06-03 09:25:47.160000,11820.67,11750,3670,11755,4870,11745,4320,11740,3670
2020-06-03 09:25:48.150000,11820.67,11755,4870,11760,4722,11745,4320,11740,8503
2020-06-03 09:25:48.630000,11820.67,11750,3670,11755,4870,11745,4320,11740,3670
2020-06-03 09:25:49.800000,11820.67,11750,4870,11755,4870,11745,1200,11740,3670
2020-06-03 09:25:50.260000,11820.67,11750,4870,11755,4870,11745,1200,11740,3670
2020-06-03 09:25:51.320000,11820.67,11750,3670,11755,4870,11745,4320,11740,3670
2020-06-03 09:25:52.400000,11820.67,11755,4870,11760,4722,11745,4320,11740,3670
2020-06-03 09:25:52.880000,11820.67,11750,3670,11755,4870,11745,4320,11740,3670
2020-06-03 09:25:53.990000,11820.67,11750,4870,11755,4870,11745,4320,11740,3670
2020-06-03 09:25:54.990000,11816.77,11750,4870,11755,4870,11745,1200,11740,3670
2020-06-03 09:25:55.400000,11816.77,11750,4870,11755,4870,11740,3670,11735,3490
2020-06-03 09:25:57.690000,11816.77,11750,4870,11755,4870,11740,3670,11735,3490
2020-06-03 09:25:58.680000,11816.77,11750,4870,11755,4870,11740,3670,11735,8323
2020-06-03 09:25:59.740000,11816.77,11750,60,11755,4870,11745,3120,11740,3670
2020-06-03 09:26:00.800000,11816.77,11750,1260,11755,4870,11745,3120,11740,3670
2020-06-03 09:26:01.890000,11816.77,11755,4870,11760,4722,11745,3120,11740,8503
2020-06-03 09:26:02.880000,11816.77,11755,4870,11760,4722,11745,3120,11740,8503
2020-06-03 09:26:07.600000,11812.21,11755,4870,11760,4722,11745,3120,11740,3670
2020-06-03 09:26:08.020000,11812.21,11750,3670,11755,4870,11740,3670,11735,8323
2020-06-03 09:26:09.160000,11812.21,11750,4870,11755,4870,11740,3670,11735,8323
2020-06-03 09:26:10.190000,11812.21,11750,4870,11755,4870,11740,3670,11735,8323
2020-06-03 09:26:10.630000,11812.21,11750,4770,11755,4870,11745,3120,11740,3670
2020-06-03 09:26:11.800000,11812.21,11750,4870,11755,4870,11745,3120,11740,3670
2020-06-03 09:26:12.750000,11812.21,11750,4870,11755,4870,11745,3003,11740,3670
2020-06-03 09:26:13.810000,11812.21,11750,4870,11755,4870,11740,3670,11735,3490
2020-06-03 09:26:15.190000,11805.06,11750,4870,11755,4870,11740,3670,11735,3490
2020-06-03 09:26:15.980000,11805.06,11745,3465,11750,4870,11740,3670,11735,3490
2020-06-03 09:26:17.470000,11805.06,11745,4665,11750,4870,11740,3670,11735,3490
2020-06-03 09:26:18.620000,11805.06,11745,4665,11750,4870,11735,3490,11730,8323
2020-06-03 09:26:19.090000,11805.06,11740,3470,11745,4665,11735,3490,11730,3490
2020-06-03 09:26:21.500000,11805.06,11740,4670,11745,4665,11735,3490,11730,3490
2020-06-03 09:26:22.370000,11805.06,11740,4670,11745,4665,11730,3490,11725,8255
2020-06-03 09:26:23.210000,11805.06,11745,4665,11750,4870,11735,3490,11730,8323
2020-06-03 09:26:24.350000,11799.56,11745,4665,11750,4870,11735,3490,11730,8323
2020-06-03 09:26:24.900000,11799.56,11745,4665,11750,4870,11735,3490,11730,3490
2020-06-03 09:26:25.960000,11799.56,11740,3470,11745,4665,11735,3490,11730,3490
2020-06-03 09:26:26.990000,11799.56,11740,3470,11745,4665,11735,3490,11730,3490
2020-06-03 09:26:27.400000,11799.56,11740,3470,11745,4665,11735,3490,11730,3490
2020-06-03 09:26:28.540000,11799.56,11745,4665,11750,4870,11735,3490,11730,8323
2020-06-03 09:26:28.820000,11799.56,11745,4665,11750,4870,11735,3490,11730,8323
2020-06-03 09:26:29.600000,11799.56,11745,4665,11750,4870,11735,3490,11730,3490
2020-06-03 09:26:30.600000,11799.56,11740,3470,11745,4665,11730,3490,11725,8255
2020-06-03 09:26:31.630000,11799.56,11740,4355,11745,4665,11730,3490,11725,8255
2020-06-03 09:26:32.100000,11799.56,11740,3155,11745,4665,11735,3490,11730,8323
2020-06-03 09:26:33.190000,11799.56,11745,4665,11750,4870,11740,3155,11735,3490
2020-06-03 09:26:34.270000,11799.56,11745,4665,11750,4870,11740,6825,11735,3490
2020-06-03 09:26:34.860000,11801.44,11745,3465,11750,4870,11740,6825,11735,3490
2020-06-03 09:26:35.850000,11801.44,11745,60,11750,4870,11740,6825,11735,3490
2020-06-03 09:26:36.920000,11801.44,11745,4825,11750,4870,11740,6825,11735,3490
2020-06-03 09:26:37.950000,11801.44,11745,60,11750,4870,11740,6825,11735,8323
2020-06-03 09:26:38.220000,11801.44,11750,4870,11755,4870,11740,6825,11735,8323
2020-06-03 09:26:40.050000,11801.44,11745,3465,11750,4870,11740,6825,11735,3490
2020-06-03 09:26:41.390000,11801.44,11745,3465,11750,4870,11740,3155,11735,3490
2020-06-03 09:26:42.640000,11801.44,11745,3465,11750,4870,11740,6825,11735,3490
2020-06-03 09:26:43.560000,11801.44,11750,4870,11755,4870,11740,6825,11735,3490
2020-06-03 09:26:44.000000,11802.64,11745,3465,11750,4870,11740,6825,11735,3490
2020-06-03 09:26:44.900000,11802.64,11745,4765,11750,4870,11740,6825,11735,3490
2020-06-03 09:26:45.790000,11802.64,11745,3465,11750,4870,11740,3155,11735,3490
2020-06-03 09:26:46.820000,11802.64,11745,4665,11750,4870,11740,3155,11735,3490
2020-06-03 09:26:47.290000,11802.64,11745,4665,11750,4870,11740,6825,11735,3490
2020-06-03 09:26:48.420000,11802.64,11745,3465,11750,4870,11740,6825,11735,3490
2020-06-03 09:26:49.410000,11802.64,11745,4765,11750,4870,11740,6825,11735,3490
2020-06-03 09:26:49.680000,11802.64,11745,4765,11750,4870,11740,3155,11735,3490
2020-06-03 09:26:51.550000,11802.64,11745,4765,11750,4870,11735,3490,11730,8323
2020-06-03 09:26:52.600000,11802.64,11745,4765,11750,4870,11735,3490,11730,8323
2020-06-03 09:26:53.790000,11802.64,11740,3155,11745,4765,11735,3490,11730,3490
2020-06-03 09:26:54.690000,11798.16,11740,3955,11745,4765,11735,3490,11730,3490
2020-06-03 09:26:55.740000,11798.16,11740,3155,11745,4765,11735,3490,11730,3490
2020-06-03 09:26:56.800000,11798.16,11740,4455,11745,4765,11735,3490,11730,3490
2020-06-03 09:26:57.100000,11798.16,11740,4455,11745,4765,11730,3490,11725,8255
2020-06-03 09:26:59.990000,11798.16,11740,3555,11745,4765,11730,3490,11725,8255
2020-06-03 09:27:01.000000,11798.16,11740,4455,11745,4765,11730,3490,11725,8255
2020-06-03 09:27:02.000000,11798.16,11740,4455,11745,4765,11730,3490,11725,3422
2020-06-03 09:27:03.080000,11798.16,11735,3490,11740,4455,11730,3490,11725,3422
2020-06-03 09:27:03.490000,11798.16,11735,4790,11740,4455,11725,3422,11720,9915
2020-06-03 09:27:04.190000,11795.96,11730,3670,11735,4790,11725,3422,11720,5082
2020-06-03 09:27:05.140000,11795.96,11730,3670,11735,4790,11725,3422,11720,5082
2020-06-03 09:27:06.160000,11795.96,11730,3670,11735,4790,11725,3422,11720,5082
2020-06-03 09:27:06.440000,11795.96,11730,3670,11735,4790,11725,3422,11720,5082
2020-06-03 09:27:07.440000,11795.96,11730,4270,11735,4790,11725,3422,11720,5082
2020-06-03 09:27:08.220000,11795.96,11730,4970,11735,4790,11720,5082,11715,8503
2020-06-03 09:27:09.350000,11795.96,11730,4970,11735,4790,11725,3422,11720,5082
2020-06-03 09:27:09.810000,11795.96,11730,4970,11735,4790,11720,5082,11715,8503
2020-06-03 09:27:11.860000,11795.96,11730,5030,11735,4790,11720,5082,11715,8503
2020-06-03 09:27:13.200000,11795.96,11730,5030,11735,4790,11720,5082,11715,8503
2020-06-03 09:27:13.980000,11795.96,11725,3670,11730,5030,11720,5082,11715,8503
2020-06-03 09:27:15.200000,11789.32,11730,5030,11735,4790,11720,5082,11715,8503
2020-06-03 09:27:17.930000,11789.32,11730,5030,11735,4790,11720,5082,11715,3670
2020-06-03 09:27:18.820000,11789.32,11730,5030,11735,4790,11720,5082,11715,3670
2020-06-03 09:27:19.870000,11789.32,11725,3670,11730,5030,11720,5082,11715,3670
2020-06-03 09:27:20.290000,11789.32,11725,4970,11730,5030,11720,5082,11715,3670
2020-06-03 09:27:22.490000,11789.32,11725,4970,11730,5030,11720,1412,11715,3670
2020-06-03 09:27:23.010000,11789.32,11725,4970,11730,5030,11715,3670,11710,8324
2020-06-03 09:27:24.130000,11784.63,11720,3465,11725,4970,11710,3491,11705,8324
2020-06-03 09:27:25.130000,11784.63,11720,4765,11725,4970,11710,3491,11705,8324
2020-06-03 09:27:25.590000,11784.63,11720,4765,11725,4970,11710,3491,11705,8324
2020-06-03 09:27:26.710000,11784.63,11720,3465,11725,4970,11715,3670,11710,3491
2020-06-03 09:27:27.680000,11784.63,11720,3465,11725,4970,11715,3670,11710,8324
2020-06-03 09:27:28.190000,11784.63,11725,4970,11730,5030,11715,3670,11710,8324
2020-06-03 09:27:29.330000,11784.63,11725,4970,11730,5030,11715,3670,11710,4991
2020-06-03 09:27:30.290000,11784.63,11725,4970,11730,5030,11715,3670,11710,4991
2020-06-03 09:27:31.360000,11784.63,11725,4970,11730,5030,11715,3670,11710,4991
2020-06-03 09:27:32.410000,11784.63,11725,4970,11730,5030,11715,3670,11710,4991
2020-06-03 09:27:33.100000,11784.63,11725,4970,11730,5030,11715,3670,11710,4991
2020-06-03 09:27:35.050000,11779.22,11725,3670,11730,5030,11720,3670,11715,3670
2020-06-03 09:27:36.030000,11779.22,11725,3670,11730,5030,11720,3670,11715,3670
2020-06-03 09:27:36.390000,11779.22,11725,4970,11730,5030,11715,3670,11710,4991
2020-06-03 09:27:38.170000,11779.22,11730,5030,11735,3490,11720,3670,11715,3670
2020-06-03 09:27:38.600000,11779.22,11730,5030,11735,3490,11720,3670,11715,5170
2020-06-03 09:27:39.330000,11779.22,11730,5030,11735,3490,11720,3670,11715,3670
2020-06-03 09:27:40.690000,11779.22,11730,5030,11735,3490,11720,3670,11715,3670
2020-06-03 09:27:41.910000,11779.22,11730,5030,11735,3490,11720,3670,11715,5170
2020-06-03 09:27:42.310000,11779.22,11730,5030,11735,3490,11720,3670,11715,3670
2020-06-03 09:27:43.520000,11779.22,11725,3670,11730,5030,11720,3670,11715,3670
2020-06-03 09:27:43.800000,11784.88,11725,3670,11730,5030,11720,3670,11715,3670
2020-06-03 09:27:44.490000,11784.88,11725,3670,11730,5030,11720,3670,11715,3670
2020-06-03 09:27:45.560000,11784.88,11725,3670,11730,5030,11720,3670,11715,3670
2020-06-03 09:27:46.500000,11784.88,11725,60,11730,5030,11720,3670,11715,3670
2020-06-03 09:27:47.580000,11784.88,11725,3730,11730,5030,11720,3670,11715,3670
2020-06-03 09:27:48.640000,11784.88,11725,60,11730,5030,11720,3670,11715,3670
2020-06-03 09:27:48.890000,11784.88,11730,5030,11735,3490,11720,3670,11715,5170
2020-06-03 09:27:49.700000,11784.88,11730,5030,11735,3490,11720,3670,11715,5170
2020-06-03 09:27:50.300000,11784.88,11730,5030,11735,3490,11720,3670,11715,5170
2020-06-03 09:27:51.230000,11784.88,11730,5030,11735,3490,11720,3670,11715,5170
2020-06-03 09:27:52.780000,11784.88,11730,5030,11735,3490,11720,3670,11715,5170
2020-06-03 09:27:55.420000,11785.29,11730,5030,11735,3490,11720,3670,11715,5170
2020-06-03 09:27:55.680000,11785.29,11725,3670,11730,5030,11715,3670,11710,4991
2020-06-03 09:27:57.590000,11785.29,11725,4970,11730,5030,11715,3670,11710,4991
2020-06-03 09:27:57.980000,11785.29,11720,3464,11725,4970,11715,3652,11710,4991
2020-06-03 09:27:59.170000,11785.29,11720,4764,11725,4970,11715,10,11710,3491
2020-06-03 09:27:59.590000,11785.29,11720,3464,11725,4970,11715,3662,11710,3491
2020-06-03 09:28:00.730000,11785.29,11720,3464,11725,4970,11715,3662,11710,3491
2020-06-03 09:28:01.760000,11785.29,11720,4064,11725,4970,11715,3662,11710,3491
2020-06-03 09:28:02.290000,11785.29,11720,3464,11725,4970,11715,3663,11710,3491
2020-06-03 09:28:03.320000,11785.29,11720,3464,11725,4970,11715,3663,11710,3491
2020-06-03 09:28:04.350000,11785.69,11725,4970,11730,5030,11715,3663,11710,4991
2020-06-03 09:28:04.850000,11785.69,11720,10,11725,4970,11715,3663,11710,4991
2020-06-03 09:28:05.950000,11785.69,11725,3650,11730,5030,11720,3670,11715,3663
2020-06-03 09:28:06.950000,11785.69,11725,3650,11730,5030,11720,3670,11715,3663
2020-06-03 09:28:07.400000,11785.69,11725,3650,11730,5030,11720,3670,11715,5163
2020-06-03 09:28:08.460000,11785.69,11725,3650,11730,5030,11720,3670,11715,5163
2020-06-03 09:28:08.900000,11785.69,11730,5030,11735,3490,11720,3670,11715,5163
2020-06-03 09:28:09.660000,11785.69,11730,5030,11735,3490,11720,3670,11715,5163
2020-06-03 09:28:10.700000,11785.69,11725,3650,11730,5030,11720,3670,11715,3663
2020-06-03 09:28:11.320000,11785.69,11725,4952,11730,5030,11720,3670,11715,3663
2020-06-03 09:28:12.290000,11785.69,11725,3652,11730,5030,11720,3670,11715,3663
2020-06-03 09:28:13.340000,11785.69,11725,3652,11730,5030,11720,3670,11715,3663
2020-06-03 09:28:14.400000,11785.69,11725,3652,11730,5030,11720,3670,11715,3663
2020-06-03 09:28:14.820000,11785.79,11725,2,11730,5030,11720,3670,11715,5163
2020-06-03 09:28:15.960000,11785.79,11725,402,11730,5030,11720,3638,11715,5163
2020-06-03 09:28:16.900000,11785.79,11725,1202,11730,5030,11720,3638,11715,3663
2020-06-03 09:28:17.220000,11785.79,11725,2,11730,5030,11720,3638,11715,5163
2020-06-03 09:28:19.570000,11785.79,11725,2,11730,5030,11720,3638,11715,5163
2020-06-03 09:28:20.720000,11785.79,11730,5030,11735,3490,11720,3638,11715,5163
2020-06-03 09:28:22.320000,11785.79,11730,3790,11735,3490,11725,3422,11720,3638
2020-06-03 09:28:23.360000,11785.79,11730,120,11735,3490,11725,3422,11720,5138
2020-06-03 09:28:24.380000,11786.92,11730,120,11735,3490,11725,3422,11720,5138
2020-06-03 09:28:24.930000,11786.92,11730,120,11735,3490,11725,3422,11720,5138
2020-06-03 09:28:25.960000,11786.92,11730,120,11735,3490,11725,2957,11720,5138
2020-06-03 09:28:26.940000,11786.92,11730,120,11735,3490,11725,2957,11720,5138
2020-06-03 09:28:27.550000,11786.92,11730,120,11735,3490,11725,2957,11720,5138
2020-06-03 09:28:28.520000,11786.92,11735,4790,11740,3155,11725,2957,11720,5138
2020-06-03 09:28:29.520000,11786.92,11735,4790,11740,3155,11730,3490,11725,2957
2020-06-03 09:28:29.800000,11786.92,11740,3155,11745,3464,11730,3490,11725,4457
2020-06-03 09:28:30.640000,11786.92,11740,4455,11745,3464,11730,3490,11725,4457
2020-06-03 09:28:32.720000,11786.92,11740,4455,11745,3464,11730,3490,11725,2957
2020-06-03 09:28:33.160000,11786.92,11735,3490,11740,4455,11730,3425,11725,2957
2020-06-03 09:28:34.330000,11786.92,11735,4790,11740,4455,11730,3299,11725,2957
2020-06-03 09:28:34.690000,11789.51,11730,3037,11735,4790,11725,2957,11720,3638
2020-06-03 09:28:35.910000,11789.51,11730,6707,11735,4790,11725,2957,11720,3638
2020-06-03 09:28:36.330000,11789.51,11730,3037,11735,4790,11725,2957,11720,3638
2020-06-03 09:28:37.420000,11789.51,11735,4790,11740,3155,11725,2957,11720,5138
2020-06-03 09:28:38.420000,11789.51,11735,4790,11740,3155,11725,2957,11720,5138
2020-06-03 09:28:39.500000,11789.51,11735,4790,11740,3155,11725,2957,11720,5138
2020-06-03 09:28:40.690000,11789.51,11735,4790,11740,3155,11725,2957,11720,5138
2020-06-03 09:28:41.700000,11789.51,11735,4790,11740,3155,11725,2957,11720,5138
2020-06-03 09:28:42.750000,11789.51,11735,4790,11740,3155,11730,3030,11725,2957
2020-06-03 09:28:43.190000,11789.51,11730,3030,11735,4790,11725,2957,11720,5138
2020-06-03 09:28:44.330000,11787.37,11730,3030,11735,4790,11725,2957,11720,5138
2020-06-03 09:28:44.790000,11787.37,11735,4790,11740,3155,11725,2957,11720,5138
2020-06-03 09:28:45.900000,11787.37,11735,4790,11740,3155,11725,2957,11720,5138
2020-06-03 09:28:47.430000,11787.37,11735,4790,11740,3155,11725,2957,11720,5138
2020-06-03 09:28:48.500000,11787.37,11735,3490,11740,3155,11730,3030,11725,2957
2020-06-03 09:28:48.890000,11787.37,11735,1100,11740,3155,11730,3030,11725,4457
2020-06-03 09:28:50.100000,11787.37,11740,3155,11745,3464,11730,3030,11725,4457
2020-06-03 09:28:50.600000,11787.37,11740,3155,11745,3464,11730,3030,11725,4457
2020-06-03 09:28:51.730000,11787.37,11740,4455,11745,3464,11730,3030,11725,4457
2020-06-03 09:28:52.710000,11787.37,11740,4455,11745,3464,11730,3030,11725,4457
2020-06-03 09:28:53.290000,11787.37,11740,4456,11745,3465,11730,3030,11725,4457
2020-06-03 09:28:54.700000,11788.89,11740,4456,11745,3465,11730,3030,11725,4457
2020-06-03 09:28:55.400000,11788.89,11740,3156,11745,3465,11735,3490,11730,3030
2020-06-03 09:28:56.380000,11788.89,11740,1,11745,3465,11735,3490,11730,3030
2020-06-03 09:28:57.430000,11788.89,11740,61,11745,3465,11735,3490,11730,4530
2020-06-03 09:28:57.990000,11788.89,11740,61,11745,3465,11735,3490,11730,4530
2020-06-03 09:29:01.710000,11788.89,11745,4765,11750,3661,11735,3490,11730,4530
2020-06-03 09:29:02.300000,11788.89,11745,4765,11750,3661,11735,3490,11730,4530
2020-06-03 09:29:03.190000,11788.89,11745,4764,11750,3660,11740,3591,11735,3490
2020-06-03 09:29:04.300000,11794.66,11745,4764,11750,3660,11735,3490,11730,4530
2020-06-03 09:29:05.320000,11794.66,11745,4764,11750,3660,11740,3591,11735,3490
2020-06-03 09:29:05.690000,11794.66,11745,4764,11750,3660,11735,3490,11730,4530
2020-06-03 09:29:06.500000,11794.66,11740,3155,11745,4764,11735,3490,11730,4530
2020-06-03 09:29:07.390000,11794.66,11745,4764,11750,3660,11735,3490,11730,4530
2020-06-03 09:29:08.590000,11794.66,11745,4764,11750,3660,11735,3490,11730,4530
2020-06-03 09:29:10.150000,11794.66,11745,3764,11750,3660,11735,3490,11730,4530
2020-06-03 09:29:11.170000,11794.66,11750,3660,11755,3670,11740,3591,11735,3490
2020-06-03 09:29:11.500000,11794.66,11750,4960,11755,3670,11740,3591,11735,4990
2020-06-03 09:29:12.400000,11794.66,11745,3464,11750,4960,11740,3591,11735,4990
2020-06-03 09:29:13.200000,11794.66,11745,4764,11750,4960,11740,3591,11735,3490
2020-06-03 09:29:14.400000,11794.66,11740,100,11745,4764,11735,3490,11730,4530
2020-06-03 09:29:14.900000,11798.42,11745,4501,11750,3660,11735,3490,11730,4530
2020-06-03 09:29:15.910000,11798.42,11740,3155,11745,4501,11735,3490,11730,4530
2020-06-03 09:29:17.350000,11798.42,11740,3155,11745,3301,11735,3490,11730,4530
2020-06-03 09:29:18.540000,11798.42,11740,3155,11745,3301,11735,3490,11730,3030
2020-06-03 09:29:19.020000,11798.42,11740,3155,11745,3301,11730,3030,11725,4457
2020-06-03 09:29:20.040000,11798.42,11740,3155,11745,3301,11735,3490,11730,3030
2020-06-03 09:29:20.690000,11798.42,11740,3155,11745,3301,11735,3490,11730,3030
2020-06-03 09:29:22.690000,11798.42,11745,4601,11750,3660,11735,3490,11730,4530
2020-06-03 09:29:23.290000,11800.54,11745,4601,11750,3660,11735,4790,11730,4530
2020-06-03 09:29:27.830000,11800.54,11745,4601,11750,3660,11735,4790,11730,4530
2020-06-03 09:29:28.970000,11800.54,11745,3301,11750,3660,11740,3670,11735,4790
2020-06-03 09:29:29.360000,11800.54,11745,4601,11750,3660,11740,3670,11735,4790
2020-06-03 09:29:30.530000,11800.54,11745,4601,11750,3660,11735,4790,11730,4530
2020-06-03 09:29:31.030000,11800.54,11745,4601,11750,3660,11735,4790,11730,3030
2020-06-03 09:29:32.140000,11800.54,11740,3670,11745,4401,11735,4790,11730,3030
2020-06-03 09:29:33.160000,11800.54,11740,3670,11745,4401,11735,3490,11730,3030
2020-06-03 09:29:33.610000,11800.54,11740,5030,11745,4401,11730,3030,11725,4457
2020-06-03 09:29:34.700000,11803.11,11740,5030,11745,4401,11730,4130,11725,4457
2020-06-03 09:29:35.770000,11803.11,11740,5030,11745,4401,11730,4130,11725,4457
2020-06-03 09:29:36.130000,11803.11,11740,5030,11745,4401,11730,4130,11725,4457
2020-06-03 09:29:37.380000,11803.11,11740,3730,11745,4401,11730,4130,11725,4457
2020-06-03 09:29:37.660000,11803.11,11740,4230,11745,4401,11730,4130,11725,4457
2020-06-03 09:29:38.390000,11803.11,11740,3730,11745,4401,11730,4130,11725,4457
2020-06-03 09:29:39.470000,11803.11,11740,5030,11745,4401,11730,4130,11725,4457
2020-06-03 09:29:41.400000,11803.11,11740,3730,11745,4401,11735,3490,11730,4130
2020-06-03 09:29:42.700000,11803.11,11740,60,11745,4401,11735,3490,11730,5630
2020-06-03 09:29:43.180000,11803.11,11740,60,11745,4401,11735,3490,11730,5630
2020-06-03 09:29:44.290000,11804.46,11740,60,11745,4401,11735,3490,11730,5630
2020-06-03 09:29:47.940000,11804.46,11740,60,11745,4401,11735,3490,11730,5630
2020-06-03 09:29:49.020000,11804.46,11745,4401,11750,3660,11735,3490,11730,5630
2020-06-03 09:29:49.420000,11804.46,11745,4401,11750,3660,11740,3610,11735,3490
2020-06-03 09:29:50.600000,11804.46,11745,4401,11750,3660,11740,3610,11735,3490
2020-06-03 09:29:50.920000,11804.46,11745,4401,11750,3660,11740,3610,11735,3490
2020-06-03 09:29:52.160000,11804.46,11745,4401,11750,3660,11735,3490,11730,5630
2020-06-03 09:29:52.490000,11804.46,11745,4401,11750,3660,11735,3490,11730,5630
2020-06-03 09:29:53.770000,11804.46,11745,4401,11750,3660,11735,3490,11730,5630
2020-06-03 09:29:54.050000,11804.76,11740,3670,11745,4401,11735,3490,11730,4130
2020-06-03 09:29:54.890000,11804.76,11740,4370,11745,4401,11735,3490,11730,5630
2020-06-03 09:29:55.860000,11804.76,11740,3670,11745,4401,11735,3490,11730,4130
2020-06-03 09:29:56.910000,11804.76,11745,4401,11750,3661,11735,3490,11730,5630
2020-06-03 09:29:57.480000,11804.76,11745,4401,11750,3661,11740,83,11735,3490
2020-06-03 09:29:58.450000,11804.76,11745,4401,11750,3661,11740,83,11735,3490
2020-06-03 09:29:59.510000,11804.76,11745,4401,11750,3661,11735,3490,11730,5630
2020-06-03 09:30:00.550000,11804.76,11740,1,11745,4401,11735,3490,11730,5630
2020-06-03 09:30:01.580000,11804.76,11745,4401,11750,3662,11740,1,11735,3490
2020-06-03 09:30:02.110000,11804.76,11745,3101,11750,3662,11740,3511,11735,3490
2020-06-03 09:30:03.150000,11804.76,11745,4401,11750,3662,11740,3511,11735,3490
2020-06-03 09:30:04.150000,11803.44,11745,3101,11750,3662,11740,3511,11735,3490
2020-06-03 09:30:05.260000,11803.44,11745,4301,11750,3662,11740,3511,11735,3490
2020-06-03 09:30:06.790000,11803.44,11745,4401,11750,3662,11740,3511,11735,3490
2020-06-03 09:30:07.860000,11803.44,11745,4201,11750,3662,11740,3511,11735,3490
2020-06-03 09:30:08.860000,11803.44,11745,4461,11750,3662,11740,3511,11735,3490
2020-06-03 09:30:09.290000,11803.44,11745,3161,11750,3662,11740,3511,11735,3490
2020-06-03 09:30:10.460000,11803.44,11745,60,11750,3662,11740,3511,11735,4990
2020-06-03 09:30:11.540000,11803.44,11750,4962,11755,3670,11745,3578,11740,3511
2020-06-03 09:30:11.980000,11803.44,11750,3862,11755,3670,11745,3578,11740,3511
2020-06-03 09:30:13.100000,11803.44,11750,12,11755,3670,11745,3578,11740,5011
2020-06-03 09:30:14.640000,11801.05,11750,1112,11755,3670,11745,3578,11740,5011
2020-06-03 09:30:16.230000,11801.05,11750,1312,11755,3670,11745,3578,11740,5011
2020-06-03 09:30:17.200000,11801.05,11750,1312,11755,3670,11745,3578,11740,5011
2020-06-03 09:30:17.490000,11801.05,11750,1112,11755,3670,11745,3578,11740,5011
2020-06-03 09:30:18.400000,11801.05,11750,1112,11755,3670,11745,3578,11740,5011
2020-06-03 09:30:19.410000,11801.05,11750,4962,11755,3670,11745,3578,11740,3511
2020-06-03 09:30:20.400000,11801.05,11750,3662,11755,3670,11745,3578,11740,3511
2020-06-03 09:30:20.900000,11801.05,11750,3661,11755,3670,11745,3578,11740,3511
2020-06-03 09:30:23.100000,11801.05,11750,11,11755,3670,11745,3578,11740,5011
2020-06-03 09:30:23.490000,11801.05,11750,1311,11755,3670,11745,3578,11740,5011
2020-06-03 09:30:25.290000,11803.8,11750,11,11755,3670,11745,3578,11740,5011
2020-06-03 09:30:26.290000,11803.8,11750,11,11755,3670,11745,3578,11740,5011
2020-06-03 09:30:27.830000,11803.8,11750,4861,11755,3670,11745,3578,11740,3511
2020-06-03 09:30:28.830000,11803.8,11750,3661,11755,3670,11745,3578,11740,3511
2020-06-03 09:30:29.290000,11803.8,11750,11,11755,3670,11745,3578,11740,5011
2020-06-03 09:30:30.440000,11803.8,11755,4570,11760,3900,11745,3578,11740,5011
2020-06-03 09:30:31.500000,11803.8,11760,3900,11765,3680,11750,2957,11745,5078
2020-06-03 09:30:31.880000,11803.8,11760,5200,11765,3680,11750,2957,11745,5078
2020-06-03 09:30:33.070000,11803.8,11760,5200,11765,3680,11750,2957,11745,5078
2020-06-03 09:30:34.080000,11803.8,11760,5200,11765,3680,11750,2957,11745,5078
2020-06-03 09:30:34.520000,11800.72,11760,5200,11765,3680,11755,3030,11750,2957
2020-06-03 09:30:35.710000,11800.72,11760,3900,11765,3680,11755,3030,11750,2957
2020-06-03 09:30:36.210000,11800.72,11760,3900,11765,3680,11755,3030,11750,2957
2020-06-03 09:30:37.300000,11800.72,11760,410,11765,3680,11755,3030,11750,4457
2020-06-03 09:30:37.890000,11800.72,11765,3680,11770,3616,11760,3490,11755,4330
2020-06-03 09:30:38.860000,11800.72,11765,3680,11770,3616,11760,3490,11755,4330
2020-06-03 09:30:39.940000,11800.72,11765,3680,11770,3616,11760,3490,11755,4330
2020-06-03 09:30:40.950000,11800.72,11765,3680,11770,3616,11755,4330,11750,4457
2020-06-03 09:30:41.950000,11800.72,11765,4980,11770,3616,11760,3490,11755,4330
2020-06-03 09:30:42.590000,11800.72,11765,3680,11770,3616,11760,3490,11755,5830
2020-06-03 09:30:43.630000,11800.72,11765,3680,11770,3616,11760,3490,11755,4330
2020-06-03 09:30:44.660000,11817.04,11765,3740,11770,3616,11760,3490,11755,4330
2020-06-03 09:30:45.580000,11817.04,11765,3740,11770,3616,11760,3490,11755,4330
2020-06-03 09:30:45.890000,11817.04,11765,5040,11770,3616,11755,4330,11750,4457
2020-06-03 09:30:48.160000,11817.04,11765,3740,11770,3616,11760,3490,11755,4330
2020-06-03 09:30:50.900000,11817.04,11765,70,11770,3616,11760,3490,11755,4330
2020-06-03 09:30:52.530000,11817.04,11765,70,11770,3616,11760,3490,11755,4330
2020-06-03 09:30:53.530000,11817.04,11765,5040,11770,3616,11760,3490,11755,4330
2020-06-03 09:30:54.590000,11818.72,11765,5040,11770,3616,11760,3490,11755,4330
2020-06-03 09:30:57.700000,11818.72,11765,3740,11770,3616,11760,3490,11755,4330
2020-06-03 09:30:59.810000,11818.72,11765,70,11770,3616,11760,3490,11755,4330
2020-06-03 09:31:00.390000,11818.72,11770,3616,11775,4150,11765,3440,11760,3490
2020-06-03 09:31:01.350000,11818.72,11770,3616,11775,4150,11765,3440,11760,4990
2020-06-03 09:31:02.420000,11818.72,11770,3616,11775,4150,11765,3440,11760,3490
2020-06-03 09:31:03.880000,11818.72,11770,3616,11775,4150,11765,3440,11760,3490
2020-06-03 09:31:04.960000,11821.46,11770,3616,11775,4150,11765,3440,11760,3490
2020-06-03 09:31:07.630000,11821.46,11770,3616,11775,4150,11765,3440,11760,3490
2020-06-03 09:31:08.700000,11821.46,11770,3616,11775,4150,11765,3440,11760,3490
2020-06-03 09:31:10.770000,11821.46,11770,4116,11775,4150,11765,3440,11760,3490
2020-06-03 09:31:11.790000,11821.46,11770,4916,11775,4150,11765,3440,11760,3490
2020-06-03 09:31:12.880000,11821.46,11765,3440,11770,4916,11760,3490,11755,5830
2020-06-03 09:31:13.290000,11821.46,11770,4916,11775,4150,11760,3490,11755,5830
2020-06-03 09:31:14.430000,11821.62,11770,4916,11775,4150,11765,4,11760,3490
2020-06-03 09:31:14.790000,11821.62,11770,4916,11775,4150,11760,3490,11755,4330
2020-06-03 09:31:15.960000,11821.62,11770,4916,11775,4150,11760,3490,11755,5830
2020-06-03 09:31:16.220000,11821.62,11770,4916,11775,4150,11760,3490,11755,5830
2020-06-03 09:31:17.070000,11821.62,11770,4916,11775,4150,11760,3490,11755,5830
2020-06-03 09:31:18.080000,11821.62,11770,4916,11775,4150,11760,3490,11755,4330
2020-06-03 09:31:18.550000,11821.62,11770,4916,11775,4150,11760,3490,11755,4330
2020-06-03 09:31:19.570000,11821.62,11770,4976,11775,4150,11760,3490,11755,4330
2020-06-03 09:31:21.100000,11821.62,11770,4976,11775,4150,11760,3490,11755,5830
2020-06-03 09:31:22.770000,11821.62,11770,4976,11775,4150,11760,3490,11755,5830
2020-06-03 09:31:24.190000,11821.63,11765,3670,11770,4976,11760,3490,11755,4330
2020-06-03 09:31:25.300000,11821.63,11765,4970,11770,4976,11760,3078,11755,4330
2020-06-03 09:31:25.710000,11821.63,11765,1300,11770,4976,11760,2624,11755,4330
2020-06-03 09:31:26.960000,11821.63,11765,1300,11770,4976,11760,2624,11755,4330
2020-06-03 09:31:27.990000,11821.63,11765,1832,11770,4976,11760,2624,11755,4330
2020-06-03 09:31:29.000000,11821.63,11765,5502,11770,4976,11760,2624,11755,4330
2020-06-03 09:31:29.360000,11821.63,11765,5502,11770,4976,11760,2424,11755,4330
2020-06-03 09:31:31.520000,11821.63,11765,5502,11770,4976,11760,2313,11755,4330
2020-06-03 09:31:32.660000,11821.63,11765,5502,11770,4976,11760,2313,11755,5830
2020-06-03 09:31:33.300000,11821.63,11765,5502,11770,4976,11760,2313,11755,4330
2020-06-03 09:31:34.270000,11817.43,11760,1753,11765,5502,11755,4330,11750,4457
2020-06-03 09:31:35.300000,11817.43,11765,5502,11770,4976,11755,3030,11750,4457
2020-06-03 09:31:36.840000,11817.43,11765,5502,11770,4976,11755,3030,11750,4457
2020-06-03 09:31:38.090000,11817.43,11765,5502,11770,4976,11755,3030,11750,4457
2020-06-03 09:31:38.910000,11817.43,11765,5502,11770,4976,11755,3030,11750,4457
2020-06-03 09:31:40.500000,11817.43,11765,5502,11770,4976,11755,3030,11750,4457
2020-06-03 09:31:42.080000,11817.43,11760,3490,11765,5502,11755,3030,11750,2957
2020-06-03 09:31:43.030000,11817.43,11760,4790,11765,5502,11750,2957,11745,5078
2020-06-03 09:31:44.180000,11821.15,11760,4787,11765,5502,11750,2957,11745,5078
2020-06-03 09:31:45.620000,11821.15,11760,4787,11765,5502,11750,2957,11745,5078
2020-06-03 09:31:46.780000,11821.15,11760,4192,11765,5502,11750,2957,11745,5078
2020-06-03 09:31:48.090000,11821.15,11765,5502,11770,4171,11755,3030,11750,4457
2020-06-03 09:31:48.910000,11821.15,11760,2892,11765,5502,11755,3030,11750,4457
2020-06-03 09:31:49.690000,11821.15,11765,5502,11770,4171,11755,3030,11750,4457
2020-06-03 09:31:50.960000,11821.15,11765,5502,11770,4171,11755,3030,11750,4457
2020-06-03 09:31:51.970000,11821.15,11765,5502,11770,4171,11755,3030,11750,4457
2020-06-03 09:31:52.290000,11821.15,11760,2892,11765,5502,11755,3030,11750,2957
2020-06-03 09:31:53.100000,11821.15,11760,4192,11765,5502,11755,3030,11750,2957
2020-06-03 09:31:54.130000,11821.15,11760,2892,11765,5502,11755,3030,11750,2957
2020-06-03 09:31:54.540000,11822.07,11760,2892,11765,5502,11755,3030,11750,2957
2020-06-03 09:31:55.720000,11822.07,11760,2952,11765,5502,11755,3030,11750,2957
2020-06-03 09:31:56.070000,11822.07,11760,2952,11765,5502,11755,3030,11750,4457
2020-06-03 09:31:57.300000,11822.07,11760,2952,11765,5502,11755,3030,11750,2957
2020-06-03 09:31:57.630000,11822.07,11760,2952,11765,5502,11755,3030,11750,2957
2020-06-03 09:31:58.880000,11822.07,11760,3152,11765,5502,11755,3030,11750,2957
2020-06-03 09:31:59.210000,11822.07,11760,2952,11765,5502,11755,3030,11750,2957
2020-06-03 09:32:00.470000,11822.07,11760,4252,11765,5502,11755,3030,11750,2957
2020-06-03 09:32:01.390000,11822.07,11760,3852,11765,5502,11750,2957,11745,5078
2020-06-03 09:32:01.800000,11822.07,11760,4252,11765,5502,11755,3030,11750,2957
2020-06-03 09:32:02.730000,11822.07,11760,2952,11765,5502,11755,3030,11750,2957
2020-06-03 09:32:03.480000,11822.07,11760,2952,11765,5502,11755,3030,11750,4457
2020-06-03 09:32:04.730000,11822.77,11760,2952,11765,5502,11755,3030,11750,2957
2020-06-03 09:32:05.030000,11822.77,11760,2952,11765,5502,11755,3030,11750,4457
2020-06-03 09:32:05.820000,11822.77,11760,60,11765,5582,11755,3030,11750,4857
2020-06-03 09:32:07.260000,11822.77,11765,5582,11770,4171,11760,3670,11755,3230
2020-06-03 09:32:08.400000,11822.77,11765,5582,11770,4171,11755,3230,11750,4857
2020-06-03 09:32:08.700000,11822.77,11760,2892,11765,5582,11755,3230,11750,3357
2020-06-03 09:32:09.570000,11822.77,11760,4192,11765,5582,11750,3357,11745,5078
2020-06-03 09:32:10.330000,11822.77,11760,2892,11765,5582,11755,3030,11750,4857
2020-06-03 09:32:11.610000,11822.77,11765,5582,11770,4171,11760,2892,11755,3030
2020-06-03 09:32:13.210000,11822.77,11765,5582,11770,4171,11760,2892,11755,3030
2020-06-03 09:32:14.720000,11824.48,11765,5564,11770,4171,11760,2892,11755,3030
2020-06-03 09:32:15.830000,11824.48,11765,5564,11770,4171,11760,2892,11755,3030
2020-06-03 09:32:16.800000,11824.48,11765,5032,11770,4171,11760,2892,11755,3030
2020-06-03 09:32:17.750000,11824.48,11765,5032,11770,3671,11755,3030,11750,4857
2020-06-03 09:32:18.060000,11824.48,11765,5032,11770,3671,11755,3030,11750,4857
2020-06-03 09:32:18.920000,11824.48,11760,2892,11765,5032,11755,3030,11750,3357
2020-06-03 09:32:19.970000,11824.48,11760,2892,11765,5032,11755,3030,11750,4857
2020-06-03 09:32:20.980000,11824.48,11760,2892,11765,5532,11755,3030,11750,3357
2020-06-03 09:32:22.610000,11824.48,11765,5532,11770,3671,11755,3030,11750,4857
2020-06-03 09:32:22.810000,11824.48,11765,5532,11770,3671,11755,3030,11750,4857
2020-06-03 09:32:23.580000,11824.48,11765,5532,11770,3671,11755,3030,11750,4857
2020-06-03 09:32:26.300000,11822.32,11760,2892,11765,5532,11755,3030,11750,3357
2020-06-03 09:32:26.690000,11822.32,11760,2892,11765,5532,11755,3030,11750,4857
2020-06-03 09:32:30.370000,11822.32,11760,2952,11765,5532,11755,3030,11750,3357
2020-06-03 09:32:31.390000,11822.32,11760,2952,11765,5532,11755,3030,11750,3357
2020-06-03 09:32:31.680000,11822.32,11760,2952,11765,5532,11755,3030,11750,3357
2020-06-03 09:32:34.120000,11819.58,11760,3552,11765,5532,11755,3030,11750,3357
2020-06-03 09:32:34.390000,11819.58,11760,2952,11765,5532,11755,3030,11750,4857
2020-06-03 09:32:35.600000,11819.58,11760,2952,11765,5532,11755,3030,11750,3357
2020-06-03 09:32:37.780000,11819.58,11760,2952,11765,5532,11755,3030,11750,4857
2020-06-03 09:32:38.180000,11819.58,11760,60,11765,5532,11755,3030,11750,4857
2020-06-03 09:32:39.290000,11819.58,11765,5532,11770,3671,11755,3030,11750,4857
2020-06-03 09:32:39.560000,11819.58,11765,4250,11770,3671,11760,3670,11755,3030
2020-06-03 09:32:40.450000,11819.58,11765,4250,11770,3671,11755,4530,11750,6690
2020-06-03 09:32:41.460000,11819.58,11765,5550,11770,3671,11755,3030,11750,4857
2020-06-03 09:32:43.570000,11819.58,11765,5550,11770,3671,11760,3670,11755,3030
2020-06-03 09:32:43.990000,11821.52,11765,6050,11770,3671,11760,3670,11755,3030
2020-06-03 09:32:45.120000,11821.52,11760,2600,11765,4750,11755,3030,11750,4857
2020-06-03 09:32:46.230000,11821.52,11760,497,11765,4750,11755,3030,11750,4857
2020-06-03 09:32:46.690000,11821.52,11760,1297,11765,4750,11755,3030,11750,4857
2020-06-03 09:32:47.800000,11821.52,11760,4189,11765,4750,11755,3030,11750,3357
2020-06-03 09:32:49.330000,11821.52,11760,4189,11765,4750,11755,3030,11750,3357
2020-06-03 09:32:50.410000,11821.52,11760,4189,11765,4750,11755,3030,11750,3357
2020-06-03 09:32:50.960000,11821.52,11760,3389,11765,4750,11755,3030,11750,3357
2020-06-03 09:32:53.010000,11821.52,11760,2892,11765,4750,11755,3030,11750,4857
2020-06-03 09:32:53.380000,11821.52,11765,4750,11770,3671,11755,3030,11750,4857
2020-06-03 09:32:54.580000,11817.81,11765,6050,11770,3671,11755,3030,11750,4857
2020-06-03 09:32:54.900000,11817.81,11765,4750,11770,3671,11760,3670,11755,3030
2020-06-03 09:32:55.630000,11817.81,11765,4750,11770,3671,11760,3670,11755,3030
2020-06-03 09:32:56.610000,11817.81,11765,6050,11770,3671,11755,3030,11750,4857
2020-06-03 09:32:56.990000,11817.81,11765,6050,11770,3671,11755,3030,11750,4857
2020-06-03 09:32:57.660000,11817.81,11760,2892,11765,6050,11755,3030,11750,4857
2020-06-03 09:32:58.770000,11817.81,11760,2892,11765,6050,11755,3030,11750,4857
2020-06-03 09:33:00.320000,11817.81,11765,6050,11770,3671,11760,2892,11755,3030
2020-06-03 09:33:00.690000,11817.81,11765,4750,11770,3671,11760,6562,11755,4530
2020-06-03 09:33:01.860000,11817.81,11765,4750,11770,3671,11760,6562,11755,3030
2020-06-03 09:33:02.830000,11817.81,11765,4750,11770,3671,11760,2892,11755,3030
2020-06-03 09:33:03.310000,11817.81,11765,4750,11770,3671,11760,6562,11755,4530
2020-06-03 09:33:04.450000,11820.27,11765,4750,11770,3671,11760,2892,11755,3030
2020-06-03 09:33:05.500000,11820.27,11765,4750,11770,3671,11760,2892,11755,3030
2020-06-03 09:33:05.890000,11820.27,11765,4750,11770,3671,11760,2892,11755,3030
2020-06-03 09:33:06.990000,11820.27,11765,4810,11770,3671,11760,6562,11755,3030
2020-06-03 09:33:07.590000,11820.27,11765,4810,11770,3671,11760,6562,11755,3030
2020-06-03 09:33:08.700000,11820.27,11765,4810,11770,3671,11760,6562,11755,3030
2020-06-03 09:33:09.700000,11820.27,11765,4810,11770,3671,11760,6562,11755,3030
2020-06-03 09:33:10.780000,11820.27,11765,4810,11770,3671,11760,2892,11755,3030
2020-06-03 09:33:11.160000,11820.27,11765,4810,11770,3671,11760,2892,11755,3030
2020-06-03 09:33:12.360000,11820.27,11765,4726,11770,3671,11760,2892,11755,3030
2020-06-03 09:33:13.920000,11820.27,11765,4642,11770,3671,11760,2892,11755,3030
2020-06-03 09:33:14.400000,11823.06,11765,4558,11770,3671,11760,6562,11755,3030
2020-06-03 09:33:15.400000,11823.06,11765,4471,11770,3671,11760,6562,11755,3030
2020-06-03 09:33:16.530000,11823.06,11765,4471,11770,3671,11760,2892,11755,3030
2020-06-03 09:33:16.830000,11823.06,11765,5771,11770,3671,11760,2892,11755,3030
2020-06-03 09:33:18.080000,11823.06,11760,2892,11765,4471,11755,3030,11750,3357
2020-06-03 09:33:19.110000,11823.06,11755,3670,11760,4192,11750,3357,11745,8411
2020-06-03 09:33:19.500000,11823.06,11755,3670,11760,4192,11750,400,11745,3578
2020-06-03 09:33:20.650000,11823.06,11755,3670,11760,4192,11750,400,11745,3578
2020-06-03 09:33:21.290000,11823.06,11755,3670,11760,4192,11750,3357,11745,3578
2020-06-03 09:33:23.340000,11823.06,11760,4192,11765,4471,11750,3357,11745,8411
2020-06-03 09:33:24.400000,11820.36,11760,2892,11765,4471,11750,3357,11745,8411
2020-06-03 09:33:25.460000,11820.36,11760,3992,11765,4471,11750,3357,11745,8411
2020-06-03 09:33:25.920000,11820.36,11760,3792,11765,4471,11750,3357,11745,8411
2020-06-03 09:33:27.030000,11820.36,11760,2892,11765,4471,11750,3357,11745,8411
2020-06-03 09:33:28.090000,11820.36,11760,4192,11765,4471,11750,3357,11745,8411
2020-06-03 09:33:28.620000,11820.36,11760,4192,11765,4471,11750,3357,11745,8411
2020-06-03 09:33:30.710000,11820.36,11760,4192,11765,4471,11750,3357,11745,8411
2020-06-03 09:33:31.200000,11820.36,11755,3670,11760,4192,11750,3357,11745,3578
2020-06-03 09:33:32.320000,11820.36,11755,5070,11760,4192,11750,3357,11745,3578
2020-06-03 09:33:32.760000,11820.36,11755,3670,11760,4192,11750,3357,11745,8411
2020-06-03 09:33:33.880000,11818.59,11755,3670,11760,4192,11750,3357,11745,8411
2020-06-03 09:33:34.300000,11818.59,11755,5070,11760,4192,11750,3357,11745,6911
2020-06-03 09:33:35.460000,11818.59,11755,5070,11760,4192,11750,400,11745,3578
2020-06-03 09:33:36.490000,11818.59,11755,5070,11760,4192,11750,400,11745,3578
2020-06-03 09:33:37.100000,11818.59,11755,5070,11760,4192,11750,400,11745,3578
2020-06-03 09:33:38.100000,11818.59,11755,5070,11760,4192,11745,3578,11740,8274
2020-06-03 09:33:40.210000,11818.59,11750,3650,11755,5070,11745,3578,11740,3441
2020-06-03 09:33:40.800000,11818.59,11750,5050,11755,3670,11740,3441,11735,8503
2020-06-03 09:33:41.790000,11818.59,11750,5110,11755,3670,11740,3381,11735,8503
2020-06-03 09:33:42.850000,11818.59,11745,3101,11750,5110,11735,3670,11730,9013
2020-06-03 09:33:43.880000,11818.59,11745,4501,11750,3710,11735,3670,11730,9013
2020-06-03 09:33:44.290000,11811.13,11745,4501,11750,3710,11740,3381,11735,3670
2020-06-03 09:33:45.470000,11811.13,11745,3098,11750,3710,11740,3381,11735,3670
2020-06-03 09:33:45.880000,11811.13,11745,4398,11750,3710,11735,3670,11730,9013
2020-06-03 09:33:47.050000,11811.13,11745,4398,11750,3710,11740,3381,11735,3670
2020-06-03 09:33:47.490000,11811.13,11745,4398,11750,3710,11740,3381,11735,3670
2020-06-03 09:33:48.630000,11811.13,11745,4398,11750,3710,11735,3670,11730,9013
2020-06-03 09:33:49.530000,11811.13,11745,4398,11750,3710,11735,3670,11730,9013
2020-06-03 09:33:49.890000,11811.13,11745,4398,11750,3710,11735,3670,11730,9013
2020-06-03 09:33:50.740000,11811.13,11745,4498,11750,3710,11740,3381,11735,3670
2020-06-03 09:33:51.770000,11811.13,11745,4488,11750,3710,11740,260,11735,3670
2020-06-03 09:33:52.810000,11811.13,11745,4488,11750,3710,11735,3670,11730,9013
2020-06-03 09:33:53.330000,11811.13,11740,3670,11745,4488,11730,4180,11725,7790
2020-06-03 09:33:54.360000,11807.17,11740,5070,11745,3488,11735,3670,11730,9013
2020-06-03 09:33:55.390000,11807.17,11740,3670,11745,3488,11735,3670,11730,9013
2020-06-03 09:33:56.410000,11807.17,11740,3670,11745,3488,11735,3670,11730,9013
2020-06-03 09:33:56.700000,11807.17,11740,5070,11745,3488,11730,4180,11725,7790
2020-06-03 09:33:57.500000,11807.17,11740,3670,11745,3488,11730,4180,11725,7790
2020-06-03 09:33:58.290000,11807.17,11740,5070,11745,3488,11730,4180,11725,7790
2020-06-03 09:33:59.990000,11807.17,11740,3670,11745,3488,11730,4180,11725,7790
2020-06-03 09:34:01.180000,11807.17,11740,3670,11745,3488,11735,3670,11730,4180
2020-06-03 09:34:02.180000,11807.17,11740,3670,11745,3488,11730,4180,11725,7790
2020-06-03 09:34:02.790000,11807.17,11740,3670,11745,3488,11735,3670,11730,4180
2020-06-03 09:34:03.760000,11807.17,11740,3670,11745,3488,11735,3670,11730,4180
2020-06-03 09:34:05.630000,11804.89,11740,1424,11745,3488,11735,3670,11730,4180
2020-06-03 09:34:06.400000,11804.89,11740,1424,11745,3488,11730,4180,11725,7790
2020-06-03 09:34:07.430000,11804.89,11745,3488,11750,3710,11735,3670,11730,9013
2020-06-03 09:34:07.790000,11804.89,11745,4488,11750,3710,11735,3670,11730,9013
2020-06-03 09:34:09.010000,11804.89,11745,4488,11750,3710,11735,3670,11730,9013
2020-06-03 09:34:09.300000,11804.89,11745,4488,11750,3710,11735,3670,11730,9013
2020-06-03 09:34:10.140000,11804.89,11745,4488,11750,3710,11735,3670,11730,9013
2020-06-03 09:34:12.220000,11804.89,11745,3088,11750,3710,11735,3670,11730,9013
2020-06-03 09:34:13.230000,11804.89,11745,4488,11750,3710,11735,3670,11730,9013
2020-06-03 09:34:14.830000,11807.13,11745,4488,11750,3710,11735,3670,11730,9013
2020-06-03 09:34:16.250000,11807.13,11745,4485,11750,3710,11735,3670,11730,9013
2020-06-03 09:34:17.370000,11807.13,11745,4545,11750,3710,11735,3610,11730,9013
2020-06-03 09:34:19.400000,11807.13,11745,4545,11750,3710,11735,3610,11730,9013
2020-06-03 09:34:20.560000,11807.13,11745,4545,11750,3710,11735,3610,11730,9013
2020-06-03 09:34:21.030000,11807.13,11745,4545,11750,3710,11735,3610,11730,9013
2020-06-03 09:34:22.120000,11807.13,11745,4545,11750,3710,11735,3615,11730,9013
2020-06-03 09:34:22.590000,11807.13,11745,3145,11750,3710,11735,3615,11730,9013
2020-06-03 09:34:23.720000,11807.13,11745,60,11750,3710,11740,3381,11735,3615
2020-06-03 09:34:24.730000,11803.37,11745,60,11750,3710,11740,3381,11735,8448
2020-06-03 09:34:25.810000,11803.37,11745,60,11750,3710,11740,3381,11735,3615
2020-06-03 09:34:26.870000,11803.37,11745,60,11750,3710,11740,3381,11735,8448
2020-06-03 09:34:28.460000,11803.37,11750,5110,11755,3670,11740,3381,11735,8448
2020-06-03 09:34:29.460000,11803.37,11750,5110,11755,3670,11740,3381,11735,8448
2020-06-03 09:34:29.850000,11803.37,11750,5110,11755,3670,11740,3381,11735,8448
2020-06-03 09:34:31.060000,11803.37,11750,5110,11755,3670,11740,3381,11735,8448
2020-06-03 09:34:32.060000,11803.37,11750,5110,11755,3670,11740,3381,11735,8448
2020-06-03 09:34:33.070000,11803.37,11750,3710,11755,3670,11740,3381,11735,8448
2020-06-03 09:34:34.210000,11806.02,11750,5110,11755,3670,11740,3381,11735,8448
2020-06-03 09:34:35.270000,11806.02,11750,3710,11755,3670,11740,3381,11735,8448
2020-06-03 09:34:36.270000,11806.02,11750,5110,11755,3670,11740,3381,11735,8448
2020-06-03 09:34:37.870000,11806.02,11750,5110,11755,3670,11740,3381,11735,8448
2020-06-03 09:34:38.380000,11806.02,11750,5110,11755,3670,11740,3381,11735,8448
2020-06-03 09:34:40.550000,11806.02,11745,3085,11750,5110,11735,3615,11730,9013
2020-06-03 09:34:41.090000,11806.02,11740,3670,11745,4485,11735,3615,11730,9013
2020-06-03 09:34:42.120000,11806.02,11740,3670,11745,4485,11735,5,11730,4180
2020-06-03 09:34:43.130000,11806.02,11740,3670,11745,4485,11735,5,11730,4180
2020-06-03 09:34:44.160000,11806.02,11740,5070,11745,3085,11735,5,11730,4180
2020-06-03 09:34:44.630000,11805.61,11735,2892,11740,5070,11730,4180,11725,7790
2020-06-03 09:34:45.680000,11805.61,11735,4292,11740,3670,11730,4180,11725,2957
2020-06-03 09:34:46.290000,11805.61,11735,4289,11740,3670,11730,1150,11725,2957
2020-06-03 09:34:47.300000,11805.61,11735,4289,11740,3670,11725,3157,11720,8411
2020-06-03 09:34:48.360000,11805.61,11735,4289,11740,3670,11725,3157,11720,8411
2020-06-03 09:34:48.610000,11805.61,11735,4289,11740,3670,11725,3157,11720,8411
2020-06-03 09:34:49.350000,11805.61,11735,4289,11740,3670,11725,3157,11720,8411
2020-06-03 09:34:53.390000,11805.61,11735,4349,11740,3670,11725,3157,11720,8411
2020-06-03 09:34:55.130000,11801.63,11730,3670,11735,4349,11725,2957,11720,3578
2020-06-03 09:34:56.170000,11801.63,11730,5070,11735,4349,11720,3578,11715,8225
2020-06-03 09:34:57.220000,11801.63,11730,5070,11735,4349,11720,3578,11715,8225
2020-06-03 09:34:57.690000,11801.63,11730,5333,11735,4349,11720,3578,11715,8225
2020-06-03 09:34:58.810000,11801.63,11730,5333,11735,4349,11720,3578,11715,8225
2020-06-03 09:34:59.880000,11801.63,11725,3650,11730,5333,11720,3578,11715,3392
2020-06-03 09:35:00.920000,11801.63,11725,5050,11730,5333,11715,3392,11710,8444
2020-06-03 09:35:02.020000,11801.63,11725,3650,11730,5333,11715,3392,11710,8444
2020-06-03 09:35:03.020000,11801.63,11725,3650,11730,5333,11715,3392,11710,8444
2020-06-03 09:35:04.060000,11801.63,11725,5050,11730,5333,11715,3392,11710,8444
2020-06-03 09:35:06.170000,11797.88,11720,3085,11725,5050,11715,3392,11710,3611
2020-06-03 09:35:06.580000,11797.88,11720,4485,11725,5050,11715,3392,11710,3611
2020-06-03 09:35:07.760000,11797.88,11720,4485,11725,5050,11715,11,11710,3611
2020-06-03 09:35:08.810000,11797.88,11720,4485,11725,5050,11715,11,11710,3611
2020-06-03 09:35:09.810000,11797.88,11720,4485,11725,5050,11710,3611,11705,7864
2020-06-03 09:35:11.450000,11797.88,11720,4485,11725,5050,11710,3611,11705,7864
2020-06-03 09:35:12.500000,11797.88,11720,4485,11725,5050,11710,3611,11705,7864
2020-06-03 09:35:13.030000,11797.88,11715,5069,11720,4485,11710,3611,11705,3031
2020-06-03 09:35:15.110000,11795.97,11715,3669,11720,4485,11710,1,11705,3031
2020-06-03 09:35:16.170000,11795.97,11715,5069,11720,4485,11705,3031,11700,6290
2020-06-03 09:35:17.230000,11795.97,11715,5069,11720,4485,11705,3031,11700,6290
2020-06-03 09:35:17.590000,11795.97,11710,2889,11715,5066,11705,3031,11700,6290
2020-06-03 09:35:18.810000,11795.97,11710,4289,11715,5066,11705,3031,11700,2957
2020-06-03 09:35:19.400000,11795.97,11710,4289,11715,5066,11705,3031,11700,2957
2020-06-03 09:35:20.400000,11795.97,11710,2889,11715,5066,11705,3031,11700,2957
2020-06-03 09:35:21.400000,11795.97,11715,5066,11720,3085,11705,3031,11700,7790
2020-06-03 09:35:22.480000,11795.97,11715,5066,11720,3085,11710,3610,11705,3031
2020-06-03 09:35:23.540000,11795.97,11715,3666,11720,3085,11710,3610,11705,3031
2020-06-03 09:35:24.600000,11787.27,11715,3666,11720,3085,11710,3610,11705,3031
2020-06-03 09:35:25.750000,11787.27,11715,3666,11720,3085,11705,3031,11700,7790
2020-06-03 09:35:26.530000,11787.27,11715,5066,11720,3085,11705,3031,11700,6290
2020-06-03 09:35:28.160000,11787.27,11715,5126,11720,3085,11705,2971,11700,6290
2020-06-03 09:35:31.860000,11787.27,11710,2889,11715,5126,11705,2971,11700,2957
2020-06-03 09:35:32.080000,11787.27,11715,5126,11720,3085,11705,2971,11700,6290
2020-06-03 09:35:33.050000,11787.27,11710,2889,11715,5126,11705,2971,11700,2957
2020-06-03 09:35:34.050000,11787.27,11710,4289,11715,5126,11705,2971,11700,2957
2020-06-03 09:35:34.590000,11782.2,11710,2889,11715,5126,11705,2971,11700,2957
2020-06-03 09:35:35.660000,11782.2,11710,4289,11715,5126,11700,2957,11695,8411
2020-06-03 09:35:36.690000,11782.2,11710,4289,11715,5126,11700,2957,11695,8411
2020-06-03 09:35:37.580000,11782.2,11710,4289,11715,5126,11700,2957,11695,8411
2020-06-03 09:35:38.060000,11782.2,11710,4289,11715,5126,11700,2957,11695,3578
2020-06-03 09:35:39.300000,11782.2,11705,3670,11710,4289,11700,2957,11695,3578
2020-06-03 09:35:39.750000,11782.2,11705,3670,11710,4289,11700,2957,11695,3578
2020-06-03 09:35:40.860000,11782.2,11710,4289,11715,3726,11700,2957,11695,3578
2020-06-03 09:35:42.230000,11782.2,11710,4289,11715,3726,11700,2957,11695,6911
2020-06-03 09:35:43.470000,11782.2,11705,3670,11710,4289,11700,2957,11695,3578
2020-06-03 09:35:43.950000,11779.63,11710,4289,11715,3726,11700,2957,11695,6911
2020-06-03 09:35:45.040000,11779.63,11710,4289,11715,3726,11700,2957,11695,8411
2020-06-03 09:35:46.590000,11779.63,11710,4289,11715,3726,11700,2957,11695,8411
2020-06-03 09:35:47.620000,11779.63,11710,4286,11715,3726,11700,2957,11695,8411
2020-06-03 09:35:48.620000,11779.63,11710,2886,11715,3726,11705,2971,11700,2957
2020-06-03 09:35:48.890000,11779.63,11710,2886,11715,3726,11705,2971,11700,2957
2020-06-03 09:35:49.740000,11779.63,11710,2886,11715,3726,11705,2971,11700,2957
2020-06-03 09:35:50.780000,11779.63,11710,2886,11715,3726,11705,2971,11700,2957
2020-06-03 09:35:51.840000,11779.63,11710,4286,11715,3726,11700,2957,11695,8411
2020-06-03 09:35:52.850000,11779.63,11705,3311,11710,4286,11695,3578,11690,8214
2020-06-03 09:35:53.290000,11779.63,11705,4711,11710,4286,11695,3578,11690,8214
2020-06-03 09:35:54.400000,11777.82,11705,4711,11710,4286,11695,3578,11690,3381
2020-06-03 09:35:55.480000,11777.82,11700,3650,11705,4711,11695,3578,11690,3381
2020-06-03 09:35:56.480000,11777.82,11700,5050,11705,4711,11695,3578,11690,3381
2020-06-03 09:35:56.790000,11777.82,11700,3650,11705,4711,11695,3578,11690,3381
2020-06-03 09:35:58.410000,11777.82,11700,3950,11705,4711,11690,3381,11685,8676
2020-06-03 09:35:59.620000,11777.82,11700,3650,11705,4711,11690,3381,11685,8676
2020-06-03 09:36:00.190000,11777.82,11695,3085,11700,5050,11685,3843,11680,7804
2020-06-03 09:36:01.380000,11777.82,11695,4485,11700,5050,11685,3843,11680,7804
2020-06-03 09:36:02.480000,11777.82,11695,4485,11700,5050,11685,3843,11680,6304
2020-06-03 09:36:03.390000,11777.82,11695,4485,11700,5050,11690,3381,11685,3843
2020-06-03 09:36:04.410000,11775.33,11695,4545,11700,5050,11690,3321,11685,3843
2020-06-03 09:36:05.450000,11775.33,11695,3145,11700,5050,11690,3331,11685,7176
2020-06-03 09:36:05.980000,11775.33,11700,5050,11705,3811,11690,3331,11685,8676
2020-06-03 09:36:07.030000,11775.33,11700,5050,11705,3811,11695,3578,11690,3331
2020-06-03 09:36:08.080000,11775.33,11700,3650,11705,3811,11695,3578,11690,3331
2020-06-03 09:36:08.620000,11775.33,11705,3811,11710,2886,11695,3578,11690,6664
2020-06-03 09:36:09.700000,11775.33,11705,3311,11710,2886,11700,2957,11695,3578
2020-06-03 09:36:10.750000,11775.33,11710,2886,11715,3726,11700,2957,11695,8411
2020-06-03 09:36:11.790000,11775.33,11710,4286,11715,3726,11700,2957,11695,8411
2020-06-03 09:36:12.390000,11775.33,11710,4286,11715,3726,11700,2957,11695,8411
2020-06-03 09:36:13.360000,11775.33,11710,4286,11715,3726,11700,2957,11695,6911
2020-06-03 09:36:14.400000,11770.3,11710,2886,11715,3726,11700,2957,11695,8411
2020-06-03 09:36:14.920000,11770.3,11710,2886,11715,3726,11705,2971,11700,2957
2020-06-03 09:36:15.960000,11770.3,11715,3726,11720,2793,11705,2971,11700,6290
2020-06-03 09:36:17.060000,11770.3,11715,3726,11720,2793,11705,2971,11700,7790
2020-06-03 09:36:18.120000,11770.3,11715,5126,11720,2793,11705,2971,11700,7790
2020-06-03 09:36:18.710000,11770.3,11715,60,11720,2793,11710,3610,11705,7804
2020-06-03 09:36:19.670000,11770.3,11720,4193,11725,3650,11710,3810,11705,7804
2020-06-03 09:36:20.710000,11770.3,11720,4193,11725,3650,11710,3810,11705,7804
2020-06-03 09:36:21.760000,11770.3,11715,3663,11720,4193,11710,3610,11705,2971
2020-06-03 09:36:22.780000,11770.3,11715,1400,11720,4193,11710,3610,11705,2971
2020-06-03 09:36:23.180000,11770.3,11720,4193,11725,3650,11710,3610,11705,7804
2020-06-03 09:36:26.350000,11773.65,11720,4193,11725,3650,11710,3610,11705,7804
2020-06-03 09:36:27.460000,11773.65,11720,4193,11725,3650,11710,3610,11705,7804
2020-06-03 09:36:27.880000,11773.65,11720,2793,11725,3650,11715,3321,11710,3610
2020-06-03 09:36:29.040000,11773.65,11725,3650,11730,3574,11715,3321,11710,8443
2020-06-03 09:36:30.040000,11773.65,11725,5050,11730,3574,11715,3321,11710,8443
2020-06-03 09:36:31.020000,11773.65,11725,5050,11730,3574,11715,3321,11710,3610
2020-06-03 09:36:31.430000,11773.65,11720,2793,11725,5050,11715,3321,11710,3610
2020-06-03 09:36:32.660000,11773.65,11720,2793,11725,5050,11715,3321,11710,3610
2020-06-03 09:36:32.880000,11773.65,11720,2793,11725,5050,11715,3331,11710,3610
2020-06-03 09:36:33.760000,11775.83,11720,4193,11725,5050,11715,10,11710,3610
2020-06-03 09:36:34.770000,11775.83,11720,4193,11725,5050,11715,10,11710,3610
2020-06-03 09:36:35.820000,11775.83,11720,2793,11725,5050,11715,3331,11710,3610
2020-06-03 09:36:38.460000,11775.83,11720,2793,11725,5050,11715,3331,11710,3610
2020-06-03 09:36:39.410000,11775.83,11720,3253,11725,5050,11715,3331,11710,3610
2020-06-03 09:36:39.690000,11775.83,11720,2853,11725,5050,11715,10,11710,3610
2020-06-03 09:36:40.520000,11775.83,11720,2853,11725,5050,11715,3331,11710,3610
2020-06-03 09:36:41.610000,11775.83,11720,60,11725,5050,11715,3331,11710,3610
2020-06-03 09:36:42.110000,11775.83,11725,5050,11730,3575,11715,3331,11710,8443
2020-06-03 09:36:44.220000,11775.83,11730,3575,11735,2946,11720,3578,11715,8164
2020-06-03 09:36:44.660000,11783.82,11730,3575,11735,2946,11720,3578,11715,8164
2020-06-03 09:36:45.810000,11783.82,11725,3650,11730,4975,11720,3578,11715,3331
2020-06-03 09:36:46.310000,11783.82,11725,5050,11730,4975,11715,3331,11710,8443
2020-06-03 09:36:47.440000,11783.82,11725,5050,11730,4975,11715,3331,11710,8443
2020-06-03 09:36:47.890000,11783.82,11725,5050,11730,4975,11715,3331,11710,8443
2020-06-03 09:36:49.000000,11783.82,11720,2793,11725,5047,11715,3331,11710,3610
2020-06-03 09:36:49.520000,11783.82,11720,2793,11725,5047,11715,3331,11710,8443
2020-06-03 09:36:50.580000,11783.82,11720,2620,11725,5047,11715,3331,11710,3610
2020-06-03 09:36:51.190000,11783.82,11720,3120,11725,5047,11715,3331,11710,3610
2020-06-03 09:36:52.170000,11783.82,11720,4020,11725,5047,11715,3331,11710,3610
2020-06-03 09:36:53.230000,11783.82,11720,2420,11725,5047,11715,3331,11710,8443
2020-06-03 09:36:53.590000,11783.82,11720,5070,11725,5047,11715,3331,11710,3610
2020-06-03 09:36:54.670000,11784.04,11720,3670,11725,5047,11715,3331,11710,8443
2020-06-03 09:36:55.010000,11784.04,11720,3670,11725,5047,11715,3331,11710,3610
2020-06-03 09:36:55.870000,11784.04,11720,4970,11725,5047,11715,3331,11710,3610
2020-06-03 09:36:56.940000,11784.04,11720,3970,11725,3647,11710,3610,11705,7804
2020-06-03 09:36:57.480000,11784.04,11720,5070,11725,3647,11710,3610,11705,7804
2020-06-03 09:36:58.470000,11784.04,11720,5070,11725,3647,11710,3610,11705,7804
2020-06-03 09:37:00.030000,11784.04,11715,3663,11720,5070,11710,3610,11705,2971
2020-06-03 09:37:01.080000,11784.04,11720,5070,11725,3647,11715,2200,11710,3610
2020-06-03 09:37:01.590000,11784.04,11720,3670,11725,3647,11715,5521,11710,3610
2020-06-03 09:37:02.670000,11784.04,11725,3647,11730,3575,11715,5521,11710,3610
2020-06-03 09:37:03.110000,11784.04,11725,5047,11730,3575,11715,5521,11710,3610
2020-06-03 09:37:04.250000,11784.04,11720,3670,11725,5047,11715,5521,11710,3610
2020-06-03 09:37:04.590000,11781.29,11720,5070,11725,5047,11715,2200,11710,3610
2020-06-03 09:37:05.790000,11781.29,11720,4570,11725,5047,11715,2200,11710,3610
2020-06-03 09:37:06.090000,11781.29,11720,5070,11725,5047,11715,2200,11710,3610
2020-06-03 09:37:07.950000,11781.29,11720,3670,11725,5047,11715,5521,11710,3610
2020-06-03 09:37:08.960000,11781.29,11725,5047,11730,3575,11715,5521,11710,3610
2020-06-03 09:37:10.060000,11781.29,11720,3670,11725,5047,11715,5521,11710,3610
2020-06-03 09:37:10.590000,11781.29,11720,3670,11725,5047,11715,5521,11710,3610
2020-06-03 09:37:11.590000,11781.29,11725,5047,11730,3575,11715,5521,11710,3610
2020-06-03 09:37:13.700000,11781.29,11725,5047,11730,3575,11715,5521,11710,8443
2020-06-03 09:37:14.700000,11780.65,11720,3670,11725,5047,11715,5521,11710,3610
2020-06-03 09:37:15.200000,11780.65,11720,3730,11725,5047,11715,5521,11710,3610
2020-06-03 09:37:16.260000,11780.65,11720,60,11725,5047,11715,5521,11710,3610
2020-06-03 09:37:17.340000,11780.65,11720,60,11725,5047,11715,5521,11710,8443
2020-06-03 09:37:18.260000,11780.65,11720,57,11725,5047,11715,5521,11710,8443
2020-06-03 09:37:19.300000,11780.65,11720,57,11725,5047,11715,5521,11710,8443
2020-06-03 09:37:19.590000,11780.65,11725,5047,11730,3575,11715,5521,11710,8443
2020-06-03 09:37:20.460000,11780.65,11725,5047,11730,3575,11715,5521,11710,8443
2020-06-03 09:37:21.540000,11780.65,11725,5047,11730,3575,11715,5521,11710,8443
2020-06-03 09:37:22.080000,11780.65,11725,3647,11730,3575,11715,5521,11710,8443
2020-06-03 09:37:23.080000,11780.65,11725,5047,11730,3575,11715,5521,11710,8443
2020-06-03 09:37:23.580000,11780.65,11725,5047,11730,3575,11715,5521,11710,8443
2020-06-03 09:37:24.650000,11780.88,11725,4447,11730,3575,11715,5521,11710,8443
2020-06-03 09:37:25.550000,11780.88,11725,3647,11730,3575,11720,3578,11715,5521
2020-06-03 09:37:25.800000,11780.88,11725,3647,11730,3575,11720,3578,11715,5521
2020-06-03 09:37:26.680000,11780.88,11725,4647,11730,3575,11720,3578,11715,5521
2020-06-03 09:37:27.080000,11780.88,11725,5047,11730,3575,11720,3578,11715,5521
2020-06-03 09:37:27.610000,11780.88,11725,3647,11730,3575,11720,3578,11715,5521
2020-06-03 09:37:28.390000,11780.88,11725,3647,11730,3575,11720,3578,11715,5521
2020-06-03 09:37:29.390000,11780.88,11725,3647,11730,3575,11720,3578,11715,5521
2020-06-03 09:37:29.830000,11780.88,11725,4947,11730,3575,11720,3578,11715,5521
2020-06-03 09:37:31.430000,11780.88,11725,3647,11730,3575,11720,3578,11715,5521
2020-06-03 09:37:32.490000,11780.88,11725,3647,11730,3575,11715,5521,11710,8443
2020-06-03 09:37:33.000000,11780.88,11725,5047,11730,3575,11720,3578,11715,5521
2020-06-03 09:37:34.060000,11783.18,11725,3647,11730,3575,11720,3578,11715,5521
2020-06-03 09:37:36.110000,11783.18,11725,5047,11730,3575,11720,3578,11715,5521
2020-06-03 09:37:38.270000,11783.18,11725,3647,11730,3575,11720,3586,11715,5521
2020-06-03 09:37:39.300000,11783.18,11730,3575,11735,2946,11720,3586,11715,10354
2020-06-03 09:37:40.330000,11783.18,11730,264,11735,2946,11725,2957,11720,8419
2020-06-03 09:37:40.860000,11783.18,11730,264,11735,2946,11725,2957,11720,3586
2020-06-03 09:37:41.890000,11783.18,11730,4975,11735,2946,11725,2957,11720,3586
2020-06-03 09:37:42.890000,11783.18,11730,3575,11735,2946,11725,2957,11720,3586
2020-06-03 09:37:43.970000,11783.18,11730,4875,11735,2946,11720,3586,11715,10354
2020-06-03 09:37:44.280000,11781.66,11730,3575,11735,2946,11720,3586,11715,10354
2020-06-03 09:37:45.500000,11781.66,11730,3575,11735,2946,11725,2957,11720,3586
2020-06-03 09:37:45.830000,11781.66,11730,264,11735,2946,11725,2957,11720,8419
2020-06-03 09:37:46.480000,11781.66,11730,264,11735,2946,11725,2957,11720,3586
2020-06-03 09:37:47.590000,11781.66,11730,264,11735,2946,11725,2957,11720,8419
2020-06-03 09:37:47.980000,11781.66,11730,3575,11735,2946,11725,2957,11720,3586
2020-06-03 09:37:49.150000,11781.66,11730,264,11735,2946,11725,2957,11720,3586
2020-06-03 09:37:49.620000,11781.66,11730,261,11735,2946,11725,2957,11720,8419
2020-06-03 09:37:50.730000,11781.66,11730,321,11735,2946,11725,2957,11720,8419
2020-06-03 09:37:51.860000,11781.66,11730,321,11735,2946,11725,2957,11720,8419
2020-06-03 09:37:54.760000,11786.44,11735,4346,11740,3664,11725,2957,11720,8419
2020-06-03 09:37:55.590000,11786.44,11735,2946,11740,3664,11730,2971,11725,2957
2020-06-03 09:37:56.480000,11786.44,11735,60,11740,3664,11730,2971,11725,7790
2020-06-03 09:37:57.530000,11786.44,11740,5064,11745,3670,11735,3550,11730,2971
2020-06-03 09:37:58.560000,11786.44,11740,3664,11745,3670,11735,3550,11730,2971
2020-06-03 09:37:59.510000,11786.44,11740,5064,11745,3670,11735,3550,11730,2971
2020-06-03 09:37:59.990000,11786.44,11740,5064,11745,3670,11730,2971,11725,7790
2020-06-03 09:38:01.130000,11786.44,11740,5064,11745,3670,11730,2971,11725,7790
2020-06-03 09:38:01.590000,11786.44,11740,3664,11745,3670,11735,3550,11730,2971
2020-06-03 09:38:02.790000,11786.44,11740,1,11745,3670,11735,3550,11730,7804
2020-06-03 09:38:03.820000,11791.0,11740,1,11745,3670,11735,3550,11730,7804
2020-06-03 09:38:06.930000,11791.0,11740,5064,11745,3670,11735,3550,11730,2971
2020-06-03 09:38:07.320000,11791.0,11740,3864,11745,3670,11735,3550,11730,2971
2020-06-03 09:38:08.100000,11791.0,11740,3864,11745,3670,11735,3550,11730,2971
2020-06-03 09:38:08.980000,11791.0,11740,1,11745,3670,11735,3550,11730,2971
2020-06-03 09:38:12.050000,11791.0,11740,1,11745,3670,11735,3550,11730,7804
2020-06-03 09:38:13.210000,11791.0,11740,1,11745,3670,11735,3538,11730,7804
2020-06-03 09:38:14.750000,11793.32,11740,1101,11745,3670,11735,3538,11730,7804
2020-06-03 09:38:15.050000,11793.32,11740,1,11745,3670,11735,3538,11730,3056
2020-06-03 09:38:17.390000,11793.32,11740,1,11745,3670,11735,3538,11730,7989
2020-06-03 09:38:18.460000,11793.32,11740,1,11745,3670,11735,3538,11730,3156
2020-06-03 09:38:18.910000,11793.32,11740,1,11745,3670,11735,3538,11730,7989
2020-06-03 09:38:20.070000,11793.32,11745,5070,11750,3647,11735,3538,11730,7989
2020-06-03 09:38:20.520000,11793.32,11745,5070,11750,3647,11735,3538,11730,7989
2020-06-03 09:38:22.100000,11793.32,11745,5070,11750,3647,11735,3538,11730,3156
2020-06-03 09:38:23.390000,11795.69,11740,3663,11745,5070,11735,3538,11730,3156
2020-06-03 09:38:24.280000,11795.69,11745,5070,11750,3647,11735,3538,11730,3156
2020-06-03 09:38:25.850000,11795.69,11740,3663,11745,5070,11735,3538,11730,3156
2020-06-03 09:38:26.330000,11795.69,11735,2000,11740,5123,11730,3156,11725,7790
2020-06-03 09:38:27.410000,11795.69,11740,5123,11745,3670,11730,3156,11725,7790
2020-06-03 09:38:27.740000,11795.69,11740,5123,11745,3670,11730,3156,11725,2957
2020-06-03 09:38:28.480000,11795.69,11735,2886,11740,5123,11730,185,11725,2957
2020-06-03 09:38:29.560000,11795.69,11735,4286,11740,5123,11725,2957,11720,8419
2020-06-03 09:38:29.780000,11795.69,11735,4286,11740,5123,11725,2957,11720,8419
2020-06-03 09:38:30.580000,11795.69,11735,4286,11740,5123,11725,2957,11720,8419
2020-06-03 09:38:31.640000,11795.69,11735,4286,11740,5123,11725,2957,11720,8419
2020-06-03 09:38:31.870000,11795.69,11735,4286,11740,5123,11725,2957,11720,8419
2020-06-03 09:38:32.700000,11795.69,11735,3686,11740,5123,11725,2957,11720,8419
2020-06-03 09:38:33.660000,11795.69,11735,4186,11740,5123,11730,2971,11725,2957
