time,nav,sell1,sell1_cnt,sell2,sell2_cnt,buy1,buy1_cnt,buy2,buy2_cnt
2020-06-10 10:38:02.440000,0.0,11865,3322,11870,11696,11855,3325,11850,3833
2020-06-10 10:38:03.690000,0.0,11865,3322,11870,11696,11855,3325,11850,5333
2020-06-10 10:38:06.190000,11962.37,11865,3322,11870,11696,11860,3224,11855,3325
2020-06-10 10:38:06.520000,11962.37,11865,3322,11870,11696,11855,3325,11850,3833
2020-06-10 10:38:07.060000,11962.37,11865,3322,11870,11696,11860,3224,11855,3325
2020-06-10 10:38:07.420000,11962.37,11865,3322,11870,11696,11855,3325,11850,5333
2020-06-10 10:38:08.640000,11962.37,11865,3322,11870,11696,11860,3224,11855,3325
2020-06-10 10:38:15.650000,11961.18,11865,300,11870,11696,11860,3724,11855,3325
2020-06-10 10:38:16.360000,11961.18,11865,300,11870,11696,11860,3724,11855,4825
2020-06-10 10:38:16.510000,11961.18,11870,11696,11875,3024,11865,3277,11860,3724
2020-06-10 10:38:16.800000,11961.18,11870,11696,11875,3024,11860,3724,11855,4825
2020-06-10 10:38:17.150000,11961.18,11870,11696,11875,3024,11860,3724,11855,4825
2020-06-10 10:38:18.200000,11961.18,11870,11696,11875,3024,11860,3724,11855,3325
2020-06-10 10:38:19.090000,11961.18,11870,11696,11875,3024,11860,3224,11855,3325
2020-06-10 10:38:20.530000,11961.18,11870,11696,11875,3024,11860,3724,11855,3325
2020-06-10 10:38:25.920000,11962.59,11870,11696,11875,3024,11860,3724,11855,4825
2020-06-10 10:38:26.150000,11962.59,11870,11696,11875,3024,11865,3277,11860,3724
2020-06-10 10:38:26.950000,11962.59,11870,11696,11875,3024,11860,3224,11855,3325
2020-06-10 10:38:27.090000,11962.59,11865,3022,11870,11696,11860,3224,11855,3325
2020-06-10 10:38:27.650000,11962.59,11865,3022,11870,11696,11860,3224,11855,3325
2020-06-10 10:38:32.730000,11962.59,11865,3022,11870,11696,11855,3325,11850,5333
2020-06-10 10:38:32.880000,11962.59,11865,3022,11870,11696,11860,3224,11855,3325
2020-06-10 10:38:35.340000,11963.35,11870,11696,11875,3024,11860,3224,11855,3325
2020-06-10 10:38:35.460000,11963.35,11870,11696,11875,3024,11860,3224,11855,3325
2020-06-10 10:38:36.790000,11963.35,11865,3022,11870,11696,11860,3224,11855,3325
2020-06-10 10:38:37.960000,11963.35,11865,3022,11870,11696,11860,3224,11855,3325
2020-06-10 10:38:38.350000,11963.35,11865,3022,11870,11696,11855,3325,11850,5333
2020-06-10 10:38:39.130000,11963.35,11865,3022,11870,11696,11855,3325,11850,5333
2020-06-10 10:38:41.150000,11963.35,11865,3022,11870,11696,11855,3325,11850,5333
2020-06-10 10:38:41.430000,11963.35,11865,3022,11870,11696,11860,3224,11855,3325
2020-06-10 10:38:42.660000,11963.35,11865,3022,11870,11696,11860,3224,11855,3325
2020-06-10 10:38:43.790000,11963.35,11865,3022,11870,11696,11855,3325,11850,5333
2020-06-10 10:38:46.000000,11963.0,11865,3022,11870,11696,11855,3325,11850,3833
2020-06-10 10:38:52.220000,11963.0,11865,3022,11870,11696,11855,2825,11850,3833
2020-06-10 10:38:54.470000,11960.62,11860,3369,11865,3022,11855,2825,11850,3833
2020-06-10 10:38:54.860000,11960.62,11860,3369,11865,3022,11850,3833,11845,5370
2020-06-10 10:38:55.360000,11960.62,11860,3369,11865,3022,11855,2825,11850,3833
2020-06-10 10:38:57.130000,11960.62,11860,3369,11865,3022,11855,2825,11850,3833
2020-06-10 10:38:59.060000,11960.62,11865,3022,11870,11696,11855,2825,11850,3833
2020-06-10 10:39:00.860000,11960.62,11865,3022,11870,11696,11855,3325,11850,3833
2020-06-10 10:39:01.690000,11960.62,11865,3022,11870,11696,11855,2825,11850,3833
2020-06-10 10:39:01.980000,11960.62,11865,3022,11870,11696,11855,3325,11850,3833
2020-06-10 10:39:02.760000,11960.62,11865,3022,11870,11696,11855,2825,11850,3833
2020-06-10 10:39:02.980000,11960.62,11860,3369,11865,3022,11855,2825,11850,3833
2020-06-10 10:39:05.480000,11963.12,11860,3369,11865,3022,11850,3833,11845,5370
2020-06-10 10:39:05.830000,11963.12,11860,3369,11865,3022,11855,2825,11850,3833
2020-06-10 10:39:06.330000,11963.12,11860,3369,11865,3022,11855,2825,11850,3833
2020-06-10 10:39:09.510000,11963.12,11860,3369,11865,3022,11850,3833,11845,3870
2020-06-10 10:39:09.620000,11963.12,11860,3369,11865,3022,11850,3833,11845,3870
2020-06-10 10:39:09.930000,11963.12,11860,109,11865,3022,11855,2825,11850,3833
2020-06-10 10:39:10.670000,11963.12,11865,3022,11870,11696,11855,2825,11850,3833
2020-06-10 10:39:10.760000,11963.12,11865,3022,11870,11696,11855,2825,11850,3833
2020-06-10 10:39:10.860000,11963.12,11860,3370,11865,3022,11850,3833,11845,3870
2020-06-10 10:39:11.090000,11963.12,11860,3370,11865,3022,11850,3833,11845,3870
2020-06-10 10:39:11.430000,11963.12,11860,3370,11865,3022,11850,3833,11845,5370
2020-06-10 10:39:12.200000,11963.12,11860,3370,11865,3022,11850,3333,11845,3870
2020-06-10 10:39:12.390000,11963.12,11855,3369,11860,3370,11850,3333,11845,3870
2020-06-10 10:39:13.210000,11963.12,11860,3370,11865,3022,11850,3333,11845,3870
2020-06-10 10:39:13.370000,11963.12,11855,3369,11860,3370,11850,3333,11845,3870
2020-06-10 10:39:13.610000,11963.12,11860,3370,11865,3022,11850,3333,11845,3870
2020-06-10 10:39:14.370000,11963.12,11860,3370,11865,3022,11850,3833,11845,3870
2020-06-10 10:39:14.540000,11963.12,11860,3370,11865,3022,11855,2825,11850,3833
2020-06-10 10:39:15.460000,11963.12,11865,3022,11870,11696,11855,2825,11850,3833
2020-06-10 10:39:17.730000,11962.67,11860,3370,11865,3022,11850,3833,11845,3870
2020-06-10 10:39:18.010000,11962.67,11860,3370,11865,3022,11850,3833,11845,3870
2020-06-10 10:39:18.420000,11962.67,11860,3370,11865,3022,11850,3833,11845,5370
2020-06-10 10:39:20.090000,11962.67,11860,3370,11865,3022,11855,2580,11850,3833
2020-06-10 10:39:20.310000,11962.67,11865,3022,11870,11696,11855,2580,11850,3833
2020-06-10 10:39:20.540000,11962.67,11865,3022,11870,11696,11855,2580,11850,3833
2020-06-10 10:39:21.670000,11962.67,11865,3022,11870,11696,11855,2580,11850,3833
2020-06-10 10:39:22.810000,11962.67,11865,3022,11870,11696,11855,2580,11850,3833
2020-06-10 10:39:24.320000,11964.42,11865,3022,11870,11696,11855,2580,11850,3833
2020-06-10 10:39:24.790000,11964.42,11860,3370,11865,3022,11855,2580,11850,3833
2020-06-10 10:39:25.940000,11964.42,11860,3370,11865,3022,11855,2580,11850,13833
2020-06-10 10:39:27.020000,11964.42,11865,3022,11870,11696,11855,2580,11850,13833
2020-06-10 10:39:30.150000,11964.42,11860,3370,11865,3022,11855,3080,11850,13833
2020-06-10 10:39:30.430000,11964.42,11860,3370,11865,3022,11855,2580,11850,13833
2020-06-10 10:39:31.210000,11964.42,11865,3022,11870,11696,11855,2580,11850,13833
2020-06-10 10:39:31.370000,11964.42,11865,3022,11870,11696,11855,3080,11850,13833
2020-06-10 10:39:33.100000,11964.42,11865,3022,11870,11696,11855,3080,11850,13833
2020-06-10 10:39:34.220000,11964.42,11865,3022,11870,11696,11855,3080,11850,13833
2020-06-10 10:39:34.860000,11963.96,11865,3022,11870,11696,11855,3080,11850,13833
2020-06-10 10:39:37.750000,11963.96,11865,3022,11870,11696,11855,3080,11850,13833
2020-06-10 10:39:40.890000,11963.96,11865,3022,11870,11696,11855,3080,11850,13833
2020-06-10 10:39:41.250000,11963.96,11865,3022,11870,11696,11855,3080,11850,13833
2020-06-10 10:39:41.720000,11963.96,11865,3022,11870,11696,11860,3224,11855,3080
2020-06-10 10:39:43.890000,11963.96,11865,3022,11870,11696,11860,3224,11855,3080
2020-06-10 10:39:48.420000,11965.21,11865,3022,11870,11696,11855,3080,11850,13833
2020-06-10 10:39:49.110000,11965.21,11865,3022,11870,11696,11855,3380,11850,13833
2020-06-10 10:39:56.660000,11966.82,11865,3322,11870,11696,11855,3380,11850,13833
2020-06-10 10:39:59.430000,11966.82,11860,3370,11865,3322,11855,3380,11850,13833
2020-06-10 10:39:59.820000,11966.82,11860,3370,11865,3322,11855,2880,11850,13833
2020-06-10 10:40:00.790000,11966.82,11860,3370,11865,3322,11855,3380,11850,13833
2020-06-10 10:40:01.020000,11966.82,11860,3370,11865,3322,11855,2880,11850,13833
2020-06-10 10:40:01.430000,11966.82,11860,3370,11865,3322,11855,2880,11850,13833
2020-06-10 10:40:02.320000,11966.82,11860,3370,11865,3322,11855,2880,11850,13833
2020-06-10 10:40:02.470000,11966.82,11860,3370,11865,3322,11855,300,11850,13833
2020-06-10 10:40:02.850000,11966.82,11860,3370,11865,3322,11855,2880,11850,13833
2020-06-10 10:40:03.410000,11966.82,11865,3322,11870,11696,11855,2880,11850,13833
2020-06-10 10:40:03.850000,11966.82,11865,3322,11870,11696,11855,2880,11850,13833
2020-06-10 10:40:04.260000,11966.82,11865,3322,11870,11696,11855,2880,11850,13833
2020-06-10 10:40:06.150000,11968.34,11865,3322,11870,11696,11855,3380,11850,13833
2020-06-10 10:40:06.380000,11968.34,11865,3322,11870,11696,11855,3380,11850,13833
2020-06-10 10:40:09.160000,11968.34,11865,3322,11870,11696,11855,3380,11850,13833
2020-06-10 10:40:09.280000,11968.34,11865,3322,11870,11696,11855,3380,11850,15333
2020-06-10 10:40:10.140000,11968.34,11865,3322,11870,11696,11860,3224,11855,3380
2020-06-10 10:40:12.360000,11968.34,11865,3322,11870,11696,11855,3380,11850,15333
2020-06-10 10:40:17.110000,11969.05,11865,3322,11870,11696,11860,3224,11855,3380
2020-06-10 10:40:17.340000,11969.05,11865,3322,11870,11696,11860,3224,11855,3380
2020-06-10 10:40:18.380000,11969.05,11865,3322,11870,11696,11860,3224,11855,3380
2020-06-10 10:40:19.250000,11969.05,11865,3322,11870,11696,11860,3224,11855,3380
2020-06-10 10:40:20.500000,11969.05,11865,3322,11870,10348,11860,1876,11855,3380
2020-06-10 10:40:21.520000,11969.05,11865,3322,11870,10348,11855,3380,11850,15333
2020-06-10 10:40:25.220000,11969.06,11865,3322,11870,10348,11855,3380,11850,15333
2020-06-10 10:40:26.280000,11969.06,11865,3322,11870,10348,11860,3370,11855,3380
2020-06-10 10:40:26.510000,11969.06,11865,3322,11870,10348,11860,3370,11855,3380
2020-06-10 10:40:27.190000,11969.06,11865,300,11870,10348,11860,3370,11855,3380
2020-06-10 10:40:27.510000,11969.06,11865,3322,11870,10348,11860,3370,11855,3380
2020-06-10 10:40:33.040000,11969.06,11865,3322,11870,10348,11855,3380,11850,15333
2020-06-10 10:40:33.230000,11969.06,11865,3322,11870,10348,11855,3380,11850,13833
2020-06-10 10:40:36.650000,11968.56,11865,3322,11870,10348,11860,3370,11855,3380
2020-06-10 10:40:41.320000,11968.56,11865,3073,11870,10348,11860,3370,11855,3380
2020-06-10 10:40:41.980000,11968.56,11865,2996,11870,10348,11860,3370,11855,3380
2020-06-10 10:40:42.960000,11968.56,11865,2713,11870,10348,11860,3370,11855,3380
2020-06-10 10:40:43.090000,11968.56,11865,2606,11870,10348,11860,3370,11855,3380
2020-06-10 10:40:44.410000,11968.56,11870,10348,11875,2824,11860,3370,11855,3380
2020-06-10 10:40:44.850000,11968.13,11865,2606,11870,10348,11860,3370,11855,2880
2020-06-10 10:40:45.590000,11968.13,11870,10348,11875,2824,11860,3370,11855,3380
2020-06-10 10:40:47.090000,11968.13,11870,10348,11875,2824,11860,3870,11855,3380
2020-06-10 10:40:47.490000,11968.13,11870,10348,11875,2824,11860,3870,11855,3380
2020-06-10 10:40:48.410000,11968.13,11870,10348,11875,2824,11865,3277,11860,3870
2020-06-10 10:40:50.740000,11968.13,11870,10348,11875,2824,11865,3277,11860,3870
2020-06-10 10:40:50.870000,11968.13,11870,10348,11875,2824,11860,3870,11855,3380
2020-06-10 10:40:51.820000,11968.13,11870,10348,11875,2824,11860,3870,11855,3380
2020-06-10 10:40:52.290000,11968.13,11870,10348,11875,2824,11865,3277,11860,3870
2020-06-10 10:40:54.940000,11968.13,11870,7000,11875,2824,11865,3277,11860,3870
2020-06-10 10:40:57.430000,11967.89,11870,7000,11875,2824,11865,3277,11860,4170
2020-06-10 10:40:58.140000,11967.89,11870,7000,11875,2824,11865,3777,11860,4170
2020-06-10 10:40:59.220000,11967.89,11870,7000,11875,2824,11865,3277,11860,4170
2020-06-10 10:40:59.740000,11967.89,11870,10348,11875,2824,11865,3277,11860,4170
2020-06-10 10:41:00.800000,11967.89,11870,7000,11875,2824,11865,3277,11860,4170
2020-06-10 10:41:01.250000,11967.89,11870,10348,11875,2824,11860,4170,11855,3080
2020-06-10 10:41:02.390000,11967.89,11870,10348,11875,2824,11860,4170,11855,3080
2020-06-10 10:41:02.720000,11967.89,11870,10348,11875,2824,11860,4170,11855,4580
2020-06-10 10:41:03.880000,11967.89,11870,10348,11875,2824,11865,3277,11860,4170
2020-06-10 10:41:04.080000,11967.89,11870,10348,11875,2824,11865,3277,11860,4170
2020-06-10 10:41:06.020000,11971.1,11870,7000,11875,2824,11865,3277,11860,4170
2020-06-10 10:41:08.000000,11971.1,11870,10648,11875,2824,11865,3277,11860,4170
2020-06-10 10:41:08.520000,11971.1,11870,10648,11875,2824,11865,3277,11860,4170
2020-06-10 10:41:08.890000,11971.1,11870,10648,11875,2824,11865,3277,11860,4170
2020-06-10 10:41:09.700000,11971.1,11870,10648,11875,2824,11865,3277,11860,4170
2020-06-10 10:41:09.910000,11971.1,11870,10648,11875,2824,11860,4170,11855,3080
2020-06-10 10:41:10.690000,11971.1,11870,10648,11875,2824,11865,3277,11860,4170
2020-06-10 10:41:12.810000,11971.1,11870,10648,11875,2824,11860,4170,11855,3080
2020-06-10 10:41:13.970000,11971.1,11870,10648,11875,2824,11865,3277,11860,4170
2020-06-10 10:41:14.390000,11971.1,11870,10648,11875,2824,11865,3277,11860,4170
2020-06-10 10:41:14.830000,11971.1,11870,7300,11875,2824,11865,3277,11860,4170
2020-06-10 10:41:18.670000,11970.84,11870,7300,11875,2824,11865,3277,11860,4170
2020-06-10 10:41:18.870000,11970.84,11870,7300,11875,2824,11865,3277,11860,4170
2020-06-10 10:41:19.250000,11970.84,11870,7300,11875,2824,11865,3277,11860,4170
2020-06-10 10:41:20.450000,11970.84,11870,7300,11875,2824,11865,3277,11860,4170
2020-06-10 10:41:27.340000,11971.25,11870,10648,11875,2824,11865,3277,11860,4170
2020-06-10 10:41:27.560000,11971.25,11870,10648,11875,2824,11865,3277,11860,4170
2020-06-10 10:41:28.620000,11971.25,11870,10648,11875,2824,11860,4170,11855,4580
2020-06-10 10:41:29.790000,11971.25,11870,10648,11875,2824,11865,3277,11860,4170
2020-06-10 10:41:33.850000,11971.25,11870,10648,11875,2824,11860,4170,11855,4580
2020-06-10 10:41:34.540000,11971.25,11870,10648,11875,2824,11865,3277,11860,4170
2020-06-10 10:41:37.230000,11970.58,11870,10648,11875,2824,11860,4170,11855,4580
2020-06-10 10:41:38.900000,11970.58,11870,10648,11875,2824,11860,3670,11855,3080
2020-06-10 10:41:44.600000,11970.58,11865,2606,11870,10648,11860,3670,11855,3080
2020-06-10 10:41:44.790000,11970.58,11865,2606,11870,10648,11860,300,11855,3080
2020-06-10 10:41:45.050000,11972.8,11865,2606,11870,10648,11860,300,11855,2580
2020-06-10 10:41:45.610000,11972.8,11865,2606,11870,10648,11860,300,11855,2580
2020-06-10 10:41:46.020000,11972.8,11865,2606,11870,10648,11860,300,11855,2580
2020-06-10 10:41:47.320000,11972.8,11865,2606,11870,10648,11860,3670,11855,3080
2020-06-10 10:41:48.470000,11972.8,11870,10648,11875,2824,11860,3670,11855,3080
2020-06-10 10:41:50.210000,11972.8,11870,10648,11875,2824,11860,3670,11855,3080
2020-06-10 10:41:50.660000,11972.8,11865,2606,11870,10648,11860,3670,11855,3080
2020-06-10 10:41:51.920000,11972.8,11865,2606,11870,10648,11860,3670,11855,3080
2020-06-10 10:41:52.080000,11972.8,11870,10648,11875,2824,11860,3670,11855,3080
2020-06-10 10:41:55.740000,11973.57,11865,2606,11870,10648,11860,3670,11855,3080
2020-06-10 10:41:57.370000,11973.57,11870,10648,11875,2824,11860,3670,11855,3080
2020-06-10 10:41:57.620000,11973.57,11865,2606,11870,10648,11860,3670,11855,3080
2020-06-10 10:41:58.880000,11973.57,11870,10648,11875,2824,11860,3670,11855,3080
2020-06-10 10:42:00.060000,11973.57,11865,2606,11870,10648,11860,3670,11855,3080
2020-06-10 10:42:01.710000,11973.57,11865,2606,11870,10648,11860,3670,11855,3080
2020-06-10 10:42:02.650000,11973.57,11865,2606,11870,10648,11860,300,11855,3080
2020-06-10 10:42:03.680000,11973.57,11865,2606,11870,10648,11860,300,11855,3080
2020-06-10 10:42:03.900000,11973.57,11865,2606,11870,10648,11860,300,11855,3080
2020-06-10 10:42:04.210000,11973.57,11865,2606,11870,10648,11860,3670,11855,3080
2020-06-10 10:42:08.990000,11971.71,11865,2606,11870,10648,11860,3670,11855,3080
2020-06-10 10:42:11.110000,11971.71,11870,10648,11875,2824,11860,3670,11855,3080
2020-06-10 10:42:12.150000,11971.71,11870,10648,11875,2824,11860,3670,11855,3080
2020-06-10 10:42:20.630000,11974.23,11870,10648,11875,2824,11860,3670,11855,3080
2020-06-10 10:42:24.420000,11974.23,11865,2606,11870,10648,11860,3670,11855,3080
2020-06-10 10:42:25.340000,11972.15,11865,2606,11870,10648,11860,300,11855,3080
2020-06-10 10:42:27.780000,11972.15,11865,2606,11870,10648,11860,3670,11855,3080
2020-06-10 10:42:28.590000,11972.15,11865,2606,11870,10648,11860,3670,11855,3080
2020-06-10 10:42:28.860000,11972.15,11870,10648,11875,2824,11860,3670,11855,3080
2020-06-10 10:42:30.800000,11972.15,11870,10648,11875,2824,11860,3670,11855,3080
2020-06-10 10:42:32.780000,11972.15,11865,2606,11870,10648,11860,3670,11855,3080
2020-06-10 10:42:34.760000,11976.05,11870,10648,11875,2824,11860,3670,11855,3080
2020-06-10 10:42:35.480000,11976.05,11870,10648,11875,2824,11860,3670,11855,3080
2020-06-10 10:42:42.740000,11976.05,11870,10648,11875,2824,11860,3670,11855,3080
2020-06-10 10:42:50.740000,11976.45,11870,10648,11875,2824,11860,3670,11855,3080
2020-06-10 10:42:57.540000,11976.37,11870,10648,11875,2824,11860,3670,11855,3080
2020-06-10 10:43:00.600000,11976.37,11870,10648,11875,2824,11865,3277,11860,4170
2020-06-10 10:43:00.750000,11976.37,11870,10648,11875,2824,11865,3277,11860,4170
2020-06-10 10:43:02.050000,11976.37,11870,7300,11875,2824,11865,3277,11860,4170
2020-06-10 10:43:04.130000,11976.37,11870,7300,11875,2824,11865,3277,11860,4170
2020-06-10 10:43:04.610000,11976.37,11870,10648,11875,2824,11865,3277,11860,4170
2020-06-10 10:43:05.150000,11976.84,11870,10648,11875,2824,11865,3277,11860,4170
2020-06-10 10:43:05.630000,11976.84,11870,10648,11875,2824,11865,3277,11860,4170
2020-06-10 10:43:06.040000,11976.84,11870,7300,11875,2824,11865,3277,11860,4170
2020-06-10 10:43:06.490000,11976.84,11870,10648,11875,2824,11865,3277,11860,4170
2020-06-10 10:43:10.350000,11976.84,11870,7300,11875,2824,11865,3277,11860,4170
2020-06-10 10:43:14.130000,11976.84,11870,10648,11875,2824,11865,3277,11860,4170
2020-06-10 10:43:17.880000,11975.43,11870,7300,11875,2824,11865,3277,11860,4170
2020-06-10 10:43:20.310000,11975.43,11870,10648,11875,2824,11865,3277,11860,4170
2020-06-10 10:43:21.020000,11975.43,11870,10648,11875,2824,11860,4170,11855,4580
2020-06-10 10:43:21.330000,11975.43,11870,10648,11875,2824,11860,4170,11855,4580
2020-06-10 10:43:22.080000,11975.43,11870,10648,11875,2824,11865,3277,11860,4170
2020-06-10 10:43:23.550000,11975.43,11870,10648,11875,2824,11860,4170,11855,3080
2020-06-10 10:43:23.910000,11975.43,11865,2606,11870,10648,11860,3670,11855,3080
2020-06-10 10:43:26.120000,11974.94,11870,10648,11875,2824,11860,3670,11855,3080
2020-06-10 10:44:00.390000,11977.05,11870,10648,11875,2824,11860,3670,11855,3080
2020-06-10 10:44:00.820000,11977.05,11865,3370,11870,10648,11860,3670,11855,3080
2020-06-10 10:44:02.360000,11977.05,11865,3370,11870,10648,11860,3670,11855,3080
2020-06-10 10:44:04.110000,11977.05,11870,10648,11875,2824,11860,3670,11855,3080
2020-06-10 10:44:04.450000,11977.05,11870,10648,11875,2824,11860,3670,11855,3080
2020-06-10 10:44:09.340000,11975.47,11870,10648,11875,2824,11860,4170,11855,3080
2020-06-10 10:44:09.550000,11975.47,11870,10648,11875,2824,11865,3277,11860,4170
2020-06-10 10:44:14.510000,11975.47,11870,10648,11875,2824,11865,3277,11860,4170
2020-06-10 10:44:17.920000,11976.48,11870,10648,11875,2824,11860,4170,11855,3080
2020-06-10 10:44:18.170000,11976.48,11870,10648,11875,2824,11860,4170,11855,3080
2020-06-10 10:44:21.820000,11976.48,11870,7300,11875,2824,11865,3277,11860,4170
2020-06-10 10:44:22.670000,11976.48,11870,7300,11875,2824,11865,3277,11860,4170
2020-06-10 10:44:23.540000,11976.48,11870,7300,11875,2824,11865,3277,11860,4170
2020-06-10 10:44:24.500000,11976.48,11870,10648,11875,2824,11865,3277,11860,4170
2020-06-10 10:44:25.310000,11975.75,11870,10648,11875,2824,11865,3277,11860,4170
2020-06-10 10:44:25.460000,11975.75,11870,10648,11875,2824,11860,4170,11855,3080
2020-06-10 10:44:27.420000,11975.75,11870,10648,11875,2824,11860,3670,11855,3080
2020-06-10 10:44:28.740000,11975.75,11870,10648,11875,2824,11860,3670,11855,3080
2020-06-10 10:44:30.600000,11975.75,11870,10648,11875,2824,11860,3670,11855,3080
2020-06-10 10:44:33.130000,11975.75,11870,10648,11875,2824,11860,4170,11855,3080
2020-06-10 10:44:33.200000,11975.75,11870,10648,11875,2824,11865,3277,11860,4170
2020-06-10 10:44:36.270000,11973.91,11870,10648,11875,2824,11860,4170,11855,3080
2020-06-10 10:44:41.130000,11973.91,11870,10648,11875,2824,11865,3277,11860,4170
2020-06-10 10:44:41.310000,11973.91,11870,10648,11875,2824,11865,3277,11860,4170
2020-06-10 10:44:42.110000,11973.91,11870,10648,11875,2824,11865,3277,11860,4170
2020-06-10 10:44:42.480000,11973.91,11870,10648,11875,2824,11860,4170,11855,3080
2020-06-10 10:44:44.420000,11973.91,11870,10648,11875,2824,11860,3670,11855,3080
2020-06-10 10:44:44.590000,11973.91,11870,10648,11875,2824,11860,3670,11855,3080
2020-06-10 10:44:45.280000,11975.13,11870,10648,11875,2824,11860,3670,11855,3080
2020-06-10 10:44:58.070000,11976.35,11870,10648,11875,2824,11860,3670,11855,3080
2020-06-10 10:44:59.820000,11976.35,11865,3370,11870,10648,11860,3670,11855,3080
2020-06-10 10:45:01.040000,11976.35,11870,10648,11875,2824,11860,4170,11855,3080
2020-06-10 10:45:01.290000,11976.35,11870,10648,11875,2824,11860,3670,11855,3080
2020-06-10 10:45:04.180000,11976.35,11870,10648,11875,2824,11860,3670,11855,3080
2020-06-10 10:45:05.180000,11973.03,11870,10648,11875,2824,11860,3670,11855,3080
2020-06-10 10:45:05.540000,11973.03,11870,10648,11875,2824,11860,3670,11855,3080
2020-06-10 10:45:08.790000,11973.03,11870,10648,11875,2824,11860,3670,11855,3080
2020-06-10 10:45:09.260000,11973.03,11865,3370,11870,10648,11860,3670,11855,3080
2020-06-10 10:45:10.010000,11973.03,11865,3370,11870,10648,11860,300,11855,3080
2020-06-10 10:45:12.020000,11973.03,11865,3370,11870,10648,11860,3670,11855,3080
2020-06-10 10:45:16.350000,11971.6,11870,10648,11875,2824,11860,3670,11855,3080
2020-06-10 10:45:16.470000,11971.6,11865,3370,11870,10648,11860,3670,11855,3080
2020-06-10 10:45:18.410000,11971.6,11870,10648,11875,2824,11860,3670,11855,3080
2020-06-10 10:45:18.750000,11971.6,11865,3370,11870,10648,11860,3670,11855,3080
2020-06-10 10:45:19.530000,11971.6,11865,3370,11870,10648,11860,300,11855,3080
2020-06-10 10:45:22.300000,11971.6,11865,3370,11870,10648,11860,3670,11855,3080
2020-06-10 10:45:23.280000,11971.6,11865,3370,11870,10648,11860,3671,11855,3080
2020-06-10 10:45:25.350000,11975.48,11870,10648,11875,2824,11860,3671,11855,3080
2020-06-10 10:45:25.520000,11975.48,11865,3370,11870,10648,11860,3671,11855,3080
2020-06-10 10:45:25.950000,11975.48,11865,3370,11870,10648,11860,3671,11855,3080
2020-06-10 10:45:29.310000,11975.48,11865,3370,11870,10648,11860,3671,11855,3080
2020-06-10 10:45:30.110000,11975.48,11870,10648,11875,2824,11860,3671,11855,3080
2020-06-10 10:45:31.160000,11975.48,11865,3370,11870,10648,11860,3671,11855,3080
2020-06-10 10:45:35.970000,11973.68,11865,3370,11870,10648,11860,301,11855,3080
2020-06-10 10:45:36.200000,11973.68,11865,3370,11870,10648,11855,3080,11850,13833
2020-06-10 10:45:42.320000,11973.68,11865,3370,11870,10648,11860,3370,11855,3080
2020-06-10 10:45:44.880000,11973.68,11865,3370,11870,10648,11860,3370,11855,3080
2020-06-10 10:45:47.320000,11971.64,11870,10648,11875,2824,11860,3370,11855,3080
2020-06-10 10:45:47.700000,11971.64,11870,10648,11875,2824,11860,3370,11855,3080
2020-06-10 10:45:48.560000,11971.64,11865,3370,11870,10648,11855,3080,11850,13833
2020-06-10 10:45:49.960000,11971.64,11865,3370,11870,10648,11860,3370,11855,3080
2020-06-10 10:45:53.270000,11971.64,11865,3370,11870,10648,11855,3080,11850,13833
2020-06-10 10:45:56.930000,11975.46,11865,3370,11870,10648,11860,3370,11855,3080
2020-06-10 10:45:57.850000,11975.46,11865,3370,11870,10648,11855,3080,11850,13833
2020-06-10 10:45:59.290000,11975.46,11870,10648,11875,2824,11860,3370,11855,3080
2020-06-10 10:46:00.070000,11975.46,11870,10648,11875,2824,11860,3370,11855,3080
2020-06-10 10:46:00.550000,11975.46,11870,10648,11875,2824,11860,3370,11855,3080
2020-06-10 10:46:01.630000,11975.46,11870,10648,11875,2824,11860,3870,11855,3080
2020-06-10 10:46:01.860000,11975.46,11870,10648,11875,2824,11860,3370,11855,3080
2020-06-10 10:46:03.020000,11975.46,11865,3370,11870,10648,11860,3370,11855,3080
2020-06-10 10:46:05.240000,11974.66,11865,3370,11870,10648,11855,3080,11850,13833
2020-06-10 10:46:05.410000,11974.66,11865,3370,11870,10648,11860,3370,11855,3080
2020-06-10 10:46:05.780000,11974.66,11870,10648,11875,2824,11860,3370,11855,3080
2020-06-10 10:46:09.190000,11974.66,11870,10648,11875,2824,11860,3370,11855,3080
2020-06-10 10:46:11.950000,11974.66,11870,10648,11875,2824,11860,3370,11855,3080
2020-06-10 10:46:12.450000,11974.66,11865,3370,11870,10648,11860,3370,11855,3080
2020-06-10 10:46:13.200000,11974.66,11865,3370,11870,10648,11860,3370,11855,3080
2020-06-10 10:46:13.360000,11974.66,11865,3370,11870,10648,11860,3370,11855,3080
2020-06-10 10:46:18.950000,11973.55,11865,3370,11870,10648,11860,3370,11855,3080
2020-06-10 10:46:19.390000,11973.55,11870,10648,11875,2824,11860,3370,11855,3080
2020-06-10 10:46:21.610000,11973.55,11870,10648,11875,2824,11860,3370,11855,3080
2020-06-10 10:46:22.680000,11973.55,11870,10648,11875,2824,11860,3370,11855,3080
2020-06-10 10:46:24.500000,11973.55,11870,10648,11875,2824,11860,3370,11855,3080
2020-06-10 10:46:25.280000,11974.17,11870,10648,11875,2824,11860,3370,11855,3080
2020-06-10 10:46:25.720000,11974.17,11870,10648,11875,2824,11860,3370,11855,3080
2020-06-10 10:46:29.030000,11974.17,11870,10648,11875,2824,11860,3370,11855,3080
2020-06-10 10:46:29.820000,11974.17,11870,10648,11875,2824,11860,3870,11855,3080
2020-06-10 10:46:30.620000,11974.17,11870,10648,11875,2824,11860,3370,11855,3080
2020-06-10 10:46:32.150000,11974.17,11870,10648,11875,2824,11860,3370,11855,3080
2020-06-10 10:46:33.100000,11974.17,11870,10648,11875,2824,11860,3370,11855,3080
2020-06-10 10:46:33.540000,11974.17,11870,10648,11875,2824,11860,3870,11855,3080
2020-06-10 10:46:34.260000,11974.17,11870,10648,11875,2824,11865,3277,11860,3870
2020-06-10 10:46:34.820000,11974.95,11870,10648,11875,2824,11865,3277,11860,3870
2020-06-10 10:46:36.910000,11974.95,11870,10648,11875,2824,11865,3277,11860,3870
2020-06-10 10:46:37.380000,11974.95,11870,10647,11875,2824,11865,3277,11860,3870
2020-06-10 10:46:37.910000,11974.95,11870,10647,11875,2824,11865,3277,11860,3870
2020-06-10 10:46:38.320000,11974.95,11870,10647,11875,2824,11865,3277,11860,3870
2020-06-10 10:46:38.850000,11974.95,11870,10647,11875,2824,11865,3277,11860,3870
2020-06-10 10:46:40.010000,11974.95,11870,10647,11875,2824,11865,3277,11860,3870
2020-06-10 10:46:40.380000,11974.95,11870,10647,11875,2824,11860,3870,11855,3080
2020-06-10 10:46:42.490000,11974.95,11870,10647,11875,2824,11860,3870,11855,3080
2020-06-10 10:46:52.660000,11973.03,11870,10747,11875,2824,11860,3870,11855,3080
2020-06-10 10:46:54.750000,11973.03,11870,10747,11875,2824,11865,3277,11860,3870
2020-06-10 10:46:56.410000,11974.54,11870,10747,11875,2824,11865,3277,11860,3870
2020-06-10 10:47:00.110000,11974.54,11870,10747,11875,2824,11865,3277,11860,3870
2020-06-10 10:47:00.270000,11974.54,11870,7399,11875,2824,11865,3277,11860,3870
2020-06-10 10:47:00.490000,11974.54,11870,7399,11875,2824,11865,3277,11860,3870
2020-06-10 10:47:01.590000,11974.54,11870,7399,11875,2824,11865,3277,11860,3870
2020-06-10 10:47:02.640000,11974.54,11870,5633,11875,2824,11865,3277,11860,3870
2020-06-10 10:47:03.830000,11974.54,11870,5633,11875,2824,11865,3777,11860,3870
2020-06-10 10:47:04.980000,11973.45,11870,5633,11875,2824,11865,3277,11860,3870
2020-06-10 10:47:06.060000,11973.45,11870,5633,11875,2824,11865,3277,11860,3870
2020-06-10 10:47:07.500000,11973.45,11870,8981,11875,2824,11865,3277,11860,3870
2020-06-10 10:47:07.700000,11973.45,11870,8981,11875,2824,11865,3277,11860,3870
2020-06-10 10:47:07.860000,11973.45,11870,5633,11875,2824,11865,3277,11860,3870
2020-06-10 10:47:12.890000,11973.45,11870,5633,11875,2824,11865,3277,11860,3870
2020-06-10 10:47:13.080000,11973.45,11870,8981,11875,2824,11865,3277,11860,3870
2020-06-10 10:47:14.220000,11973.45,11870,8981,11875,2824,11865,3277,11860,3870
2020-06-10 10:47:19.320000,11975.42,11870,8981,11875,2824,11865,3277,11860,3870
2020-06-10 10:47:19.740000,11975.42,11870,5633,11875,2824,11865,3277,11860,3870
2020-06-10 10:47:21.000000,11975.42,11870,5633,11875,2824,11865,3277,11860,3870
2020-06-10 10:47:22.280000,11975.42,11870,5633,11875,2824,11865,3277,11860,3870
2020-06-10 10:47:25.660000,11975.7,11870,5633,11875,2824,11865,3277,11860,3870
2020-06-10 10:47:26.830000,11975.7,11870,5633,11875,2824,11865,3277,11860,3870
2020-06-10 10:47:27.110000,11975.7,11870,5633,11875,2824,11865,3277,11860,3870
2020-06-10 10:47:29.390000,11975.7,11870,5633,11875,2824,11865,3277,11860,3870
2020-06-10 10:47:31.440000,11975.7,11870,5633,11875,2824,11865,3277,11860,3870
2020-06-10 10:47:31.590000,11975.7,11870,5633,11875,2824,11865,3277,11860,3870
2020-06-10 10:47:32.450000,11975.7,11870,8981,11875,2824,11865,3277,11860,3870
2020-06-10 10:47:32.640000,11975.7,11870,8981,11875,2824,11865,3277,11860,3870
2020-06-10 10:47:32.890000,11975.7,11870,5633,11875,2824,11865,3277,11860,3870
2020-06-10 10:47:42.390000,11976.13,11870,5633,11875,2824,11865,3277,11860,3870
2020-06-10 10:47:42.570000,11976.13,11870,8981,11875,2824,11865,3277,11860,3870
2020-06-10 10:47:42.760000,11976.13,11870,8981,11875,2824,11865,3277,11860,3870
2020-06-10 10:47:42.980000,11976.13,11870,5633,11875,2824,11865,3277,11860,3870
2020-06-10 10:47:44.290000,11976.13,11870,8981,11875,2824,11865,3277,11860,3870
2020-06-10 10:47:50.300000,11976.76,11870,8981,11875,2824,11865,3277,11860,3870
2020-06-10 10:47:51.810000,11976.76,11870,8981,11875,2824,11865,3277,11860,3870
2020-06-10 10:48:01.870000,11975.28,11870,8981,11875,2824,11865,3277,11860,3870
2020-06-10 10:48:02.180000,11975.28,11870,5633,11875,2824,11865,3277,11860,3870
2020-06-10 10:48:02.880000,11975.28,11870,5633,11875,2824,11865,3277,11860,3870
2020-06-10 10:48:03.290000,11975.28,11870,5633,11875,2824,11865,3277,11860,3870
2020-06-10 10:48:06.070000,11975.04,11870,8981,11875,2824,11865,3277,11860,3870
2020-06-10 10:48:06.290000,11975.04,11870,8981,11875,2824,11865,3277,11860,3870
2020-06-10 10:48:09.480000,11975.04,11870,8981,11875,2824,11865,3058,11860,3870
2020-06-10 10:48:11.350000,11975.04,11870,8981,11875,2824,11865,3058,11860,3870
2020-06-10 10:48:11.880000,11975.04,11870,8981,11875,2824,11865,3058,11860,3870
2020-06-10 10:48:12.600000,11975.04,11870,8981,11875,2824,11865,3058,11860,3870
2020-06-10 10:48:13.480000,11975.04,11870,8981,11875,2824,11865,3058,11860,3870
2020-06-10 10:48:13.600000,11975.04,11870,8981,11875,2824,11865,3058,11860,3870
2020-06-10 10:48:14.570000,11975.04,11870,8981,11875,2824,11865,3058,11860,3870
2020-06-10 10:48:22.210000,11974.11,11870,3681,11875,2824,11865,3058,11860,3870
2020-06-10 10:48:31.090000,11976.18,11870,3681,11875,2824,11865,2974,11860,3870
2020-06-10 10:48:31.390000,11976.18,11870,3681,11875,2824,11865,2900,11860,3870
2020-06-10 10:48:33.190000,11976.18,11870,3681,11875,2824,11865,2802,11860,3870
2020-06-10 10:48:43.530000,11974.91,11870,8951,11875,2824,11865,2802,11860,3870
2020-06-10 10:48:45.750000,11975.66,11870,8951,11875,2824,11865,2696,11860,3870
2020-06-10 10:48:48.120000,11975.66,11870,8951,11875,2824,11865,2696,11860,3870
2020-06-10 10:48:48.500000,11975.66,11870,8951,11875,2824,11860,3870,11855,3080
2020-06-10 10:48:50.930000,11975.66,11870,8951,11875,2824,11860,3870,11855,3080
2020-06-10 10:48:51.950000,11975.66,11870,8951,11875,2824,11860,3370,11855,3080
2020-06-10 10:48:53.040000,11975.66,11870,8951,11875,2824,11860,3370,11855,3080
2020-06-10 10:48:53.200000,11975.66,11870,8951,11875,2824,11860,3370,11855,3080
2020-06-10 10:48:53.990000,11975.66,11870,8951,11875,2824,11860,3370,11855,3080
2020-06-10 10:48:54.560000,11975.66,11870,8951,11875,2824,11860,3370,11855,3080
2020-06-10 10:48:55.700000,11973.57,11870,8951,11875,2824,11860,3370,11855,3080
2020-06-10 10:48:56.620000,11973.57,11870,8951,11875,2824,11860,3370,11855,3080
2020-06-10 10:48:57.730000,11973.57,11870,8951,11875,2824,11860,3370,11855,3080
2020-06-10 10:48:58.700000,11973.57,11870,8951,11875,2824,11860,3370,11855,3080
2020-06-10 10:48:59.270000,11973.57,11870,8951,11875,2824,11860,3370,11855,3080
2020-06-10 10:49:00.740000,11973.57,11870,8951,11875,2824,11860,3870,11855,3080
2020-06-10 10:49:09.880000,11977.1,11870,8951,11875,2824,11860,3370,11855,3080
2020-06-10 10:49:10.940000,11977.1,11870,8951,11875,2824,11860,3370,11855,3080
2020-06-10 10:49:13.020000,11977.1,11870,8951,11875,2824,11860,3370,11855,3080
2020-06-10 10:49:19.420000,11976.27,11870,8951,11875,2824,11860,3370,11855,3080
2020-06-10 10:49:21.500000,11976.27,11870,8951,11875,2824,11860,3370,11855,3080
2020-06-10 10:49:21.920000,11976.27,11870,8951,11875,2824,11860,3370,11855,3080
2020-06-10 10:49:24.050000,11976.27,11870,8951,11875,2824,11860,3370,11855,3080
2020-06-10 10:49:24.420000,11976.27,11870,8951,11875,2824,11860,3370,11855,3080
2020-06-10 10:49:37.560000,11973.93,11870,8951,11875,2824,11860,3370,11855,3080
2020-06-10 10:49:38.350000,11973.93,11870,8951,11875,2824,11860,3370,11855,3080
2020-06-10 10:49:52.040000,11975.38,11870,8951,11875,2824,11865,2696,11860,3870
2020-06-10 10:49:52.510000,11975.38,11870,8951,11875,2824,11860,3370,11855,3080
2020-06-10 10:49:53.620000,11975.38,11870,8951,11875,2824,11865,2696,11860,3870
2020-06-10 10:50:01.600000,11974.91,11870,5603,11875,2824,11865,2696,11860,3870
2020-06-10 10:50:02.920000,11974.91,11870,8951,11875,2824,11865,2696,11860,3870
2020-06-10 10:50:05.770000,11974.68,11870,5603,11875,2824,11865,2696,11860,3870
2020-06-10 10:50:06.250000,11974.68,11870,5603,11875,2824,11865,2696,11860,3870
2020-06-10 10:50:16.650000,11973.59,11870,5603,11875,2824,11865,2696,11860,3870
2020-06-10 10:50:18.060000,11973.59,11870,8951,11875,2824,11865,2696,11860,3870
2020-06-10 10:50:18.380000,11973.59,11870,8951,11875,2824,11860,3870,11855,4080
2020-06-10 10:50:31.980000,11974.76,11870,8951,11875,2824,11860,3370,11855,4080
2020-06-10 10:50:32.390000,11974.76,11870,8951,11875,2824,11860,3370,11855,4080
2020-06-10 10:50:34.540000,11974.76,11870,8951,11875,2824,11860,3370,11855,4080
2020-06-10 10:50:34.610000,11974.76,11870,8951,11875,2824,11860,3370,11855,4080
2020-06-10 10:50:36.670000,11974.89,11870,8951,11875,2824,11860,3370,11855,4080
2020-06-10 10:50:48.910000,11973.85,11870,8951,11875,2824,11865,2696,11860,3370
2020-06-10 10:50:49.060000,11973.85,11870,8951,11875,2824,11860,3370,11855,4080
2020-06-10 10:50:49.390000,11973.85,11870,8951,11875,2824,11865,2696,11860,3370
2020-06-10 10:50:56.190000,11974.08,11870,8951,11875,2824,11865,2696,11860,3870
2020-06-10 10:51:20.430000,11975.45,11870,8951,11875,2824,11865,2696,11860,3870
2020-06-10 10:51:20.660000,11975.45,11870,3409,11875,2824,11865,2696,11860,3870
2020-06-10 10:51:21.820000,11975.45,11875,2824,11880,3369,11865,2696,11860,3870
2020-06-10 10:51:29.710000,11976.16,11875,2824,11880,3369,11865,2696,11860,3870
2020-06-10 10:51:30.410000,11976.16,11875,2824,11880,3369,11865,2696,11860,3870
2020-06-10 10:51:31.440000,11976.16,11875,2824,11880,3369,11865,2696,11860,4870
2020-06-10 10:51:32.640000,11976.16,11875,2824,11880,3369,11865,3196,11860,4870
2020-06-10 10:51:34.920000,11977.15,11875,2824,11880,3369,11865,3196,11860,4870
2020-06-10 10:51:37.780000,11977.15,11875,2824,11880,3369,11865,3196,11860,4870
2020-06-10 10:51:38.880000,11977.15,11875,2824,11880,3369,11865,3196,11860,6370
2020-06-10 10:51:42.610000,11977.15,11875,2824,11880,3369,11870,3370,11865,3196
2020-06-10 10:51:42.950000,11977.15,11875,3,11880,3369,11870,3370,11865,3196
2020-06-10 10:51:44.750000,11977.15,11875,3,11880,3369,11870,3370,11865,4196
2020-06-10 10:51:46.860000,11976.99,11875,3,11880,3369,11870,3370,11865,4196
2020-06-10 10:51:46.980000,11976.99,11875,3,11880,3369,11870,3370,11865,4196
2020-06-10 10:52:02.180000,11977.99,11875,3,11880,3369,11870,3370,11865,4196
2020-06-10 10:52:03.210000,11977.99,11875,3,11880,3369,11870,3870,11865,4196
2020-06-10 10:52:04.880000,11978.17,11875,3,11880,3369,11870,3870,11865,4196
2020-06-10 10:52:06.270000,11978.17,11880,3369,11885,3370,11870,3870,11865,4196
2020-06-10 10:52:07.260000,11978.17,11880,3369,11885,3370,11870,3870,11865,4196
2020-06-10 10:52:08.270000,11978.17,11880,3369,11885,3370,11870,3870,11865,4196
2020-06-10 10:52:08.680000,11978.17,11880,3369,11885,3370,11870,3870,11865,4196
2020-06-10 10:52:10.480000,11978.17,11880,3369,11885,3370,11870,3870,11865,4196
2020-06-10 10:52:11.430000,11978.17,11880,3369,11885,3370,11870,3870,11865,4196
2020-06-10 10:52:14.650000,11978.17,11880,3369,11885,3370,11870,3870,11865,4196
2020-06-10 10:52:15.020000,11978.34,11875,2821,11880,3369,11870,3870,11865,4196
2020-06-10 10:52:16.360000,11978.34,11880,3369,11885,3370,11870,3870,11865,4196
2020-06-10 10:52:17.440000,11978.34,11875,2821,11880,3369,11870,3870,11865,4196
2020-06-10 10:52:21.250000,11978.34,11875,2821,11880,3369,11870,3370,11865,4196
2020-06-10 10:52:22.130000,11978.34,11875,2821,11880,3369,11865,4196,11860,4870
2020-06-10 10:52:22.520000,11978.34,11875,2821,11880,3369,11870,3370,11865,4196
2020-06-10 10:52:24.550000,11978.34,11875,2821,11880,3369,11870,3370,11865,4196
2020-06-10 10:52:25.020000,11979.88,11875,2821,11880,3369,11870,3370,11865,4196
2020-06-10 10:52:25.350000,11979.88,11875,2821,11880,3369,11870,3370,11865,4196
2020-06-10 10:52:26.350000,11979.88,11875,2821,11880,3369,11865,4196,11860,4870
2020-06-10 10:52:27.410000,11979.88,11875,2821,11880,3369,11865,4196,11860,4870
2020-06-10 10:52:31.110000,11979.88,11875,2821,11880,3369,11865,4196,11860,4870
2020-06-10 10:52:32.170000,11979.88,11875,2821,11880,3369,11865,4196,11860,4870
2020-06-10 10:52:36.860000,11976.84,11875,2821,11880,3369,11865,4196,11860,4870
2020-06-10 10:52:37.150000,11976.84,11875,2821,11880,3369,11870,3370,11865,4196
2020-06-10 10:52:39.790000,11976.84,11875,2821,11880,3369,11865,4196,11860,4870
2020-06-10 10:52:42.980000,11976.84,11875,2821,11880,3369,11870,3370,11865,4196
2020-06-10 10:52:48.870000,11978.05,11880,3369,11885,3370,11870,3370,11865,4196
2020-06-10 10:52:49.880000,11978.05,11875,2821,11880,3369,11870,3370,11865,4196
2020-06-10 10:52:56.680000,11978.04,11875,2821,11880,3369,11865,4196,11860,4870
2020-06-10 10:52:57.050000,11978.04,11875,2821,11880,3369,11865,4196,11860,4870
2020-06-10 10:52:58.320000,11978.04,11875,2821,11880,3369,11865,4196,11860,4870
2020-06-10 10:53:04.190000,11978.04,11875,2821,11880,3369,11865,4196,11860,4870
2020-06-10 10:53:08.330000,11978.63,11875,2821,11880,3369,11865,4196,11860,4870
2020-06-10 10:53:09.820000,11978.63,11875,3121,11880,3369,11865,4196,11860,4870
2020-06-10 10:53:11.440000,11978.63,11875,3121,11880,3369,11870,3370,11865,4196
2020-06-10 10:53:12.470000,11978.63,11875,3121,11880,3369,11870,3369,11865,4196
2020-06-10 10:53:18.720000,11979.76,11875,3121,11880,3369,11870,3369,11865,4196
2020-06-10 10:53:19.940000,11979.76,11875,3121,11880,3369,11870,3369,11865,4196
2020-06-10 10:53:26.640000,11980.49,11875,3121,11880,3369,11870,3369,11865,4196
2020-06-10 10:53:27.010000,11980.49,11875,3121,11880,3369,11870,3369,11865,4196
2020-06-10 10:53:36.810000,11980.51,11875,3121,11880,3369,11870,3369,11865,4196
2020-06-10 10:53:41.240000,11980.51,11875,300,11880,3369,11870,3869,11865,4196
2020-06-10 10:53:41.680000,11980.51,11875,300,11880,3369,11870,3869,11865,4196
2020-06-10 10:53:42.510000,11980.51,11875,300,11880,3369,11870,3369,11865,4196
2020-06-10 10:53:42.820000,11980.51,11875,300,11880,3369,11870,3369,11865,4196
2020-06-10 10:53:45.880000,11979.29,11875,3121,11880,3369,11870,3369,11865,4196
2020-06-10 10:53:47.680000,11979.29,11875,300,11880,3369,11870,3369,11865,4196
2020-06-10 10:53:51.710000,11979.29,11875,3121,11880,3369,11870,3369,11865,4196
2020-06-10 10:53:53.410000,11979.29,11875,3000,11880,3369,11870,3369,11865,4196
2020-06-10 10:53:53.630000,11979.29,11875,179,11880,3369,11870,3869,11865,4196
2020-06-10 10:53:54.540000,11979.29,11875,85,11880,3369,11870,3869,11865,4196
2020-06-10 10:53:54.770000,11979.29,11875,32,11880,3369,11870,3869,11865,4196
2020-06-10 10:53:54.990000,11980.47,11875,32,11880,3369,11870,4869,11865,4196
2020-06-10 10:53:55.380000,11980.47,11875,32,11880,3369,11870,3869,11865,4196
2020-06-10 10:53:58.550000,11980.47,11875,32,11880,3369,11870,4869,11865,4196
2020-06-10 10:53:59.220000,11980.47,11875,32,11880,3369,11870,3869,11865,4196
2020-06-10 10:53:59.680000,11980.47,11875,32,11880,3369,11870,4869,11865,4196
2020-06-10 10:54:00.880000,11980.47,11880,3369,11885,3370,11870,4869,11865,4196
2020-06-10 10:54:01.100000,11980.47,11880,3369,11885,3370,11870,4869,11865,4196
2020-06-10 10:54:01.360000,11980.47,11880,3369,11885,3370,11870,4869,11865,4196
2020-06-10 10:54:01.810000,11980.47,11880,3369,11885,3370,11870,4869,11865,4196
2020-06-10 10:54:03.020000,11980.47,11880,3369,11885,3370,11870,4869,11865,4196
2020-06-10 10:54:03.220000,11980.47,11880,3369,11885,3370,11870,4869,11865,4196
2020-06-10 10:54:05.630000,11979.12,11880,3369,11885,3370,11870,4869,11865,4196
2020-06-10 10:54:07.750000,11979.12,11880,3369,11885,3370,11875,3333,11870,4869
2020-06-10 10:54:08.230000,11979.12,11880,3369,11885,3370,11875,3333,11870,4869
2020-06-10 10:54:08.690000,11979.12,11880,3369,11885,3370,11875,3333,11870,4869
2020-06-10 10:54:09.980000,11979.12,11880,3369,11885,3370,11875,3333,11870,4869
2020-06-10 10:54:13.580000,11979.12,11880,3369,11885,3370,11870,4869,11865,4196
2020-06-10 10:54:13.800000,11979.12,11880,3369,11885,3370,11870,4869,11865,5696
2020-06-10 10:54:14.110000,11979.12,11880,3369,11885,3370,11875,3333,11870,4869
2020-06-10 10:54:16.980000,11981.74,11880,3369,11885,3370,11875,3333,11870,4869
2020-06-10 10:54:18.280000,11981.74,11880,3369,11885,3370,11875,3333,11870,4869
2020-06-10 10:54:18.810000,11981.74,11880,3369,11885,3370,11875,3333,11870,4869
2020-06-10 10:54:19.860000,11981.74,11880,3369,11885,3370,11875,3333,11870,4869
2020-06-10 10:54:20.900000,11981.74,11880,3369,11885,3370,11875,3333,11870,4869
2020-06-10 10:54:21.090000,11981.74,11880,3369,11885,3370,11875,3333,11870,4869
2020-06-10 10:54:21.290000,11981.74,11880,3369,11885,3370,11875,3333,11870,4869
2020-06-10 10:54:26.740000,11982.49,11885,3370,11890,5700,11875,3333,11870,4869
2020-06-10 10:54:27.170000,11982.49,11880,3369,11885,3370,11875,3333,11870,4869
2020-06-10 10:54:34.910000,11982.49,11880,3369,11885,3370,11870,4869,11865,4196
2020-06-10 10:54:43.000000,11982.66,11880,3369,11885,3370,11870,4869,11865,4196
2020-06-10 10:54:44.470000,11983.43,11880,3369,11885,3370,11870,4369,11865,4196
2020-06-10 10:54:44.850000,11983.43,11875,2821,11880,3369,11870,4369,11865,4196
2020-06-10 10:54:45.550000,11983.43,11880,3369,11885,3370,11870,4869,11865,4196
2020-06-10 10:54:47.710000,11983.43,11880,3369,11885,3370,11870,4869,11865,4196
2020-06-10 10:54:47.940000,11983.43,11875,2821,11880,3369,11870,4869,11865,4196
2020-06-10 10:54:49.970000,11983.43,11875,2821,11880,3369,11870,4369,11865,4196
2020-06-10 10:54:53.550000,11983.43,11875,2821,11880,3369,11870,1000,11865,4196
2020-06-10 10:54:55.610000,11985.24,11875,2821,11880,3369,11870,4369,11865,4196
2020-06-10 10:54:56.890000,11985.24,11875,2821,11880,3369,11870,4369,11865,4196
2020-06-10 10:54:57.860000,11985.24,11875,2821,11880,3369,11870,4369,11865,4196
2020-06-10 10:55:01.000000,11985.24,11875,2821,11880,3369,11870,4369,11865,4196
2020-06-10 10:55:01.200000,11985.24,11880,3369,11885,3370,11870,4369,11865,4196
2020-06-10 10:55:03.250000,11985.24,11875,2821,11880,3369,11870,4369,11865,4196
2020-06-10 10:55:04.840000,11982.66,11880,3369,11885,3370,11870,4369,11865,4196
2020-06-10 10:55:06.080000,11982.66,11875,2821,11880,3369,11870,4369,11865,4196
2020-06-10 10:55:13.420000,11982.66,11875,2821,11880,3369,11870,4369,11865,4196
2020-06-10 10:55:14.890000,11982.66,11880,3369,11885,3370,11870,4869,11865,4196
2020-06-10 10:55:16.150000,11983.42,11875,2821,11880,3369,11870,4369,11865,4196
2020-06-10 10:55:16.600000,11983.42,11875,2821,11880,3369,11870,4369,11865,4196
2020-06-10 10:55:17.100000,11983.42,11875,2821,11880,3369,11870,4369,11865,4196
2020-06-10 10:55:17.820000,11983.42,11875,2821,11880,3369,11870,4369,11865,4196
2020-06-10 10:55:18.740000,11983.42,11880,3369,11885,3370,11870,4369,11865,4196
2020-06-10 10:55:19.240000,11983.42,11880,3369,11885,3370,11870,4369,11865,4196
2020-06-10 10:55:20.480000,11983.42,11875,2821,11880,3369,11870,4369,11865,4196
2020-06-10 10:55:20.950000,11983.42,11875,2821,11880,3369,11870,1000,11865,4196
2020-06-10 10:55:27.830000,11984.71,11875,2821,11880,3369,11870,1000,11865,4196
2020-06-10 10:55:32.050000,11984.71,11875,2821,11880,3369,11870,1000,11865,4196
2020-06-10 10:55:39.300000,11982.47,11875,2821,11880,3369,11870,996,11865,4196
2020-06-10 10:55:43.330000,11982.47,11875,2821,11880,3369,11870,4365,11865,4196
2020-06-10 10:55:47.310000,11984.69,11875,2821,11880,3369,11870,996,11865,4196
2020-06-10 10:55:48.580000,11984.69,11875,2821,11880,3369,11870,996,11865,4196
2020-06-10 10:55:49.440000,11984.69,11875,2821,11880,3369,11870,996,11865,4196
2020-06-10 10:55:57.370000,11985.3,11875,2821,11880,3369,11870,996,11865,4196
2020-06-10 10:55:57.560000,11985.3,11875,2821,11880,3369,11870,4365,11865,4196
2020-06-10 10:56:02.060000,11985.3,11875,2821,11880,3369,11870,4365,11865,4196
2020-06-10 10:56:02.480000,11985.3,11875,2821,11880,3369,11870,4365,11865,4196
2020-06-10 10:56:08.540000,11983.71,11875,2821,11880,3369,11870,996,11865,4196
2020-06-10 10:56:15.290000,11982.59,11875,2821,11880,3369,11870,996,11865,4196
2020-06-10 10:56:16.880000,11982.59,11875,2821,11880,3369,11870,4365,11865,4196
2020-06-10 10:56:17.860000,11982.59,11875,2821,11880,3369,11870,4365,11865,4196
2020-06-10 10:56:19.640000,11982.59,11880,3369,11885,3370,11870,4865,11865,4196
2020-06-10 10:56:24.740000,11982.59,11875,2821,11880,3369,11870,4365,11865,4196
2020-06-10 10:56:24.920000,11984.21,11880,3369,11885,3370,11870,4865,11865,4196
2020-06-10 10:56:38.220000,11985.18,11880,3369,11885,3370,11870,4865,11865,4196
2020-06-10 10:56:39.390000,11985.18,11880,3369,11885,3370,11870,4865,11865,4196
2020-06-10 10:56:42.230000,11985.18,11880,3369,11885,3370,11875,3333,11870,4865
2020-06-10 10:56:42.980000,11985.18,11880,3369,11885,3370,11875,3333,11870,4865
2020-06-10 10:56:45.460000,11984.69,11880,3369,11885,3370,11875,3333,11870,4865
2020-06-10 10:56:46.340000,11984.69,11880,3369,11885,3370,11875,3833,11870,4865
2020-06-10 10:56:47.320000,11984.69,11885,3370,11890,5700,11875,3833,11870,4865
2020-06-10 10:56:49.400000,11984.69,11880,3369,11885,3370,11875,3833,11870,4865
2020-06-10 10:56:52.670000,11984.69,11885,3370,11890,5700,11875,3833,11870,4865
2020-06-10 10:56:55.210000,11983.19,11885,3370,11890,5700,11875,3833,11870,4865
2020-06-10 10:56:55.590000,11983.19,11885,3370,11890,5700,11875,3833,11870,4865
2020-06-10 10:56:59.410000,11983.19,11885,3370,11890,5700,11875,3833,11870,4865
2020-06-10 10:57:03.190000,11983.19,11885,3370,11890,5700,11875,3833,11870,4865
2020-06-10 10:57:03.330000,11983.19,11885,3370,11890,5700,11875,3833,11870,4865
2020-06-10 10:57:04.690000,11983.19,11885,3370,11890,5700,11875,3833,11870,4865
2020-06-10 10:57:06.330000,11983.77,11880,3369,11885,3370,11870,4865,11865,5696
2020-06-10 10:57:06.610000,11983.77,11880,3369,11885,3370,11875,3333,11870,4865
2020-06-10 10:57:07.390000,11983.77,11880,3369,11885,3370,11875,3833,11870,4865
2020-06-10 10:57:09.430000,11983.77,11880,3369,11885,3370,11875,3833,11870,4865
2020-06-10 10:57:09.630000,11983.77,11880,3369,11885,3370,11875,3833,11870,4865
2020-06-10 10:57:10.500000,11983.77,11880,3369,11885,3370,11875,3833,11870,4865
2020-06-10 10:57:14.690000,11985.36,11880,3369,11885,3370,11875,4833,11870,4865
2020-06-10 10:57:16.810000,11985.36,11880,3369,11885,3370,11875,1000,11870,4865
2020-06-10 10:57:17.000000,11985.36,11880,3369,11885,3370,11875,1000,11870,4865
2020-06-10 10:57:26.250000,11987.86,11880,3369,11885,3370,11875,1000,11870,4865
2020-06-10 10:57:31.560000,11987.86,11880,3369,11885,3370,11875,1000,11870,4865
2020-06-10 10:57:41.920000,11988.0,11880,3369,11885,3370,11875,1000,11870,4865
2020-06-10 10:57:42.810000,11988.0,11880,3369,11885,3370,11875,1000,11870,4865
2020-06-10 10:57:48.020000,11988.38,11880,3369,11885,3370,11870,4865,11865,4196
2020-06-10 10:57:48.080000,11988.38,11880,3369,11885,3370,11875,1000,11870,4865
2020-06-10 10:57:48.260000,11988.38,11880,3369,11885,3370,11875,1000,11870,4865
2020-06-10 10:57:49.190000,11988.38,11880,3369,11885,3370,11875,1000,11870,4865
2020-06-10 10:57:51.910000,11988.38,11880,3369,11885,3370,11870,3869,11865,3196
2020-06-10 10:57:52.650000,11988.38,11880,3369,11885,3370,11870,3869,11865,3196
2020-06-10 10:57:55.790000,11990.39,11880,3369,11885,3370,11870,3869,11865,3196
2020-06-10 10:57:56.580000,11990.39,11880,3369,11885,3370,11870,3869,11865,3196
2020-06-10 10:58:01.210000,11990.39,11875,2821,11880,3369,11865,3196,11860,3870
2020-06-10 10:58:01.410000,11990.39,11875,2821,11880,3369,11865,3196,11860,3870
2020-06-10 10:58:02.100000,11990.39,11875,2821,11880,3369,11865,3196,11860,3870
2020-06-10 10:58:02.220000,11990.39,11875,2821,11880,3369,11865,3196,11860,3870
2020-06-10 10:58:02.580000,11990.39,11875,2821,11880,3369,11870,3369,11865,3196
2020-06-10 10:58:03.850000,11990.39,11875,2821,11880,3369,11870,3369,11865,3196
2020-06-10 10:58:05.050000,11988.27,11875,2821,11880,3369,11865,3196,11860,3870
2020-06-10 10:58:11.560000,11988.27,11875,2821,11880,3369,11870,3369,11865,3196
2020-06-10 10:58:11.700000,11988.27,11880,3369,11885,3370,11870,3369,11865,3196
2020-06-10 10:58:11.940000,11988.27,11880,3369,11885,3370,11870,3369,11865,3196
2020-06-10 10:58:12.810000,11988.27,11875,2821,11880,3369,11870,3369,11865,3196
2020-06-10 10:58:13.700000,11988.27,11875,2821,11880,3369,11870,3369,11865,3196
2020-06-10 10:58:15.280000,11985.87,11880,3369,11885,3370,11870,3369,11865,3196
2020-06-10 10:58:15.720000,11985.87,11875,2821,11880,3369,11870,3369,11865,3196
2020-06-10 10:58:16.840000,11985.87,11875,2821,11880,3369,11870,3369,11865,3196
2020-06-10 10:58:17.750000,11985.87,11875,2821,11880,3369,11870,3369,11865,3196
2020-06-10 10:58:18.450000,11985.87,11875,2821,11880,3369,11870,3369,11865,3196
2020-06-10 10:58:18.980000,11985.87,11875,2821,11880,3369,11870,3369,11865,3196
2020-06-10 10:58:21.810000,11985.87,11875,2821,11880,3369,11870,3369,11865,3196
2020-06-10 10:58:22.960000,11985.87,11880,3369,11885,3370,11870,3869,11865,3196
2020-06-10 10:58:28.490000,11988.44,11880,3369,11885,3370,11870,3869,11865,3196
2020-06-10 10:58:32.090000,11988.44,11880,3369,11885,3370,11870,3869,11865,3196
2020-06-10 10:58:32.620000,11988.44,11880,3369,11885,3370,11870,3869,11865,3196
2020-06-10 10:59:01.410000,11987.52,11880,3369,11885,3370,11875,3333,11870,3869
2020-06-10 10:59:02.260000,11987.52,11880,3369,11885,3370,11875,3333,11870,3869
2020-06-10 10:59:02.460000,11987.52,11880,3369,11885,3370,11875,3333,11870,3869
2020-06-10 10:59:03.150000,11987.52,11880,3369,11885,3370,11875,3333,11870,3869
2020-06-10 10:59:03.450000,11987.52,11880,3369,11885,3370,11870,3869,11865,3196
2020-06-10 10:59:07.130000,11987.78,11880,3369,11885,3370,11870,3369,11865,3196
2020-06-10 10:59:08.040000,11987.78,11875,2821,11880,3369,11870,3369,11865,3196
2020-06-10 10:59:08.460000,11987.78,11875,2821,11880,3369,11870,3369,11865,3196
2020-06-10 10:59:09.620000,11987.78,11880,3369,11885,3370,11870,3869,11865,3196
2020-06-10 10:59:13.330000,11987.78,11880,3369,11885,3370,11870,3369,11865,3196
2020-06-10 10:59:13.770000,11987.78,11875,2821,11880,3369,11870,3369,11865,3196
2020-06-10 10:59:17.640000,11987.7,11875,2821,11880,3369,11870,3369,11865,3196
2020-06-10 10:59:19.440000,11987.7,11875,2821,11880,3369,11865,3196,11860,3870
2020-06-10 10:59:21.220000,11987.7,11875,2821,11880,3369,11865,3196,11860,3870
2020-06-10 10:59:22.780000,11987.7,11875,2821,11880,3369,11865,3196,11860,3870
2020-06-10 10:59:23.280000,11987.7,11875,2821,11880,3369,11870,3369,11865,3196
2020-06-10 10:59:23.580000,11987.7,11875,2821,11880,3369,11870,3369,11865,3196
2020-06-10 10:59:24.590000,11987.7,11875,2821,11880,3369,11870,3369,11865,3196
2020-06-10 10:59:24.810000,11988.87,11875,2821,11880,3369,11865,3196,11860,3870
2020-06-10 10:59:28.020000,11988.87,11875,2821,11880,3369,11865,3196,11860,3870
2020-06-10 10:59:29.060000,11988.87,11875,2821,11880,3369,11865,3196,11860,3870
2020-06-10 10:59:29.160000,11988.87,11875,2821,11880,3369,11865,3196,11860,5370
2020-06-10 10:59:30.050000,11988.87,11875,2821,11880,3369,11865,3196,11860,3870
2020-06-10 10:59:35.360000,11989.79,11875,2821,11880,3369,11865,3196,11860,3870
2020-06-10 10:59:35.540000,11989.79,11875,2821,11880,3369,11870,3369,11865,3196
2020-06-10 10:59:36.370000,11989.79,11875,2821,11880,3369,11870,3369,11865,3196
2020-06-10 10:59:36.680000,11989.79,11875,2821,11880,3369,11870,3369,11865,3196
2020-06-10 10:59:37.420000,11989.79,11875,2821,11880,3369,11870,3369,11865,3196
2020-06-10 10:59:37.720000,11989.79,11875,2821,11880,3369,11870,3369,11865,3196
2020-06-10 10:59:41.090000,11989.79,11875,2821,11880,3369,11865,3196,11860,3870
2020-06-10 10:59:43.600000,11989.79,11870,3348,11875,2821,11865,2696,11860,3870
2020-06-10 10:59:44.070000,11989.79,11870,3348,11875,2821,11865,2696,11860,3870
2020-06-10 10:59:44.460000,11989.79,11870,3348,11875,2821,11865,3196,11860,3870
2020-06-10 10:59:45.350000,11989.63,11870,3348,11875,2821,11865,2696,11860,3870
2020-06-10 10:59:45.590000,11989.63,11870,3348,11875,2821,11865,2696,11860,3870
2020-06-10 10:59:47.420000,11989.63,11875,2821,11880,3369,11865,2696,11860,3870
2020-06-10 10:59:50.600000,11989.63,11870,3348,11875,2821,11860,3870,11855,3080
2020-06-10 10:59:50.810000,11989.63,11875,2821,11880,3369,11865,2696,11860,3870
2020-06-10 10:59:51.520000,11989.63,11875,2821,11880,3369,11865,2696,11860,3870
2020-06-10 10:59:52.600000,11989.63,11875,2821,11880,3369,11865,3196,11860,3870
2020-06-10 10:59:55.580000,11987.31,11875,2821,11880,3369,11865,3196,11860,3870
2020-06-10 10:59:59.880000,11987.31,11875,2821,11880,3369,11865,3196,11860,3870
2020-06-10 11:00:01.040000,11987.31,11875,2821,11880,3369,11870,3369,11865,3196
2020-06-10 11:00:02.100000,11987.31,11875,2821,11880,3369,11870,3369,11865,3196
2020-06-10 11:00:02.300000,11987.31,11875,2821,11880,3369,11865,3196,11860,3870
2020-06-10 11:00:04.720000,11987.31,11875,2821,11880,3369,11865,3196,11860,3870
2020-06-10 11:00:04.790000,11987.31,11875,2821,11880,3369,11870,3369,11865,3196
2020-06-10 11:00:06.300000,11986.6,11875,2821,11880,3369,11870,3369,11865,3196
2020-06-10 11:00:10.210000,11986.6,11875,2821,11880,3369,11870,3369,11865,3196
2020-06-10 11:00:11.160000,11986.6,11880,3369,11885,3370,11870,3369,11865,3196
2020-06-10 11:00:11.390000,11986.6,11880,3369,11885,3370,11870,3869,11865,3196
2020-06-10 11:00:11.610000,11986.6,11880,3369,11885,3370,11870,3869,11865,3196
2020-06-10 11:00:14.200000,11986.6,11880,3369,11885,3370,11870,3869,11865,3196
2020-06-10 11:00:16.950000,11984.29,11880,3369,11885,3370,11870,3869,11865,3196
2020-06-10 11:00:17.190000,11984.29,11880,3369,11885,3370,11870,3869,11865,3196
2020-06-10 11:00:35.370000,11985.99,11880,3369,11885,3370,11870,3869,11865,3196
2020-06-10 11:00:35.630000,11985.99,11885,3370,11890,5700,11875,3333,11870,3869
2020-06-10 11:00:36.420000,11985.99,11880,2000,11885,3370,11875,3333,11870,3869
2020-06-10 11:00:36.540000,11985.99,11880,5369,11885,3370,11875,3333,11870,3869
2020-06-10 11:00:36.840000,11985.99,11880,2000,11885,3370,11875,3333,11870,3869
2020-06-10 11:00:37.980000,11985.99,11880,5369,11885,3370,11875,3333,11870,3869
2020-06-10 11:00:43.290000,11985.99,11880,1000,11885,3370,11875,3333,11870,3869
2020-06-10 11:00:46.400000,11986.15,11880,1000,11885,3370,11875,3333,11870,3869
2020-06-10 11:00:48.760000,11986.15,11880,1000,11885,3370,11875,3253,11870,3869
2020-06-10 11:00:50.150000,11986.15,11880,22,11885,3370,11875,3253,11870,3869
2020-06-10 11:00:55.910000,11986.81,11880,3391,11885,3370,11875,3253,11870,3869
2020-06-10 11:00:56.130000,11986.81,11880,3391,11885,3370,11875,3253,11870,3869
2020-06-10 11:00:57.080000,11986.81,11880,3391,11885,3370,11875,3253,11870,3869
2020-06-10 11:00:58.280000,11986.81,11880,3391,11885,3370,11875,3253,11870,3869
2020-06-10 11:01:01.140000,11986.81,11880,22,11885,3370,11875,3753,11870,3869
2020-06-10 11:01:12.700000,11989.11,11885,3370,11890,5700,11875,3753,11870,3869
2020-06-10 11:01:13.760000,11989.11,11880,3369,11885,3370,11875,3753,11870,3869
2020-06-10 11:01:14.110000,11989.11,11880,3369,11885,3370,11875,3753,11870,3869
2020-06-10 11:01:16.370000,11989.49,11885,3370,11890,5700,11875,3753,11870,3869
2020-06-10 11:01:19.170000,11989.49,11880,3369,11885,3370,11875,3753,11870,3869
2020-06-10 11:01:22.820000,11989.49,11885,3370,11890,5700,11875,3753,11870,3869
2020-06-10 11:01:26.460000,11991.64,11885,3370,11890,5700,11875,4753,11870,4869
2020-06-10 11:01:32.350000,11991.64,11885,3370,11890,5700,11875,3753,11870,4869
2020-06-10 11:01:33.830000,11991.64,11880,3369,11885,3370,11875,3753,11870,4869
2020-06-10 11:01:36.470000,11989.28,11885,3370,11890,5700,11875,3753,11870,4869
2020-06-10 11:01:46.850000,11992.96,11885,3370,11890,5700,11875,4753,11870,4869
2020-06-10 11:01:47.080000,11992.96,11885,3370,11890,5700,11875,3753,11870,4869
2020-06-10 11:01:47.490000,11992.96,11885,3370,11890,5700,11875,4753,11870,4869
2020-06-10 11:01:47.810000,11992.96,11885,3370,11890,5300,11875,4753,11870,4869
2020-06-10 11:01:50.910000,11992.96,11880,3369,11885,3370,11875,4253,11870,4869
2020-06-10 11:01:52.220000,11992.96,11885,3370,11890,5300,11875,4753,11870,4869
2020-06-10 11:01:53.230000,11992.96,11885,3370,11890,5300,11875,4753,11870,4869
2020-06-10 11:01:55.360000,11993.35,11880,3369,11885,3370,11875,4753,11870,4869
2020-06-10 11:01:56.480000,11993.35,11885,3370,11890,5300,11875,4753,11870,4869
2020-06-10 11:01:57.810000,11993.35,11885,3370,11890,5300,11875,4753,11870,4869
2020-06-10 11:01:58.390000,11993.35,11885,3370,11890,5300,11875,4753,11870,4869
2020-06-10 11:01:58.950000,11993.35,11880,3369,11885,3370,11875,4753,11870,4869
2020-06-10 11:02:00.080000,11993.35,11880,3769,11885,3370,11875,4753,11870,4869
2020-06-10 11:02:00.480000,11993.35,11880,400,11885,3370,11875,4753,11870,4869
2020-06-10 11:02:00.890000,11993.35,11880,400,11885,3370,11875,4753,11870,4869
2020-06-10 11:02:03.310000,11993.35,11880,400,11885,3370,11875,4753,11870,4869
2020-06-10 11:02:05.310000,11993.96,11880,400,11885,3370,11875,4753,11870,4869
2020-06-10 11:02:05.610000,11993.96,11880,3769,11885,3370,11875,4753,11870,4869
2020-06-10 11:02:06.570000,11993.96,11880,3769,11885,3370,11875,3753,11870,4869
2020-06-10 11:02:09.510000,11993.96,11880,400,11885,3370,11875,3753,11870,4869
2020-06-10 11:02:12.010000,11993.96,11880,3769,11885,3370,11875,3753,11870,4869
2020-06-10 11:02:12.650000,11993.96,11880,3769,11885,3370,11875,3253,11870,4869
2020-06-10 11:02:13.740000,11993.96,11880,3769,11885,3370,11875,3253,11870,4869
2020-06-10 11:02:17.600000,11990.35,11880,3769,11885,3370,11875,3253,11870,4869
2020-06-10 11:02:18.490000,11990.35,11880,3769,11885,3370,11875,3253,11870,4869
2020-06-10 11:02:19.790000,11990.35,11880,3769,11885,3370,11870,4869,11865,5696
2020-06-10 11:02:20.600000,11990.35,11880,3769,11885,3370,11870,4869,11865,4196
2020-06-10 11:02:20.790000,11990.35,11880,3769,11885,3370,11875,3253,11870,4869
2020-06-10 11:02:21.710000,11990.35,11880,3769,11885,3370,11875,3253,11870,4869
2020-06-10 11:02:22.790000,11990.35,11880,3769,11885,3370,11875,3253,11870,4869
2020-06-10 11:02:22.980000,11990.35,11880,3769,11885,3370,11875,3253,11870,4869
2020-06-10 11:02:23.740000,11990.35,11880,3769,11885,3370,11875,3253,11870,4869
2020-06-10 11:02:24.320000,11990.35,11880,3769,11885,3370,11875,3253,11870,4869
2020-06-10 11:02:28.940000,11988.73,11880,3769,11885,3370,11875,3253,11870,4869
2020-06-10 11:02:33.300000,11988.73,11880,400,11885,3370,11875,3753,11870,4869
2020-06-10 11:02:34.380000,11989.62,11880,400,11885,3370,11875,3753,11870,4869
2020-06-10 11:02:35.210000,11989.62,11880,400,11885,3370,11875,3753,11870,4869
2020-06-10 11:02:44.360000,11989.62,11880,400,11885,3370,11875,3753,11870,4869
2020-06-10 11:02:49.440000,11990.41,11880,400,11885,3370,11875,3253,11870,4869
2020-06-10 11:02:51.700000,11990.41,11880,400,11885,3370,11875,3753,11870,4869
2020-06-10 11:02:52.220000,11990.41,11880,400,11885,3370,11875,3253,11870,4869
2020-06-10 11:02:56.890000,11989.1,11880,400,11885,3370,11875,3753,11870,4869
2020-06-10 11:02:59.030000,11989.1,11880,400,11885,3370,11875,3753,11870,4869
2020-06-10 11:02:59.210000,11989.1,11890,5300,11895,3548,11880,2980,11875,3753
2020-06-10 11:02:59.980000,11989.1,11890,5300,11895,3548,11880,2980,11875,3753
2020-06-10 11:03:00.420000,11989.1,11885,3370,11890,5300,11880,2980,11875,3753
2020-06-10 11:03:01.090000,11989.1,11890,5300,11895,3548,11880,3480,11875,3753
2020-06-10 11:03:02.130000,11989.1,11890,5300,11895,3548,11880,3480,11875,3753
2020-06-10 11:03:03.210000,11989.1,11890,5300,11895,3548,11880,3480,11875,4753
2020-06-10 11:03:03.370000,11989.1,11890,5300,11895,3548,11880,3480,11875,3753
2020-06-10 11:03:04.270000,11989.1,11890,5300,11895,3548,11880,3480,11875,3753
2020-06-10 11:03:04.680000,11989.1,11890,5300,11895,3548,11880,3480,11875,4753
2020-06-10 11:03:06.990000,11989.82,11890,5300,11895,3548,11880,3480,11875,4753
2020-06-10 11:03:12.260000,11989.82,11890,5300,11895,3548,11880,3480,11875,4753
2020-06-10 11:03:13.320000,11989.82,11890,5300,11895,3548,11885,3370,11880,3480
2020-06-10 11:03:13.620000,11989.82,11890,5300,11895,3548,11880,3480,11875,4753
2020-06-10 11:03:15.510000,11991.22,11890,1930,11895,3548,11885,3370,11880,3480
2020-06-10 11:03:15.850000,11991.22,11890,1930,11895,3548,11885,3370,11880,3480
2020-06-10 11:03:16.380000,11991.22,11890,5300,11895,3548,11885,3370,11880,3480
2020-06-10 11:03:19.000000,11991.22,11890,5300,11895,3548,11885,3370,11880,3480
2020-06-10 11:03:20.140000,11991.22,11890,1930,11895,3548,11885,3370,11880,3480
2020-06-10 11:03:20.570000,11991.22,11890,5300,11895,3548,11885,3370,11880,3480
2020-06-10 11:03:21.180000,11991.22,11890,5300,11895,3548,11885,3370,11880,3480
2020-06-10 11:03:22.160000,11991.22,11890,5300,11895,3548,11885,3370,11880,3480
2020-06-10 11:03:22.520000,11991.22,11890,1930,11895,3548,11885,3370,11880,3480
2020-06-10 11:03:28.310000,11989.75,11890,5300,11895,3548,11885,3370,11880,3480
2020-06-10 11:03:31.980000,11989.75,11890,1930,11895,3548,11885,3370,11880,3480
2020-06-10 11:03:32.440000,11989.75,11890,1930,11895,3548,11885,3370,11880,3480
2020-06-10 11:03:33.220000,11989.75,11890,1930,11895,3548,11885,3370,11880,3480
2020-06-10 11:03:39.170000,11991.63,11890,5300,11895,3548,11880,3480,11875,6253
2020-06-10 11:03:40.120000,11991.63,11890,5300,11895,3548,11880,3480,11875,6253
2020-06-10 11:03:40.310000,11991.63,11890,5300,11895,3548,11885,3370,11880,3480
2020-06-10 11:03:41.110000,11991.63,11890,5300,11895,3548,11885,3370,11880,3480
2020-06-10 11:03:41.280000,11991.63,11890,5300,11895,3548,11885,3370,11880,3480
2020-06-10 11:03:42.310000,11991.63,11890,5300,11895,3548,11885,3370,11880,3480
2020-06-10 11:03:44.310000,11991.63,11890,5300,11895,3548,11885,3371,11880,3480
2020-06-10 11:03:48.990000,11992.19,11890,5300,11895,3548,11885,3371,11880,3480
2020-06-10 11:03:50.040000,11992.19,11890,5300,11895,3548,11885,3371,11880,3480
2020-06-10 11:03:50.320000,11992.19,11890,5300,11895,3548,11885,3371,11880,3480
2020-06-10 11:03:53.260000,11992.19,11890,5300,11895,3548,11885,3371,11880,3480
2020-06-10 11:03:55.350000,11994.65,11890,5300,11895,3548,11885,3371,11880,3480
2020-06-10 11:03:56.900000,11994.65,11890,1930,11895,3548,11885,3371,11880,3480
2020-06-10 11:03:58.180000,11994.65,11890,5300,11895,3548,11885,3371,11880,3480
2020-06-10 11:03:59.020000,11994.65,11890,5300,11895,3548,11885,3371,11880,3480
2020-06-10 11:03:59.400000,11994.65,11890,5300,11895,3548,11885,1,11880,3480
2020-06-10 11:04:00.440000,11994.65,11890,5300,11895,3548,11885,3371,11880,3480
2020-06-10 11:04:02.330000,11994.65,11890,1930,11895,3548,11885,3371,11880,3480
2020-06-10 11:04:03.260000,11994.65,11890,5300,11895,3548,11885,3371,11880,3480
2020-06-10 11:04:03.410000,11994.65,11890,5300,11895,3548,11885,3371,11880,3480
2020-06-10 11:04:04.270000,11994.65,11890,5300,11895,3548,11885,3371,11880,3480
2020-06-10 11:04:05.570000,11996.52,11890,5300,11895,3548,11885,3371,11880,3480
2020-06-10 11:04:06.350000,11996.52,11890,5300,11895,3548,11885,3371,11880,3480
2020-06-10 11:04:06.470000,11996.52,11890,5300,11895,3548,11885,3371,11880,3480
2020-06-10 11:04:06.800000,11996.52,11890,5300,11895,3548,11885,3371,11880,3480
2020-06-10 11:04:07.320000,11996.52,11890,5300,11895,3548,11885,3371,11880,3480
2020-06-10 11:04:09.710000,11996.52,11890,5300,11895,3548,11885,3371,11880,3480
2020-06-10 11:04:10.530000,11996.52,11890,1930,11895,3548,11885,3371,11880,3480
2020-06-10 11:04:15.860000,11997.33,11890,1930,11895,3548,11885,3371,11880,4480
2020-06-10 11:04:16.110000,11997.33,11890,5300,11895,3548,11885,3371,11880,3480
2020-06-10 11:04:17.200000,11997.33,11890,1930,11895,3548,11885,3371,11880,3480
2020-06-10 11:04:20.480000,11997.33,11890,1930,11895,3548,11885,3371,11880,4480
2020-06-10 11:04:22.280000,11997.33,11890,1930,11895,3548,11885,3871,11880,4480
2020-06-10 11:04:23.260000,11997.33,11895,3548,11900,25321,11890,2696,11885,3871
2020-06-10 11:04:23.500000,11997.33,11895,200,11900,25321,11890,2696,11885,3871
2020-06-10 11:04:23.840000,11997.33,11900,25321,11905,3469,11895,3168,11890,3196
2020-06-10 11:04:24.840000,11997.33,11900,22500,11905,3469,11895,3168,11890,3196
2020-06-10 11:04:25.060000,11998.23,11900,22500,11905,3469,11895,3668,11890,3196
2020-06-10 11:04:25.250000,11998.23,11905,4769,11910,3870,11900,3253,11895,4968
2020-06-10 11:04:25.510000,11998.23,11905,4769,11910,3870,11900,2841,11895,4968
2020-06-10 11:04:25.900000,11998.23,11905,4769,11910,3870,11900,2341,11895,4968
2020-06-10 11:04:26.140000,11998.23,11905,4769,11910,3870,11900,3370,11895,4968
2020-06-10 11:04:26.920000,11998.23,11905,4769,11910,3870,11900,2555,11895,4968
2020-06-10 11:04:27.110000,11998.23,11905,4769,11910,3870,11900,3055,11895,4968
2020-06-10 11:04:27.230000,11998.23,11905,4769,11910,3870,11900,3055,11895,4968
2020-06-10 11:04:27.540000,11998.23,11905,4769,11910,3870,11900,3055,11895,4968
2020-06-10 11:04:28.250000,11998.23,11905,4769,11910,3870,11900,3055,11895,4968
2020-06-10 11:04:30.080000,11998.23,11905,4769,11910,3870,11900,2555,11895,4968
2020-06-10 11:04:30.260000,11998.23,11905,4769,11910,3870,11900,2555,11895,4968
2020-06-10 11:04:30.570000,11998.23,11905,4769,11910,3870,11900,2555,11895,4968
2020-06-10 11:04:31.040000,11998.23,11905,1400,11910,3870,11900,2555,11895,4968
2020-06-10 11:04:32.170000,11998.23,11905,1400,11910,3870,11900,4355,11895,4968
2020-06-10 11:04:32.530000,11998.23,11905,100,11910,3870,11900,4355,11895,6468
2020-06-10 11:04:33.290000,11998.23,11905,1400,11910,3870,11900,4355,11895,6468
2020-06-10 11:04:37.460000,12006.74,11910,3870,11915,3443,11905,2580,11900,4355
2020-06-10 11:04:37.670000,12006.74,11910,5170,11915,3443,11905,2580,11900,4355
2020-06-10 11:04:38.630000,12006.74,11910,5170,11915,3443,11905,2580,11900,4355
2020-06-10 11:04:42.010000,12006.74,11910,5170,11915,3443,11905,2580,11900,4355
2020-06-10 11:04:42.710000,12006.74,11910,1800,11915,3443,11905,2580,11900,4355
2020-06-10 11:04:43.790000,12006.74,11910,1800,11915,3443,11905,2580,11900,4355
2020-06-10 11:04:44.770000,12006.74,11910,5170,11915,3443,11905,2580,11900,4355
2020-06-10 11:04:44.930000,12006.94,11910,5170,11915,3443,11905,2780,11900,4355
2020-06-10 11:04:45.300000,12006.94,11910,1800,11915,3443,11905,2580,11900,4355
2020-06-10 11:04:46.180000,12006.94,11910,5170,11915,3443,11905,3080,11900,4355
2020-06-10 11:04:46.850000,12006.94,11910,5170,11915,3443,11905,2580,11900,4355
2020-06-10 11:04:47.180000,12006.94,11915,3443,11920,3451,11905,4380,11900,5855
2020-06-10 11:04:47.960000,12006.94,11915,1373,11920,3451,11910,3370,11905,4380
2020-06-10 11:04:48.240000,12006.94,11915,4743,11920,3451,11905,4380,11900,5855
2020-06-10 11:04:49.010000,12006.94,11910,3370,11915,4743,11905,2580,11900,4355
2020-06-10 11:04:49.240000,12006.94,11910,4670,11915,4743,11900,4355,11895,6468
2020-06-10 11:04:50.080000,12006.94,11910,4670,11915,4743,11905,2580,11900,4355
2020-06-10 11:04:50.470000,12006.94,11910,1300,11915,4743,11905,3880,11900,4355
2020-06-10 11:04:51.010000,12006.94,11910,1300,11915,4743,11905,3880,11900,4355
2020-06-10 11:04:51.620000,12006.94,11910,1300,11915,4743,11905,3880,11900,4355
2020-06-10 11:04:52.680000,12006.94,11915,4743,11920,3451,11905,3880,11900,5855
2020-06-10 11:04:52.880000,12006.94,11915,4743,11920,3451,11910,3370,11905,4380
2020-06-10 11:04:53.750000,12006.94,11915,4743,11920,3451,11910,3370,11905,4380
2020-06-10 11:04:53.940000,12006.94,11915,1373,11920,3451,11910,3370,11905,4380
2020-06-10 11:04:54.240000,12006.94,11915,4743,11920,3451,11910,3370,11905,4380
2020-06-10 11:04:54.610000,12006.94,11910,3370,11915,4743,11905,3880,11900,4355
2020-06-10 11:04:55.150000,12013.5,11910,6740,11915,4743,11905,2580,11900,4355
2020-06-10 11:04:55.490000,12013.5,11910,6740,11915,4743,11905,2580,11900,4355
2020-06-10 11:04:56.500000,12013.5,11910,3370,11915,4743,11905,2580,11900,4355
2020-06-10 11:04:56.680000,12013.5,11910,3370,11915,4743,11905,2580,11900,4355
2020-06-10 11:04:57.390000,12013.5,11910,6740,11915,4743,11905,2580,11900,4355
2020-06-10 11:04:57.550000,12013.5,11910,6740,11915,4743,11905,2580,11900,4355
2020-06-10 11:04:58.140000,12013.5,11910,3370,11915,4743,11905,3780,11900,5855
2020-06-10 11:04:59.210000,12013.5,11915,4743,11920,3451,11905,4280,11900,5855
2020-06-10 11:04:59.990000,12013.5,11915,4743,11920,3451,11905,4280,11900,5855
2020-06-10 11:05:00.210000,12013.5,11915,73,11920,3451,11910,3870,11905,5780
2020-06-10 11:05:01.080000,12013.5,11915,73,11920,3451,11910,5170,11905,5780
2020-06-10 11:05:01.360000,12013.5,11915,73,11920,3451,11910,5170,11905,5780
2020-06-10 11:05:02.140000,12013.5,11915,1273,11920,3451,11910,5170,11905,5780
2020-06-10 11:05:02.530000,12013.5,11915,1373,11920,3451,11910,3870,11905,5780
2020-06-10 11:05:03.140000,12013.5,11915,4743,11920,3451,11905,4280,11900,5855
2020-06-10 11:05:03.640000,12013.5,11915,4743,11920,3451,11905,4280,11900,5855
2020-06-10 11:05:04.110000,12013.5,11915,4743,11920,3451,11905,4280,11900,5855
2020-06-10 11:05:04.500000,12013.5,11915,4743,11920,3451,11905,4280,11900,5855
2020-06-10 11:05:05.300000,12012.06,11915,4743,11920,3451,11910,3370,11905,4280
2020-06-10 11:05:06.390000,12012.06,11915,4743,11920,3451,11910,3370,11905,4280
2020-06-10 11:05:07.220000,12012.06,11915,4743,11920,3451,11910,3370,11905,4280
2020-06-10 11:05:07.950000,12012.06,11915,4743,11920,3451,11910,3370,11905,4280
2020-06-10 11:05:08.170000,12012.06,11915,4743,11920,3451,11910,3370,11905,5780
2020-06-10 11:05:08.550000,12012.06,11915,4743,11920,3451,11910,3370,11905,5780
2020-06-10 11:05:09.530000,12012.06,11915,1373,11920,3451,11910,3370,11905,5780
2020-06-10 11:05:09.840000,12012.06,11915,4743,11920,3451,11910,3370,11905,4280
2020-06-10 11:05:10.610000,12012.06,11915,4743,11920,3451,11905,4280,11900,5855
2020-06-10 11:05:11.050000,12012.06,11915,4743,11920,3451,11905,4280,11900,5855
2020-06-10 11:05:11.510000,12012.06,11915,4743,11920,3451,11910,3370,11905,4280
2020-06-10 11:05:12.080000,12012.06,11915,4743,11920,3451,11910,3370,11905,4280
2020-06-10 11:05:12.750000,12012.06,11915,4743,11920,3451,11910,3370,11905,4280
2020-06-10 11:05:13.780000,12012.06,11915,4743,11920,3451,11910,4670,11905,5780
2020-06-10 11:05:13.900000,12012.06,11915,4743,11920,3451,11910,4670,11905,5780
2020-06-10 11:05:14.120000,12012.06,11915,4743,11920,3451,11910,3370,11905,4280
2020-06-10 11:05:14.610000,12012.06,11915,4743,11920,3451,11910,3370,11905,4280
2020-06-10 11:05:15.370000,12012.06,11915,4743,11920,3451,11910,3370,11905,4280
2020-06-10 11:05:15.590000,12014.97,11915,4743,11920,3451,11910,4670,11905,5780
2020-06-10 11:05:16.090000,12014.97,11915,4743,11920,3451,11910,3370,11905,4280
2020-06-10 11:05:16.670000,12014.97,11915,4743,11920,3451,11910,3570,11905,4280
2020-06-10 11:05:17.420000,12014.97,11915,4743,11920,3451,11910,3370,11905,4280
2020-06-10 11:05:17.640000,12014.97,11915,4743,11920,3451,11905,4280,11900,5855
2020-06-10 11:05:18.500000,12014.97,11915,4743,11920,3451,11905,4280,11900,5855
2020-06-10 11:05:18.680000,12014.97,11910,100,11915,4743,11905,4280,11900,5855
2020-06-10 11:05:19.560000,12014.97,11910,100,11915,4743,11905,4280,11900,5855
2020-06-10 11:05:19.870000,12014.97,11910,1000,11915,4743,11905,4280,11900,5855
2020-06-10 11:05:20.640000,12014.97,11910,1300,11915,4743,11905,4280,11900,5855
2020-06-10 11:05:20.980000,12014.97,11910,100,11915,4743,11905,4280,11900,5855
2020-06-10 11:05:22.320000,12014.97,11915,4743,11920,3451,11905,4280,11900,5855
2020-06-10 11:05:24.340000,12014.97,11910,3370,11915,4743,11905,3780,11900,5855
2020-06-10 11:05:24.560000,12014.97,11910,4670,11915,4743,11905,2580,11900,4355
2020-06-10 11:05:25.390000,12015.43,11910,100,11915,4743,11905,2580,11900,4355
2020-06-10 11:05:25.570000,12015.43,11915,4743,11920,3451,11905,4380,11900,5855
2020-06-10 11:05:26.400000,12015.43,11915,4743,11920,3451,11905,3880,11900,5855
2020-06-10 11:05:30.520000,12015.43,11910,3370,11915,4743,11905,2580,11900,4355
2020-06-10 11:05:30.700000,12015.43,11910,4670,11915,4743,11905,3880,11900,4355
2020-06-10 11:05:31.020000,12015.43,11910,3370,11915,4743,11905,3880,11900,5855
2020-06-10 11:05:31.510000,12015.43,11915,4743,11920,3451,11905,3880,11900,5855
2020-06-10 11:05:34.290000,12015.43,11915,4743,11920,3451,11905,3880,11900,4355
2020-06-10 11:05:35.210000,12015.43,11910,3370,11915,4743,11905,3880,11900,4355
2020-06-10 11:05:35.370000,12013.86,11910,4670,11915,4743,11905,2580,11900,4355
2020-06-10 11:05:35.580000,12013.86,11910,4670,11915,4743,11905,2580,11900,4355
2020-06-10 11:05:36.320000,12013.86,11910,4670,11915,4743,11905,3580,11900,4355
2020-06-10 11:05:36.440000,12013.86,11910,4670,11915,4743,11905,2580,11900,4355
2020-06-10 11:05:37.360000,12013.86,11910,4670,11915,4743,11905,2580,11900,4355
2020-06-10 11:05:38.930000,12013.86,11910,4670,11915,4743,11905,2580,11900,4355
2020-06-10 11:05:39.110000,12013.86,11910,4370,11915,4743,11905,3880,11900,4355
2020-06-10 11:05:39.970000,12013.86,11910,3370,11915,4743,11905,3880,11900,4355
2020-06-10 11:05:40.160000,12013.86,11915,4743,11920,3451,11905,3880,11900,5855
2020-06-10 11:05:40.500000,12013.86,11915,4743,11920,3451,11905,3880,11900,5855
2020-06-10 11:05:40.910000,12013.86,11915,4743,11920,3451,11905,3880,11900,4355
2020-06-10 11:05:41.410000,12013.86,11915,4743,11920,3451,11905,3880,11900,4355
2020-06-10 11:05:41.930000,12013.86,11910,3370,11915,4743,11905,2580,11900,4355
2020-06-10 11:05:42.460000,12013.86,11910,4670,11915,4743,11905,2580,11900,4355
2020-06-10 11:05:43.640000,12013.86,11910,4670,11915,4743,11905,2780,11900,4355
2020-06-10 11:05:43.830000,12013.86,11910,4670,11915,4743,11905,2580,11900,4355
2020-06-10 11:05:44.080000,12013.86,11910,4670,11915,4743,11905,2557,11900,4355
2020-06-10 11:05:45.210000,12016.84,11910,4070,11915,4743,11905,2957,11900,4355
2020-06-10 11:05:45.610000,12016.84,11915,4743,11920,3451,11905,3857,11900,4355
2020-06-10 11:05:46.740000,12016.84,11915,4743,11920,3451,11905,3857,11900,4355
2020-06-10 11:05:46.850000,12016.84,11915,4743,11920,3451,11905,3857,11900,4355
2020-06-10 11:05:47.850000,12016.84,11915,4743,11920,3451,11905,3857,11900,4355
2020-06-10 11:05:48.050000,12016.84,11915,4743,11920,3451,11905,3857,11900,4355
2020-06-10 11:05:52.310000,12016.84,11910,3370,11915,4743,11905,3857,11900,4355
2020-06-10 11:05:53.030000,12016.84,11910,3670,11915,4743,11905,3857,11900,4355
2020-06-10 11:05:53.130000,12016.84,11910,3370,11915,4743,11905,3857,11900,4355
2020-06-10 11:05:53.410000,12016.84,11910,4670,11915,4743,11900,4355,11895,7468
2020-06-10 11:05:58.050000,12015.59,11910,4670,11915,4743,11900,4355,11895,7468
2020-06-10 11:05:59.370000,12015.59,11910,4670,11915,4743,11900,4355,11895,7468
2020-06-10 11:06:00.480000,12015.59,11910,4670,11915,4743,11900,4355,11895,7468
2020-06-10 11:06:00.720000,12015.59,11910,4670,11915,4743,11905,2557,11900,4355
2020-06-10 11:06:01.010000,12015.59,11915,4743,11920,3451,11910,3270,11905,4357
2020-06-10 11:06:01.370000,12015.59,11915,4743,11920,3451,11905,4357,11900,5855
2020-06-10 11:06:02.140000,12015.59,11915,4743,11920,3451,11910,3270,11905,4357
2020-06-10 11:06:03.670000,12015.59,11915,4743,11920,3451,11905,4357,11900,5855
2020-06-10 11:06:05.200000,12015.65,11915,4743,11920,3451,11905,4357,11900,5855
2020-06-10 11:06:05.670000,12015.65,11915,1373,11920,3451,11910,3270,11905,4357
2020-06-10 11:06:06.070000,12015.65,11915,1373,11920,3451,11910,3270,11905,4357
2020-06-10 11:06:07.950000,12015.65,11915,4743,11920,3451,11905,4357,11900,5855
2020-06-10 11:06:08.120000,12015.65,11915,4743,11920,3451,11905,4357,11900,5855
2020-06-10 11:06:09.670000,12015.65,11915,4743,11920,3451,11905,4357,11900,5855
2020-06-10 11:06:09.980000,12015.65,11915,4743,11920,3451,11905,4357,11900,5855
2020-06-10 11:06:10.340000,12015.65,11915,4743,11920,3451,11910,3270,11905,4357
2020-06-10 11:06:10.990000,12015.65,11915,4743,11920,3451,11910,3270,11905,4357
2020-06-10 11:06:12.230000,12015.65,11915,4743,11920,3451,11905,4357,11900,5855
2020-06-10 11:06:12.380000,12015.65,11915,4743,11920,3451,11905,4358,11900,5855
2020-06-10 11:06:17.410000,12016.72,11915,4766,11920,3451,11905,4358,11900,5855
2020-06-10 11:06:17.910000,12016.72,11915,4766,11920,3451,11905,4358,11900,5855
2020-06-10 11:06:18.400000,12016.72,11915,4766,11920,3451,11905,4358,11900,5855
2020-06-10 11:06:22.020000,12016.72,11915,4766,11920,3451,11905,4358,11900,5855
2020-06-10 11:06:25.240000,12014.0,11915,1396,11920,3451,11910,3270,11905,5858
2020-06-10 11:06:25.400000,12014.0,11915,4766,11920,3451,11910,3270,11905,4358
2020-06-10 11:06:25.610000,12014.0,11915,4766,11920,3451,11910,3270,11905,4358
2020-06-10 11:06:26.300000,12014.0,11915,4766,11920,3451,11910,3270,11905,4358
2020-06-10 11:06:27.290000,12014.0,11915,1396,11920,3451,11910,3670,11905,5858
2020-06-10 11:06:27.380000,12014.0,11915,1396,11920,3451,11910,3670,11905,4358
2020-06-10 11:06:27.650000,12014.0,11915,1396,11920,3451,11910,3870,11905,4358
2020-06-10 11:06:28.720000,12014.0,11915,1396,11920,3451,11910,3670,11905,4358
2020-06-10 11:06:29.430000,12014.0,11915,1396,11920,3451,11910,3270,11905,4358
2020-06-10 11:06:29.520000,12014.0,11915,4766,11920,3451,11910,3270,11905,4358
2020-06-10 11:06:30.570000,12014.0,11915,1396,11920,3451,11910,4569,11905,5858
2020-06-10 11:06:30.820000,12014.0,11915,1396,11920,3451,11910,4569,11905,5858
2020-06-10 11:06:31.580000,12014.0,11915,96,11920,3451,11910,4569,11905,5858
2020-06-10 11:06:31.770000,12014.0,11915,1396,11920,3451,11910,4569,11905,5858
2020-06-10 11:06:33.770000,12014.0,11915,96,11920,3451,11910,4569,11905,5858
2020-06-10 11:06:34.670000,12014.0,11915,896,11920,3451,11910,4569,11905,5858
2020-06-10 11:06:35.810000,12015.08,11915,96,11920,3451,11910,5069,11905,5858
2020-06-10 11:06:37.770000,12015.08,11915,96,11920,3451,11910,5069,11905,5858
2020-06-10 11:06:37.860000,12015.08,11915,96,11920,3451,11910,5069,11905,5858
2020-06-10 11:06:38.840000,12015.08,11915,1396,11920,3451,11910,4569,11905,5858
2020-06-10 11:06:39.060000,12015.08,11915,4766,11920,3451,11910,3769,11905,5858
2020-06-10 11:06:39.920000,12015.08,11915,1396,11920,3451,11910,3769,11905,5858
2020-06-10 11:06:40.940000,12015.08,11915,1396,11920,3451,11910,5069,11905,5858
2020-06-10 11:06:41.130000,12015.08,11915,96,11920,3451,11910,5069,11905,5858
2020-06-10 11:06:42.050000,12015.08,11915,96,11920,3451,11910,5069,11905,5858
2020-06-10 11:06:42.110000,12015.08,11915,96,11920,3451,11910,5069,11905,5858
2020-06-10 11:06:42.470000,12015.08,11915,96,11920,3451,11910,5069,11905,5858
2020-06-10 11:06:42.730000,12015.08,11915,1396,11920,3451,11910,5069,11905,5858
2020-06-10 11:06:44.160000,12015.08,11915,1396,11920,3451,11910,5069,11905,5858
2020-06-10 11:06:47.310000,12015.47,11915,1396,11920,3451,11910,3769,11905,5858
2020-06-10 11:06:48.450000,12015.47,11915,4766,11920,3451,11905,4358,11900,5855
2020-06-10 11:06:48.830000,12015.47,11915,4766,11920,3451,11910,3269,11905,4358
2020-06-10 11:06:49.860000,12015.47,11915,1396,11920,3451,11910,4469,11905,5858
2020-06-10 11:06:51.150000,12015.47,11915,1396,11920,3451,11910,3269,11905,5858
2020-06-10 11:06:52.040000,12015.47,11920,4751,11925,2831,11910,5069,11905,5858
2020-06-10 11:06:52.290000,12015.47,11920,4751,11925,2831,11910,4569,11905,5858
2020-06-10 11:06:53.140000,12015.47,11915,3370,11920,4751,11910,4569,11905,5858
2020-06-10 11:06:53.450000,12015.47,11915,4570,11920,4751,11910,3269,11905,4358
2020-06-10 11:06:55.310000,12013.9,11915,4570,11920,4751,11910,3669,11905,4358
2020-06-10 11:06:55.510000,12013.9,11915,4670,11920,4751,11910,3269,11905,4358
2020-06-10 11:06:56.250000,12013.9,11915,3370,11920,4751,11910,3269,11905,4358
2020-06-10 11:06:56.460000,12013.9,11920,4751,11925,2831,11910,4569,11905,5858
2020-06-10 11:06:57.260000,12013.9,11915,3370,11920,4751,11910,4569,11905,4358
2020-06-10 11:06:57.390000,12013.9,11915,4270,11920,4751,11910,3269,11905,4358
2020-06-10 11:06:57.510000,12013.9,11915,4670,11920,4751,11910,3269,11905,4358
2020-06-10 11:07:00.710000,12013.9,11920,4751,11925,2831,11910,4569,11905,5858
2020-06-10 11:07:01.540000,12013.9,11915,3370,11920,4751,11910,3269,11905,4358
2020-06-10 11:07:01.670000,12013.9,11915,4670,11920,4751,11910,3269,11905,5858
2020-06-10 11:07:01.990000,12013.9,11915,3370,11920,4751,11910,3269,11905,5858
2020-06-10 11:07:02.380000,12013.9,11915,600,11920,4751,11910,3769,11905,5858
2020-06-10 11:07:03.060000,12013.9,11915,1300,11920,4751,11910,4569,11905,5858
2020-06-10 11:07:03.570000,12013.9,11915,1300,11920,4751,11910,3969,11905,5858
2020-06-10 11:07:03.930000,12013.9,11915,1300,11920,4751,11910,3969,11905,5858
2020-06-10 11:07:04.910000,12015.07,11915,1300,11920,4751,11910,4469,11905,5858
2020-06-10 11:07:05.730000,12015.07,11915,1300,11920,4751,11910,3969,11905,5858
2020-06-10 11:07:05.790000,12015.07,11915,1300,11920,4751,11910,3769,11905,5858
2020-06-10 11:07:05.900000,12015.07,11915,1300,11920,4751,11910,3269,11905,5858
2020-06-10 11:07:07.300000,12015.07,11915,1300,11920,4751,11910,4569,11905,5858
2020-06-10 11:07:07.540000,12015.07,11915,1300,11920,4751,11910,4569,11905,5858
2020-06-10 11:07:08.430000,12015.07,11915,1300,11920,4751,11910,3269,11905,5858
2020-06-10 11:07:08.570000,12015.07,11915,1300,11920,4751,11910,3269,11905,5858
2020-06-10 11:07:09.430000,12015.07,11915,1300,11920,4751,11910,4469,11905,5858
2020-06-10 11:07:09.710000,12015.07,11920,4751,11925,2831,11910,4469,11905,5858
2020-06-10 11:07:10.460000,12015.07,11920,4751,11925,2831,11910,4469,11905,5858
2020-06-10 11:07:12.010000,12015.07,11920,4751,11925,2831,11910,4469,11905,5858
2020-06-10 11:07:13.150000,12015.07,11920,4751,11925,2831,11910,3269,11905,4358
2020-06-10 11:07:13.440000,12015.07,11915,3370,11920,4751,11910,4569,11905,4358
2020-06-10 11:07:14.160000,12015.07,11915,3370,11920,4751,11910,3269,11905,4358
2020-06-10 11:07:14.410000,12015.07,11915,3370,11920,4751,11905,4358,11900,5855
2020-06-10 11:07:15.240000,12015.07,11915,4670,11920,4751,11905,4358,11900,5855
2020-06-10 11:07:15.460000,12015.07,11915,4670,11920,4751,11910,3269,11905,4358
2020-06-10 11:07:15.770000,12015.07,11915,3370,11920,4751,11910,3269,11905,4358
2020-06-10 11:07:16.080000,12015.07,11915,4470,11920,4751,11910,3269,11905,4358
2020-06-10 11:07:16.820000,12015.07,11915,3370,11920,4751,11910,4569,11905,4358
2020-06-10 11:07:16.940000,12015.07,11915,3370,11920,4751,11910,3269,11905,4358
2020-06-10 11:07:17.330000,12015.07,11915,3870,11920,4751,11910,4369,11905,4358
2020-06-10 11:07:17.650000,12015.07,11920,4751,11925,2831,11910,4569,11905,5858
2020-06-10 11:07:20.470000,12015.07,11915,3370,11920,4751,11910,4569,11905,5858
2020-06-10 11:07:22.030000,12015.07,11920,4751,11925,2831,11910,4569,11905,5858
2020-06-10 11:07:24.110000,12015.07,11915,3370,11920,4751,11910,4569,11905,5858
2020-06-10 11:07:25.780000,12013.32,11915,4570,11920,4751,11910,4369,11905,5858
2020-06-10 11:07:26.000000,12013.32,11915,4570,11920,4751,11910,3269,11905,4358
2020-06-10 11:07:26.200000,12013.32,11915,3370,11920,4751,11910,3269,11905,4358
2020-06-10 11:07:27.390000,12013.32,11915,4670,11920,4751,11910,3269,11905,4358
2020-06-10 11:07:27.670000,12013.32,11915,4670,11920,4751,11910,3269,11905,4358
2020-06-10 11:07:28.410000,12013.32,11915,3370,11920,4751,11910,4569,11905,4358
2020-06-10 11:07:28.810000,12013.32,11915,3460,11920,4751,11910,4569,11905,4358
2020-06-10 11:07:29.380000,12013.32,11915,3460,11920,4751,11910,3269,11905,4358
2020-06-10 11:07:29.730000,12013.32,11915,4660,11920,4751,11905,4358,11900,5855
2020-06-10 11:07:30.520000,12013.32,11915,4660,11920,4751,11910,3269,11905,4358
2020-06-10 11:07:30.640000,12013.32,11915,4660,11920,4751,11910,3269,11905,4358
2020-06-10 11:07:31.590000,12013.32,11915,4660,11920,4751,11905,4358,11900,5855
2020-06-10 11:07:32.910000,12013.32,11915,4660,11920,4751,11910,3269,11905,4358
2020-06-10 11:07:34.140000,12013.32,11915,4060,11920,4751,11910,3269,11905,4358
2020-06-10 11:07:34.700000,12013.59,11915,3360,11920,4751,11910,3269,11905,4358
2020-06-10 11:07:35.950000,12013.59,11915,4660,11920,4751,11910,3269,11905,4358
2020-06-10 11:07:37.830000,12013.59,11915,4660,11920,4751,11905,4358,11900,5855
2020-06-10 11:07:38.040000,12013.59,11915,4720,11920,4751,11905,4358,11900,5855
2020-06-10 11:07:40.200000,12013.59,11915,4720,11920,4751,11910,3269,11905,4358
2020-06-10 11:07:40.930000,12013.59,11915,4720,11920,4751,11910,3269,11905,4358
2020-06-10 11:07:41.900000,12013.59,11915,4320,11920,4751,11910,3269,11905,4358
2020-06-10 11:07:42.280000,12013.59,11915,3920,11920,4751,11910,3269,11905,4358
2020-06-10 11:07:43.320000,12013.59,11915,4820,11920,4751,11905,4358,11900,5855
2020-06-10 11:07:44.510000,12013.59,11915,4820,11920,4751,11910,3269,11905,4358
2020-06-10 11:07:44.980000,12013.81,11915,3420,11920,4751,11910,3269,11905,4358
2020-06-10 11:07:45.700000,12013.81,11915,4820,11920,4751,11910,3269,11905,4358
2020-06-10 11:07:46.510000,12013.81,11915,4820,11920,4751,11905,4358,11900,5855
2020-06-10 11:07:47.210000,12013.81,11915,4820,11920,4751,11905,4358,11900,5855
2020-06-10 11:07:47.350000,12013.81,11915,4820,11920,4751,11905,4358,11900,5855
2020-06-10 11:07:51.480000,12013.81,11910,3370,11915,4820,11905,2558,11900,5855
2020-06-10 11:07:51.810000,12013.81,11915,4820,11920,4751,11905,2558,11900,5855
2020-06-10 11:07:52.590000,12013.81,11915,4820,11920,4751,11905,2558,11900,4355
2020-06-10 11:07:52.710000,12013.81,11915,4820,11920,4751,11905,2558,11900,5855
2020-06-10 11:07:53.130000,12013.81,11915,4820,11920,4751,11905,2558,11900,5855
2020-06-10 11:07:55.260000,12011.88,11910,3370,11915,4820,11905,2558,11900,4355
2020-06-10 11:07:56.260000,12011.88,11915,4820,11920,4751,11905,2558,11900,4355
2020-06-10 11:07:57.300000,12011.88,11915,4820,11920,4751,11905,2558,11900,5855
2020-06-10 11:07:57.460000,12011.88,11910,3370,11915,4820,11905,2558,11900,4355
2020-06-10 11:07:57.620000,12011.88,11910,4170,11915,4820,11905,2558,11900,4355
2020-06-10 11:07:58.430000,12011.88,11910,4170,11915,4820,11905,2558,11900,4355
2020-06-10 11:07:58.620000,12011.88,11910,4770,11915,4820,11905,2558,11900,4355
2020-06-10 11:07:59.120000,12011.88,11910,4670,11915,4820,11905,2558,11900,4355
2020-06-10 11:07:59.940000,12011.88,11910,4670,11915,4820,11905,2558,11900,4355
2020-06-10 11:08:00.710000,12011.88,11915,4820,11920,4751,11905,2558,11900,4355
2020-06-10 11:08:01.010000,12011.88,11915,4820,11920,4751,11905,2558,11900,4355
2020-06-10 11:08:01.970000,12011.88,11915,4820,11920,4751,11905,2558,11900,4355
2020-06-10 11:08:02.100000,12011.88,11915,4820,11920,4751,11905,2558,11900,4355
2020-06-10 11:08:02.380000,12011.88,11915,4820,11920,4751,11905,2558,11900,5855
2020-06-10 11:08:03.270000,12011.88,11915,4820,11920,4751,11905,2558,11900,4355
2020-06-10 11:08:03.580000,12011.88,11910,3370,11915,4841,11905,2558,11900,4355
2020-06-10 11:08:03.990000,12011.88,11910,3670,11915,4841,11905,2558,11900,4355
2020-06-10 11:08:04.660000,12011.88,11910,4770,11915,4841,11905,2558,11900,4355
2020-06-10 11:08:04.820000,12011.88,11910,3370,11915,4841,11905,2558,11900,4355
2020-06-10 11:08:05.000000,12011.88,11915,4841,11920,4751,11905,2558,11900,4355
2020-06-10 11:08:06.960000,12009.23,11915,4841,11920,4751,11905,2558,11900,4355
2020-06-10 11:08:07.140000,12009.23,11915,4841,11920,4751,11905,2558,11900,5855
2020-06-10 11:08:07.680000,12009.23,11915,4841,11920,4751,11905,3058,11900,5855
2020-06-10 11:08:09.350000,12009.23,11915,4841,11920,4751,11905,2558,11900,5855
2020-06-10 11:08:10.440000,12009.23,11915,4841,11920,4751,11905,2558,11900,5855
2020-06-10 11:08:10.570000,12009.23,11915,4841,11920,4751,11905,2558,11900,5855
2020-06-10 11:08:10.910000,12009.23,11915,4841,11920,4751,11905,2558,11900,5855
2020-06-10 11:08:11.240000,12009.23,11915,4841,11920,4751,11905,3058,11900,5855
2020-06-10 11:08:12.050000,12009.23,11915,4841,11920,4751,11905,3058,11900,5855
2020-06-10 11:08:12.210000,12009.23,11915,4841,11920,4751,11905,3058,11900,5855
2020-06-10 11:08:12.470000,12009.23,11915,4841,11920,4751,11905,3058,11900,5855
2020-06-10 11:08:13.080000,12009.23,11915,4841,11920,4751,11905,2558,11900,5855
2020-06-10 11:08:13.500000,12009.23,11915,4841,11920,4751,11905,2558,11900,5855
2020-06-10 11:08:13.880000,12009.23,11915,4841,11920,4751,11905,2558,11900,5855
2020-06-10 11:08:14.580000,12009.23,11915,4841,11920,4751,11905,2558,11900,5855
2020-06-10 11:08:14.700000,12009.23,11915,4841,11920,4751,11905,2558,11900,5855
2020-06-10 11:08:16.200000,12011.85,11915,4841,11920,4751,11905,3058,11900,5855
2020-06-10 11:08:20.450000,12011.85,11915,4841,11920,4751,11905,3058,11900,5855
2020-06-10 11:08:20.730000,12011.85,11915,4841,11920,4751,11905,3058,11900,5855
2020-06-10 11:08:21.670000,12011.85,11915,4841,11920,4751,11905,3058,11900,5855
2020-06-10 11:08:22.410000,12011.85,11915,4841,11920,4751,11905,3058,11900,5855
2020-06-10 11:08:23.120000,12011.85,11915,4841,11920,4751,11905,3058,11900,5855
2020-06-10 11:08:24.110000,12011.85,11915,4851,11920,4751,11905,3058,11900,5855
2020-06-10 11:08:24.390000,12011.85,11915,4851,11920,4751,11905,3058,11900,5855
2020-06-10 11:08:25.220000,12009.63,11915,4851,11920,4751,11905,3058,11900,5855
2020-06-10 11:08:25.510000,12009.63,11915,4851,11920,4751,11905,3058,11900,5855
2020-06-10 11:08:25.580000,12009.63,11915,4851,11920,4751,11905,3058,11900,5855
2020-06-10 11:08:26.700000,12009.63,11915,4851,11920,4751,11905,3058,11900,5855
2020-06-10 11:08:27.040000,12009.63,11915,4851,11920,4751,11905,3058,11900,5855
2020-06-10 11:08:30.400000,12009.63,11915,4851,11920,4751,11905,3058,11900,5855
2020-06-10 11:08:33.510000,12009.63,11910,3370,11915,4851,11905,2558,11900,4355
2020-06-10 11:08:34.010000,12009.63,11910,3370,11915,4851,11905,2558,11900,5855
2020-06-10 11:08:35.780000,12009.98,11915,4851,11920,4751,11905,2558,11900,5855
2020-06-10 11:08:35.960000,12009.98,11915,4851,11920,4751,11905,2558,11900,4355
2020-06-10 11:08:37.340000,12009.98,11915,4851,11920,4751,11905,2558,11900,4355
2020-06-10 11:08:40.460000,12009.98,11910,3370,11915,4851,11905,2558,11900,4355
2020-06-10 11:08:40.680000,12009.98,11910,3370,11915,4851,11905,2558,11900,4355
2020-06-10 11:08:40.960000,12009.98,11910,4770,11915,4851,11905,2558,11900,4355
2020-06-10 11:08:42.090000,12009.98,11910,3370,11915,4851,11905,2558,11900,5855
2020-06-10 11:08:42.240000,12009.98,11915,4851,11920,4751,11905,2558,11900,5855
2020-06-10 11:08:42.620000,12009.98,11915,4851,11920,4751,11905,2558,11900,4355
2020-06-10 11:08:43.570000,12009.98,11910,3370,11915,4851,11905,2558,11900,4355
2020-06-10 11:08:43.880000,12009.98,11910,3370,11915,4851,11905,2558,11900,4355
2020-06-10 11:08:44.650000,12009.98,11910,3970,11915,4851,11905,2558,11900,4355
2020-06-10 11:08:44.770000,12009.98,11910,3970,11915,4851,11905,2558,11900,4355
2020-06-10 11:08:45.070000,12010.67,11910,3370,11915,4851,11905,2558,11900,4355
2020-06-10 11:08:45.690000,12010.67,11910,3370,11915,4851,11905,2558,11900,4355
2020-06-10 11:08:47.350000,12010.67,11910,3370,11915,4851,11905,2558,11900,4355
2020-06-10 11:08:47.510000,12010.67,11910,3370,11915,4851,11905,2558,11900,5855
2020-06-10 11:08:47.680000,12010.67,11910,3370,11915,4851,11905,2558,11900,4355
2020-06-10 11:08:48.510000,12010.67,11910,3370,11915,4851,11905,2558,11900,5855
2020-06-10 11:08:48.830000,12010.67,11915,4851,11920,4751,11905,2558,11900,5855
2020-06-10 11:08:50.130000,12010.67,11915,4851,11920,4751,11905,2558,11900,5855
2020-06-10 11:08:51.390000,12010.67,11910,3370,11915,4851,11905,2558,11900,4355
2020-06-10 11:08:52.110000,12010.67,11910,4770,11915,4851,11905,2558,11900,4355
2020-06-10 11:08:54.420000,12010.67,11910,4770,11915,4851,11905,2558,11900,4355
2020-06-10 11:08:54.670000,12011.79,11910,4770,11915,4951,11905,2558,11900,4355
2020-06-10 11:08:56.510000,12011.79,11910,4770,11915,4951,11905,2558,11900,4355
2020-06-10 11:08:56.670000,12011.79,11910,4770,11915,4951,11905,2558,11900,4355
2020-06-10 11:09:01.320000,12011.79,11910,4770,11915,4951,11905,2558,11900,4355
2020-06-10 11:09:01.570000,12011.79,11910,3380,11915,4951,11905,2558,11900,4355
2020-06-10 11:09:02.420000,12011.79,11910,4780,11915,4951,11905,2558,11900,4355
2020-06-10 11:09:02.570000,12011.79,11910,4780,11915,4951,11905,2558,11900,4355
2020-06-10 11:09:07.070000,12008.71,11910,4780,11915,4951,11905,2558,11900,4355
2020-06-10 11:09:07.310000,12008.71,11910,3380,11915,4951,11905,2558,11900,4355
2020-06-10 11:09:08.090000,12008.71,11910,3380,11915,4951,11905,2558,11900,4355
2020-06-10 11:09:08.180000,12008.71,11910,4780,11915,4951,11905,2558,11900,4355
2020-06-10 11:09:09.290000,12008.71,11910,10,11915,4951,11905,2558,11900,4355
2020-06-10 11:09:09.540000,12008.71,11910,1110,11915,4951,11905,2558,11900,5855
2020-06-10 11:09:10.270000,12008.71,11910,1310,11915,4951,11905,2558,11900,4355
2020-06-10 11:09:10.460000,12008.71,11910,4280,11915,4951,11905,2558,11900,5855
2020-06-10 11:09:11.870000,12008.71,11910,4680,11915,4951,11905,2558,11900,4355
2020-06-10 11:09:11.960000,12008.71,11910,4680,11915,4951,11905,2558,11900,4355
2020-06-10 11:09:12.400000,12008.71,11910,4280,11915,4951,11905,2558,11900,4355
2020-06-10 11:09:12.870000,12008.71,11910,4280,11915,4951,11905,2558,11900,4355
2020-06-10 11:09:13.950000,12008.71,11910,4680,11915,4951,11905,2558,11900,4355
2020-06-10 11:09:14.540000,12008.71,11910,4280,11915,4951,11905,2558,11900,4355
2020-06-10 11:09:14.870000,12008.8,11910,4280,11915,4951,11905,2558,11900,4355
2020-06-10 11:09:15.510000,12008.8,11910,4280,11915,4951,11905,2558,11900,4355
2020-06-10 11:09:15.870000,12008.8,11910,4680,11915,4951,11905,2558,11900,4355
2020-06-10 11:09:17.490000,12008.8,11910,4680,11915,4951,11905,2558,11900,4355
2020-06-10 11:09:18.010000,12008.8,11910,4680,11915,4951,11905,2558,11900,4355
2020-06-10 11:09:19.190000,12008.8,11910,4580,11915,4951,11905,2558,11900,4355
2020-06-10 11:09:20.240000,12008.8,11910,4280,11915,4951,11905,2558,11900,4355
2020-06-10 11:09:20.410000,12008.8,11910,4680,11915,4951,11905,2558,11900,4355
2020-06-10 11:09:21.850000,12008.8,11910,4280,11915,4951,11905,2558,11900,4355
2020-06-10 11:09:22.210000,12008.8,11910,4680,11915,4951,11905,2558,11900,4355
2020-06-10 11:09:22.630000,12008.8,11910,4280,11915,4951,11905,2558,11900,4355
2020-06-10 11:09:23.400000,12008.8,11910,4680,11915,4951,11905,2558,11900,4355
2020-06-10 11:09:23.580000,12008.8,11910,4680,11915,4951,11905,2558,11900,4355
2020-06-10 11:09:24.470000,12008.8,11910,4680,11915,4951,11905,2558,11900,4355
2020-06-10 11:09:24.710000,12008.8,11910,4280,11915,4951,11905,2558,11900,4355
2020-06-10 11:09:24.900000,12009.35,11910,910,11915,4951,11905,2558,11900,4355
2020-06-10 11:09:25.290000,12009.35,11910,4280,11915,4951,11905,2558,11900,4355
2020-06-10 11:09:26.100000,12009.35,11910,4680,11915,4951,11905,2558,11900,4355
2020-06-10 11:09:28.130000,12009.35,11910,4680,11915,4951,11905,2558,11900,4355
2020-06-10 11:09:29.690000,12009.35,11910,4680,11915,4951,11905,2558,11900,4355
2020-06-10 11:09:29.750000,12009.35,11910,4280,11915,4951,11905,2558,11900,4355
2020-06-10 11:09:31.800000,12009.35,11910,4680,11915,4951,11905,2558,11900,4355
2020-06-10 11:09:34.200000,12009.35,11910,4280,11915,4951,11905,2558,11900,4355
2020-06-10 11:09:34.940000,12009.35,11910,4680,11915,4951,11905,2558,11900,4355
2020-06-10 11:09:35.240000,12008.84,11910,4680,11915,4951,11900,4355,11895,6568
2020-06-10 11:09:38.670000,12008.84,11910,4680,11915,4951,11900,4355,11895,6568
2020-06-10 11:09:39.770000,12008.84,11905,3369,11910,4680,11900,3855,11895,6568
2020-06-10 11:09:39.950000,12008.84,11905,3369,11910,4680,11900,3855,11895,6568
2020-06-10 11:09:40.610000,12008.84,11905,3669,11910,4680,11900,3855,11895,6568
2020-06-10 11:09:41.280000,12008.84,11905,3369,11910,4680,11900,3855,11895,6568
2020-06-10 11:09:43.310000,12008.84,11910,4680,11915,4951,11900,3855,11895,6568
2020-06-10 11:09:50.450000,12010.07,11905,3369,11910,4680,11895,5068,11890,5696
2020-06-10 11:09:50.680000,12010.07,11905,4669,11910,4680,11895,5068,11890,5696
2020-06-10 11:09:52.370000,12010.07,11905,4669,11910,4680,11895,5068,11890,5696
2020-06-10 11:09:58.820000,12008.86,11905,4669,11910,4680,11895,5068,11890,5696
2020-06-10 11:10:00.850000,12008.86,11905,4669,11910,4680,11900,2555,11895,5068
2020-06-10 11:10:01.090000,12008.86,11905,200,11910,4680,11900,2226,11895,6568
2020-06-10 11:10:01.350000,12008.86,11905,1300,11910,4680,11900,2226,11895,6568
2020-06-10 11:10:03.480000,12008.86,11905,4669,11910,4680,11900,2226,11895,6568
2020-06-10 11:10:03.710000,12008.86,11905,4669,11910,4680,11900,2226,11895,6568
2020-06-10 11:10:03.740000,12008.86,11905,4669,11910,4680,11900,2226,11895,6568
2020-06-10 11:10:04.010000,12008.86,11905,4669,11910,4680,11900,2226,11895,6568
2020-06-10 11:10:05.760000,12008.47,11905,1300,11910,4680,11900,2226,11895,6568
2020-06-10 11:10:08.180000,12008.47,11905,1300,11910,4680,11900,2226,11895,6568
2020-06-10 11:10:08.300000,12008.47,11905,200,11910,4680,11900,2226,11895,6568
2020-06-10 11:10:08.510000,12008.47,11910,4680,11915,4951,11900,2226,11895,6568
2020-06-10 11:10:09.540000,12008.47,11910,4680,11915,4951,11900,2226,11895,6568
2020-06-10 11:10:10.110000,12008.47,11910,4680,11915,4951,11900,2726,11895,6568
2020-06-10 11:10:10.770000,12008.47,11910,4680,11915,4951,11900,2726,11895,6568
2020-06-10 11:10:12.380000,12008.47,11910,4680,11915,4951,11900,2726,11895,6568
2020-06-10 11:10:15.910000,12008.97,11910,4680,11915,4951,11900,2726,11895,6568
2020-06-10 11:10:22.420000,12008.97,11910,4680,11915,4951,11900,2226,11895,6568
2020-06-10 11:10:23.640000,12008.97,11910,4680,11915,4951,11900,2726,11895,6568
2020-06-10 11:10:25.110000,12010.58,11910,4680,11915,4951,11900,2726,11895,6568
2020-06-10 11:10:27.590000,12010.58,11910,4680,11915,4951,11900,2726,11895,6568
2020-06-10 11:10:29.800000,12010.58,11910,4680,11915,4951,11900,2226,11895,6568
2020-06-10 11:10:29.980000,12010.58,11910,4680,11915,4951,11900,2226,11895,6568
2020-06-10 11:10:37.260000,12009.26,11910,4680,11915,4951,11900,2226,11895,6568
2020-06-10 11:10:37.530000,12009.26,11910,4280,11915,4951,11905,3370,11900,4226
2020-06-10 11:10:38.230000,12009.26,11910,1310,11915,4951,11905,3370,11900,4226
2020-06-10 11:10:45.510000,12007.64,11910,910,11915,4951,11905,3370,11900,4226
2020-06-10 11:10:45.840000,12007.64,11910,10,11915,4951,11905,3370,11900,4226
2020-06-10 11:10:46.710000,12007.64,11910,1310,11915,4951,11905,3370,11900,2726
2020-06-10 11:10:46.850000,12007.64,11910,4680,11915,4951,11905,3370,11900,2726
2020-06-10 11:10:47.310000,12007.64,11910,4680,11915,4951,11905,3039,11900,2726
2020-06-10 11:10:49.200000,12007.64,11910,4680,11915,4951,11900,2726,11895,6568
2020-06-10 11:10:52.260000,12007.64,11910,4680,11915,4951,11900,2226,11895,6568
2020-06-10 11:10:56.020000,12008.8,11910,4680,11915,4951,11900,2726,11895,6568
2020-06-10 11:10:57.240000,12008.8,11910,4680,11915,4951,11900,2726,11895,6568
2020-06-10 11:11:00.680000,12008.8,11910,4680,11915,4951,11900,2726,11895,6568
2020-06-10 11:11:01.940000,12008.8,11910,4680,11915,4951,11900,2726,11895,6568
2020-06-10 11:11:04.050000,12008.8,11905,3369,11910,4680,11900,2226,11895,5068
2020-06-10 11:11:04.270000,12008.8,11905,4669,11910,4680,11900,2226,11895,5068
2020-06-10 11:11:04.470000,12008.8,11905,4669,11910,4680,11900,2226,11895,6568
