time,nav,sell1,sell1_cnt,sell2,sell2_cnt,buy1,buy1_cnt,buy2,buy2_cnt
2020-06-02 10:07:52.920000,0.0,11650,4950,11655,12283,11640,3296,11635,6485
2020-06-02 10:07:53.320000,0.0,11645,3450,11650,4950,11640,3296,11635,6485
2020-06-02 10:07:53.930000,0.0,11645,4950,11650,4950,11635,6485,11630,6732
2020-06-02 10:07:54.820000,11707.24,11645,4950,11650,4950,11640,3296,11635,6485
2020-06-02 10:07:55.260000,11707.24,11645,5050,11650,4950,11640,3296,11635,6485
2020-06-02 10:07:56.490000,11707.24,11645,5050,11650,4950,11635,6485,11630,6732
2020-06-02 10:07:57.030000,11707.24,11645,5050,11650,4950,11635,3152,11630,6732
2020-06-02 10:07:57.900000,11707.24,11645,5050,11650,4950,11635,3152,11630,6732
2020-06-02 10:08:00.430000,11707.24,11645,3450,11650,4950,11640,3296,11635,6485
2020-06-02 10:08:01.730000,11707.24,11650,4950,11655,10283,11640,3296,11635,6485
2020-06-02 10:08:02.310000,11707.24,11650,4950,11655,10283,11640,6629,11635,6485
2020-06-02 10:08:03.040000,11707.24,11650,4950,11655,10283,11640,6629,11635,6485
2020-06-02 10:08:04.510000,11707.24,11650,4950,11655,10283,11640,6629,11635,6485
2020-06-02 10:08:06.650000,11709.9,11650,4950,11655,10283,11640,3296,11635,6485
2020-06-02 10:08:07.150000,11709.9,11650,4950,11655,10283,11640,6629,11635,6485
2020-06-02 10:08:07.710000,11709.9,11650,4950,11655,10283,11640,6629,11635,6485
2020-06-02 10:08:08.600000,11709.9,11650,3450,11655,10283,11645,3060,11640,6629
2020-06-02 10:08:09.340000,11709.9,11655,10283,11660,3459,11645,3060,11640,6629
2020-06-02 10:08:09.950000,11709.9,11655,10283,11660,3459,11645,3060,11640,6629
2020-06-02 10:08:10.530000,11709.9,11655,10283,11660,5459,11645,3060,11640,6629
2020-06-02 10:08:11.040000,11709.9,11650,3450,11655,10283,11645,3060,11640,6629
2020-06-02 10:08:11.620000,11709.9,11650,5050,11655,10283,11645,3060,11640,6629
2020-06-02 10:08:12.060000,11709.9,11650,3450,11655,10283,11645,3060,11640,6629
2020-06-02 10:08:12.540000,11709.9,11650,5050,11655,10283,11645,3060,11640,6629
2020-06-02 10:08:13.720000,11709.9,11650,3450,11655,10283,11645,3060,11640,6629
2020-06-02 10:08:13.930000,11709.9,11650,3850,11655,10283,11645,3060,11640,6629
2020-06-02 10:08:14.120000,11709.9,11650,5050,11655,10283,11645,3060,11640,6629
2020-06-02 10:08:15.400000,11711.96,11650,5050,11655,10283,11640,6629,11635,6485
2020-06-02 10:08:15.930000,11711.96,11650,5050,11655,10283,11640,3296,11635,6485
2020-06-02 10:08:16.680000,11711.96,11645,3450,11650,5050,11640,3296,11635,6485
2020-06-02 10:08:17.240000,11711.96,11650,5050,11655,10283,11640,3296,11635,6485
2020-06-02 10:08:17.730000,11711.96,11650,5050,11655,10283,11640,6629,11635,6485
2020-06-02 10:08:18.120000,11711.96,11650,5050,11655,10283,11645,3060,11640,6629
2020-06-02 10:08:19.950000,11711.96,11645,52,11650,5050,11640,6629,11635,6485
2020-06-02 10:08:20.390000,11711.96,11650,5050,11655,10283,11640,6629,11635,6485
2020-06-02 10:08:23.010000,11711.96,11650,5050,11655,10283,11640,3296,11635,6485
2020-06-02 10:08:25.420000,11709.78,11650,5050,11655,10283,11645,3060,11640,6629
2020-06-02 10:08:26.480000,11709.78,11655,10283,11660,5459,11645,3060,11640,6629
2020-06-02 10:08:27.480000,11709.78,11650,3450,11655,10283,11645,3060,11640,6629
2020-06-02 10:08:27.790000,11709.78,11650,5050,11655,10283,11640,6629,11635,6485
2020-06-02 10:08:28.350000,11709.78,11650,5050,11655,10283,11645,3060,11640,6629
2020-06-02 10:08:28.790000,11709.78,11650,3450,11655,10283,11645,3060,11640,6629
2020-06-02 10:08:29.120000,11709.78,11655,10283,11660,5459,11645,3060,11640,6629
2020-06-02 10:08:30.600000,11709.78,11655,10305,11660,5459,11645,3060,11640,6629
2020-06-02 10:08:32.630000,11709.78,11655,10305,11660,3459,11645,3060,11640,6629
2020-06-02 10:08:33.850000,11709.78,11650,3450,11655,10305,11645,3060,11640,6629
2020-06-02 10:08:34.630000,11709.78,11650,5050,11655,10305,11640,6629,11635,6485
2020-06-02 10:08:35.160000,11709.02,11650,3450,11655,10305,11645,3060,11640,6629
2020-06-02 10:08:35.690000,11709.02,11655,10305,11660,3459,11645,3060,11640,6629
2020-06-02 10:08:36.900000,11709.02,11655,10305,11660,5459,11645,3060,11640,6629
2020-06-02 10:08:37.160000,11709.02,11650,3450,11655,10305,11645,3060,11640,6629
2020-06-02 10:08:37.570000,11709.02,11650,5050,11655,10305,11645,3060,11640,6629
2020-06-02 10:08:40.490000,11709.02,11650,3450,11655,10305,11645,3060,11640,6629
2020-06-02 10:08:41.320000,11709.02,11650,5050,11655,10305,11645,3060,11640,6629
2020-06-02 10:08:43.720000,11709.02,11650,5050,11655,10305,11640,6629,11635,6485
2020-06-02 10:08:44.110000,11709.02,11650,5050,11655,10305,11640,3296,11635,6485
2020-06-02 10:08:44.470000,11709.02,11650,5050,11655,10305,11640,6629,11635,6485
2020-06-02 10:08:44.890000,11709.02,11650,5050,11655,10305,11640,3296,11635,6485
2020-06-02 10:08:45.740000,11706.5,11650,5050,11655,10305,11640,6629,11635,6485
2020-06-02 10:08:46.180000,11706.5,11650,5050,11655,10305,11640,3296,11635,6485
2020-06-02 10:08:46.520000,11706.5,11650,5050,11655,10305,11640,6629,11635,6485
2020-06-02 10:08:46.970000,11706.5,11650,5050,11655,12305,11640,3296,11635,6485
2020-06-02 10:08:47.770000,11706.5,11645,3450,11650,5050,11640,3296,11635,6485
2020-06-02 10:08:47.910000,11706.5,11645,5050,11650,5050,11640,3296,11635,6485
2020-06-02 10:08:48.770000,11706.5,11645,5050,11650,5050,11635,6485,11630,6732
2020-06-02 10:08:49.050000,11706.5,11645,5050,11650,5050,11635,3152,11630,6732
2020-06-02 10:08:49.640000,11706.5,11640,3450,11645,5050,11635,3152,11630,6732
2020-06-02 10:08:50.140000,11706.5,11640,5050,11645,5050,11630,6732,11625,6121
2020-06-02 10:08:51.080000,11706.5,11640,3450,11645,5050,11630,6681,11625,6121
2020-06-02 10:08:51.390000,11706.5,11645,5050,11650,5050,11635,3152,11630,6681
2020-06-02 10:08:53.250000,11706.5,11645,5050,11650,5050,11635,6485,11630,6681
2020-06-02 10:08:54.090000,11706.5,11645,5050,11650,5050,11640,3296,11635,6485
2020-06-02 10:08:54.330000,11706.5,11645,5050,11650,5050,11640,3244,11635,6485
2020-06-02 10:08:56.380000,11705.53,11645,5050,11650,5050,11635,3152,11630,6681
2020-06-02 10:08:56.630000,11705.53,11640,3450,11645,5050,11635,3152,11630,6681
2020-06-02 10:08:57.640000,11705.53,11640,5050,11645,5050,11635,3152,11630,6681
2020-06-02 10:08:57.780000,11705.53,11640,3950,11645,5050,11635,3152,11630,6681
2020-06-02 10:08:58.140000,11705.53,11640,4950,11645,5050,11635,3152,11630,6681
2020-06-02 10:08:58.560000,11705.53,11640,4950,11645,5050,11630,6681,11625,6121
2020-06-02 10:08:58.920000,11705.53,11640,4950,11645,5050,11630,3348,11625,6121
2020-06-02 10:09:00.070000,11705.53,11640,3450,11645,5050,11635,3152,11630,6681
2020-06-02 10:09:01.450000,11705.53,11640,3450,11645,5050,11635,3152,11630,6681
2020-06-02 10:09:02.010000,11705.53,11645,5050,11650,5050,11635,3152,11630,6681
2020-06-02 10:09:04.230000,11705.53,11645,3450,11650,5050,11635,3152,11630,6681
2020-06-02 10:09:04.680000,11707.19,11645,5050,11650,5050,11635,3152,11630,6681
2020-06-02 10:09:15.290000,11706.66,11645,5050,11650,7050,11635,3152,11630,6681
2020-06-02 10:09:15.690000,11706.66,11640,3450,11645,5050,11635,3152,11630,6681
2020-06-02 10:09:17.400000,11706.66,11640,3450,11645,5050,11635,3152,11630,6681
2020-06-02 10:09:17.650000,11706.66,11640,5050,11645,5050,11635,3152,11630,6681
2020-06-02 10:09:17.900000,11706.66,11640,5050,11645,5050,11630,6681,11625,6121
2020-06-02 10:09:18.290000,11706.66,11640,5050,11645,5050,11635,3152,11630,6681
2020-06-02 10:09:19.010000,11706.66,11640,3450,11645,5050,11635,3152,11630,6681
2020-06-02 10:09:19.270000,11706.66,11640,3450,11645,5050,11635,3152,11630,6681
2020-06-02 10:09:19.520000,11706.66,11645,5050,11650,7050,11635,3152,11630,6681
2020-06-02 10:09:19.790000,11706.66,11645,5050,11650,5050,11635,3152,11630,6681
2020-06-02 10:09:21.220000,11706.66,11645,5050,11650,7050,11635,3152,11630,6681
2020-06-02 10:09:21.380000,11706.66,11645,5050,11650,7050,11635,3152,11630,6681
2020-06-02 10:09:22.190000,11706.66,11645,5050,11650,7050,11635,3101,11630,6681
2020-06-02 10:09:22.410000,11706.66,11640,3450,11645,5050,11635,3101,11630,6681
2020-06-02 10:09:22.630000,11706.66,11640,3450,11645,5050,11635,3101,11630,6681
2020-06-02 10:09:22.960000,11706.66,11645,5050,11650,5050,11640,3450,11635,3101
2020-06-02 10:09:23.820000,11706.66,11645,3450,11650,5050,11640,3450,11635,6434
2020-06-02 10:09:24.330000,11706.66,11645,3450,11650,5050,11640,6694,11635,6434
2020-06-02 10:09:27.460000,11704.37,11650,5050,11655,12305,11640,6694,11635,6434
2020-06-02 10:09:27.630000,11704.37,11650,5050,11655,12305,11640,6694,11635,6434
2020-06-02 10:09:27.720000,11704.37,11650,5050,11655,12305,11640,6704,11635,6434
2020-06-02 10:09:28.550000,11704.37,11650,5050,11655,10305,11640,6704,11635,6434
2020-06-02 10:09:29.860000,11704.37,11650,5050,11655,10305,11640,6704,11635,6444
2020-06-02 10:09:30.830000,11704.37,11650,5050,11655,12305,11640,6704,11635,6444
2020-06-02 10:09:31.530000,11704.37,11645,3450,11650,5050,11640,6704,11635,6444
2020-06-02 10:09:33.630000,11704.37,11645,3450,11650,5050,11640,6704,11635,6444
2020-06-02 10:09:35.190000,11703.95,11650,5050,11655,10305,11640,6704,11635,6444
2020-06-02 10:09:36.500000,11703.95,11645,3450,11650,5050,11640,6704,11635,6444
2020-06-02 10:09:37.690000,11703.95,11645,3450,11650,5050,11640,6704,11635,6444
2020-06-02 10:09:38.440000,11703.95,11645,3450,11650,5050,11640,6704,11635,6444
2020-06-02 10:09:38.620000,11703.95,11650,5050,11655,10305,11640,6704,11635,6444
2020-06-02 10:09:39.030000,11703.95,11650,5050,11655,10305,11640,10037,11635,6444
2020-06-02 10:09:39.520000,11703.95,11650,5050,11655,10305,11640,10037,11635,6444
2020-06-02 10:09:41.120000,11703.95,11650,5050,11655,10305,11640,6704,11635,6444
2020-06-02 10:09:42.230000,11703.95,11650,5050,11655,10305,11640,10037,11635,6444
2020-06-02 10:09:42.860000,11703.95,11650,5050,11655,12305,11640,10037,11635,6444
2020-06-02 10:09:43.690000,11703.95,11650,5050,11655,10305,11640,6704,11635,6444
2020-06-02 10:09:45.530000,11707.21,11650,5050,11655,10305,11640,6704,11635,6444
2020-06-02 10:09:46.260000,11707.21,11650,3450,11655,10305,11640,6704,11635,6444
2020-06-02 10:09:46.650000,11707.21,11650,5050,11655,10305,11640,6704,11635,6444
2020-06-02 10:09:47.840000,11707.21,11645,3450,11650,5050,11640,6704,11635,6444
2020-06-02 10:09:48.870000,11707.21,11645,3450,11650,5050,11640,6704,11635,6444
2020-06-02 10:09:48.980000,11707.21,11645,3450,11650,5050,11640,6704,11635,6444
2020-06-02 10:09:50.040000,11707.21,11645,3450,11650,5050,11640,6704,11635,6444
2020-06-02 10:09:50.560000,11707.21,11645,3450,11650,5050,11640,6704,11635,6444
2020-06-02 10:09:51.060000,11707.21,11650,5050,11655,10305,11640,6704,11635,6444
2020-06-02 10:09:51.570000,11707.21,11650,6250,11655,10305,11640,6704,11635,6444
2020-06-02 10:09:52.620000,11707.21,11650,6250,11655,10305,11640,6652,11635,6444
2020-06-02 10:09:57.700000,11707.32,11645,3450,11650,6250,11640,6652,11635,6444
2020-06-02 10:09:58.120000,11707.32,11645,3450,11650,6250,11640,6652,11635,6444
2020-06-02 10:09:58.960000,11707.32,11645,3450,11650,6250,11640,6652,11635,6444
2020-06-02 10:09:59.290000,11707.32,11650,6250,11655,10305,11640,6652,11635,6444
2020-06-02 10:10:00.230000,11707.32,11650,6250,11655,10305,11640,6652,11635,6444
2020-06-02 10:10:02.260000,11707.32,11645,3450,11650,6250,11640,6652,11635,6444
2020-06-02 10:10:03.120000,11707.32,11650,6250,11655,10305,11640,6652,11635,6444
2020-06-02 10:10:03.540000,11707.32,11650,6250,11655,10305,11640,9985,11635,6444
2020-06-02 10:10:11.470000,11707.27,11650,6250,11655,10305,11640,6652,11635,6444
2020-06-02 10:10:11.660000,11707.27,11645,3450,11650,6250,11640,3408,11635,6444
2020-06-02 10:10:11.880000,11707.27,11645,5150,11650,6250,11640,3408,11635,6444
2020-06-02 10:10:12.570000,11707.27,11645,5150,11650,6250,11640,10,11635,3111
2020-06-02 10:10:12.820000,11707.27,11645,5150,11650,8250,11635,3111,11630,6691
2020-06-02 10:10:13.160000,11707.27,11640,3450,11645,5150,11635,3111,11630,6691
2020-06-02 10:10:13.490000,11707.27,11640,3450,11645,5150,11635,10,11630,3358
2020-06-02 10:10:13.830000,11707.27,11640,4850,11645,5150,11635,10,11630,6691
2020-06-02 10:10:15.720000,11709.21,11640,3450,11645,5150,11635,3111,11630,6691
2020-06-02 10:10:15.910000,11709.21,11640,5150,11645,5150,11635,10,11630,6691
2020-06-02 10:10:16.250000,11709.21,11640,5150,11645,5150,11635,3111,11630,6691
2020-06-02 10:10:16.660000,11709.21,11640,3450,11645,5150,11635,3111,11630,6691
2020-06-02 10:10:17.800000,11709.21,11645,5150,11650,8250,11635,3111,11630,6691
2020-06-02 10:10:19.360000,11709.21,11645,5150,11650,6250,11635,3111,11630,6691
2020-06-02 10:10:20.030000,11709.21,11645,5150,11650,8250,11635,3111,11630,6691
2020-06-02 10:10:20.410000,11709.21,11640,3450,11645,5150,11635,3111,11630,6691
2020-06-02 10:10:20.770000,11709.21,11640,5150,11645,5150,11635,3111,11630,6691
2020-06-02 10:10:21.890000,11709.21,11640,5150,11645,5150,11635,10,11630,6691
2020-06-02 10:10:22.610000,11709.21,11640,5150,11645,5150,11635,10,11630,3358
2020-06-02 10:10:22.990000,11709.21,11640,3450,11645,5150,11635,10,11630,6691
2020-06-02 10:10:23.750000,11709.21,11640,3450,11645,5150,11635,3111,11630,6691
2020-06-02 10:10:24.000000,11709.21,11640,3460,11645,5150,11635,3060,11630,6691
2020-06-02 10:10:24.780000,11709.44,11640,10,11645,5150,11635,3060,11630,6691
2020-06-02 10:10:25.140000,11709.44,11645,4960,11650,8250,11635,3060,11630,6691
2020-06-02 10:10:25.720000,11709.44,11640,3450,11645,4960,11635,3060,11630,6691
2020-06-02 10:10:26.170000,11709.44,11640,5050,11645,4960,11630,6691,11625,6131
2020-06-02 10:10:27.940000,11709.44,11640,5050,11645,4960,11635,3060,11630,6691
2020-06-02 10:10:28.230000,11709.44,11640,3450,11645,4960,11635,3060,11630,6691
2020-06-02 10:10:28.950000,11709.44,11640,3450,11645,4960,11635,3060,11630,6691
2020-06-02 10:10:29.020000,11709.44,11640,3450,11645,4960,11635,3060,11630,6691
2020-06-02 10:10:29.280000,11709.44,11640,3450,11645,4960,11635,3060,11630,6691
2020-06-02 10:10:30.200000,11709.44,11645,4960,11650,8255,11635,3060,11630,6691
2020-06-02 10:10:32.640000,11709.44,11640,3450,11645,4960,11635,3060,11630,6691
2020-06-02 10:10:32.730000,11709.44,11640,5050,11645,4960,11635,3060,11630,6691
2020-06-02 10:10:34.040000,11709.44,11640,5050,11645,4960,11635,3060,11630,3358
2020-06-02 10:10:34.500000,11709.85,11640,5050,11645,4960,11630,3358,11625,6131
2020-06-02 10:10:35.560000,11709.85,11640,5050,11645,4960,11630,6691,11625,6131
2020-06-02 10:10:38.030000,11709.85,11640,5050,11645,4960,11635,3060,11630,6691
2020-06-02 10:10:40.030000,11709.85,11640,5050,11645,4960,11635,2982,11630,6691
2020-06-02 10:10:44.900000,11706.39,11640,5050,11645,4960,11630,6691,11625,6131
2020-06-02 10:10:45.920000,11706.39,11640,5050,11645,4960,11630,3358,11625,6131
2020-06-02 10:10:46.870000,11706.39,11640,5050,11645,6960,11630,3358,11625,6131
2020-06-02 10:10:47.060000,11706.39,11635,3450,11640,5050,11630,3358,11625,6131
2020-06-02 10:10:47.820000,11706.39,11635,5050,11640,5050,11630,3358,11625,6131
2020-06-02 10:10:48.020000,11706.39,11635,3450,11640,5050,11630,3358,11625,6131
2020-06-02 10:10:48.930000,11706.39,11640,5050,11645,4960,11630,3358,11625,6131
2020-06-02 10:10:50.290000,11706.39,11640,5050,11645,4960,11630,3358,11625,6131
2020-06-02 10:10:54.160000,11706.39,11640,5050,11645,4960,11630,6691,11625,6131
2020-06-02 10:10:54.320000,11706.39,11640,5050,11645,4960,11630,3358,11625,6131
2020-06-02 10:10:55.130000,11708.85,11640,5050,11645,4960,11630,3307,11625,6131
2020-06-02 10:10:57.510000,11708.85,11640,5050,11645,4960,11630,3307,11625,6131
2020-06-02 10:10:57.720000,11708.85,11640,5050,11645,4960,11630,6640,11625,6131
2020-06-02 10:10:59.360000,11708.85,11640,5050,11645,4960,11635,2982,11630,3307
2020-06-02 10:10:59.740000,11708.85,11640,5050,11645,4960,11630,3307,11625,6131
2020-06-02 10:11:02.080000,11708.85,11640,5050,11645,6960,11630,3307,11625,6131
2020-06-02 10:11:02.330000,11708.85,11640,5050,11645,4960,11630,3307,11625,6131
2020-06-02 10:11:07.750000,11705.0,11640,5050,11645,6960,11630,3307,11625,6131
2020-06-02 10:11:07.890000,11705.0,11640,5050,11645,4960,11630,3307,11625,6131
2020-06-02 10:11:09.020000,11705.0,11640,5050,11645,4960,11630,3307,11625,6131
2020-06-02 10:11:10.940000,11705.0,11635,3450,11640,5050,11630,3307,11625,6131
2020-06-02 10:11:11.330000,11705.0,11635,3450,11640,5050,11630,3307,11625,6131
2020-06-02 10:11:11.720000,11705.0,11635,3450,11640,5050,11630,3307,11625,6131
2020-06-02 10:11:12.800000,11705.0,11635,3450,11640,5050,11630,3230,11625,6131
2020-06-02 10:11:14.490000,11705.0,11635,3750,11640,5050,11630,3230,11625,6131
2020-06-02 10:11:14.730000,11707.44,11635,4050,11640,5050,11630,3230,11625,6131
2020-06-02 10:11:14.930000,11707.44,11635,3450,11640,5050,11630,3230,11625,6131
2020-06-02 10:11:15.810000,11707.44,11635,5050,11640,5050,11630,3230,11625,6131
2020-06-02 10:11:15.980000,11707.44,11635,3550,11640,5050,11630,3230,11625,6131
2020-06-02 10:11:16.770000,11707.44,11635,3450,11640,5050,11630,3230,11625,6131
2020-06-02 10:11:17.060000,11707.44,11635,3450,11640,5050,11630,3230,11625,6131
2020-06-02 10:11:17.990000,11707.44,11635,5050,11640,5050,11630,3230,11625,6131
2020-06-02 10:11:19.490000,11707.44,11635,4150,11640,5050,11630,3230,11625,6131
2020-06-02 10:11:19.850000,11707.44,11635,5050,11640,5050,11630,3230,11625,6131
2020-06-02 10:11:21.260000,11707.44,11635,5050,11640,5050,11630,3230,11625,6131
2020-06-02 10:11:21.490000,11707.44,11635,3450,11640,5050,11630,3230,11625,6131
2020-06-02 10:11:22.290000,11707.44,11640,5050,11645,6960,11630,3230,11625,6131
2020-06-02 10:11:23.120000,11707.44,11640,5050,11645,4960,11630,3230,11625,6131
2020-06-02 10:11:24.190000,11707.44,11640,5050,11645,4960,11630,3230,11625,6131
2020-06-02 10:11:24.580000,11704.93,11640,5050,11645,4960,11630,6563,11625,6131
2020-06-02 10:11:24.790000,11704.93,11640,5050,11645,4960,11630,6511,11625,6131
2020-06-02 10:11:29.910000,11704.93,11640,5050,11645,4960,11630,3178,11625,6131
2020-06-02 10:11:31.860000,11704.93,11640,5050,11645,6960,11630,3178,11625,6131
2020-06-02 10:11:32.640000,11704.93,11635,3450,11640,5050,11630,3178,11625,6131
2020-06-02 10:11:33.470000,11704.93,11635,3450,11640,5050,11630,3178,11625,6131
2020-06-02 10:11:34.800000,11701.76,11635,3750,11640,5050,11630,3178,11625,6131
2020-06-02 10:11:35.320000,11701.76,11635,5050,11640,5050,11630,3178,11625,6131
2020-06-02 10:11:35.660000,11701.76,11635,3750,11640,5050,11630,3178,11625,6131
2020-06-02 10:11:36.100000,11701.76,11635,5050,11640,5050,11630,3178,11625,6131
2020-06-02 10:11:36.830000,11701.76,11635,3450,11640,5050,11630,3178,11625,6131
2020-06-02 10:11:37.390000,11701.76,11635,3450,11640,5050,11630,3178,11625,6131
2020-06-02 10:11:38.830000,11701.76,11635,5050,11640,5050,11630,3178,11625,6131
2020-06-02 10:11:39.330000,11701.76,11635,5050,11640,5050,11630,10,11625,2798
2020-06-02 10:11:39.630000,11701.76,11635,5050,11640,5050,11625,6045,11620,6423
2020-06-02 10:11:39.890000,11701.76,11635,5050,11640,5050,11630,3168,11625,6045
2020-06-02 10:11:40.970000,11701.76,11640,5050,11645,6960,11630,3168,11625,6045
2020-06-02 10:11:41.140000,11701.76,11640,5050,11645,4960,11630,3168,11625,6045
2020-06-02 10:11:41.950000,11701.76,11640,5050,11645,4960,11630,3168,11625,6045
2020-06-02 10:11:44.160000,11701.76,11640,5050,11645,4960,11630,6501,11625,6045
2020-06-02 10:11:45.250000,11700.84,11640,5050,11645,4960,11630,3168,11625,6045
2020-06-02 10:11:45.770000,11700.84,11640,5050,11645,6960,11630,3168,11625,6045
2020-06-02 10:11:46.260000,11700.84,11635,3450,11640,5050,11630,3168,11625,6045
2020-06-02 10:11:46.620000,11700.84,11635,5050,11640,5050,11630,3090,11625,6045
2020-06-02 10:11:48.360000,11700.84,11635,3450,11640,5050,11630,3090,11625,6045
2020-06-02 10:11:48.610000,11700.84,11640,5050,11645,4960,11630,3090,11625,6045
2020-06-02 10:11:48.810000,11700.84,11640,5050,11645,4960,11630,6423,11625,6045
2020-06-02 10:11:49.150000,11700.84,11640,5050,11645,4960,11635,2982,11630,6423
2020-06-02 10:11:51.120000,11700.84,11640,5050,11645,4960,11635,2982,11630,6423
2020-06-02 10:11:51.360000,11700.84,11640,5050,11645,4960,11630,6423,11625,6045
2020-06-02 10:11:54.870000,11697.92,11640,5050,11645,4960,11630,3090,11625,6045
2020-06-02 10:11:55.230000,11697.92,11635,3450,11640,5050,11630,3090,11625,6045
2020-06-02 10:11:55.760000,11697.92,11635,5050,11640,5050,11630,3039,11625,6045
2020-06-02 10:11:56.700000,11697.92,11635,5050,11640,5050,11630,3039,11625,6045
2020-06-02 10:11:56.950000,11697.92,11635,5050,11640,5050,11630,3039,11625,6045
2020-06-02 10:11:57.810000,11697.92,11635,3950,11640,5050,11630,3039,11625,6045
2020-06-02 10:11:58.040000,11697.92,11635,3450,11640,5050,11630,3039,11625,6045
2020-06-02 10:12:00.460000,11697.92,11635,4750,11640,5050,11630,3039,11625,6045
2020-06-02 10:12:00.560000,11697.92,11635,3450,11640,5050,11630,3039,11625,6045
2020-06-02 10:12:01.430000,11697.92,11640,5050,11645,4960,11630,3039,11625,6045
2020-06-02 10:12:01.920000,11697.92,11635,3450,11640,5050,11630,3039,11625,6045
2020-06-02 10:12:02.320000,11697.92,11635,5050,11640,5050,11630,3039,11625,6045
2020-06-02 10:12:08.540000,11699.57,11635,5050,11640,5050,11625,6045,11620,6423
2020-06-02 10:12:09.350000,11699.57,11635,5050,11640,5050,11625,2712,11620,6423
2020-06-02 10:12:12.830000,11699.57,11635,5050,11640,5050,11625,2626,11620,6423
2020-06-02 10:12:16.270000,11696.39,11635,5050,11640,5050,11625,2626,11620,6423
2020-06-02 10:12:19.270000,11696.39,11635,5050,11640,5050,11625,2726,11620,6423
2020-06-02 10:12:19.660000,11696.39,11635,5050,11640,5050,11625,2648,11620,6423
2020-06-02 10:12:20.440000,11696.39,11635,5050,11640,7050,11625,2648,11620,6423
2020-06-02 10:12:20.680000,11696.39,11630,3425,11635,5050,11625,2648,11620,6423
2020-06-02 10:12:21.430000,11696.39,11630,5025,11635,5050,11625,110,11620,6423
2020-06-02 10:12:25.130000,11695.99,11630,5025,11635,5050,11625,110,11620,6423
2020-06-02 10:12:25.300000,11695.99,11630,3425,11635,5050,11625,3560,11620,6423
2020-06-02 10:12:26.670000,11695.99,11635,5050,11640,5050,11625,3560,11620,6423
2020-06-02 10:12:26.810000,11695.99,11635,5050,11640,5050,11625,3509,11620,6423
2020-06-02 10:12:27.160000,11695.99,11635,5050,11640,5050,11630,3039,11625,6842
2020-06-02 10:12:30.270000,11695.99,11635,5050,11640,5050,11630,3039,11625,6842
2020-06-02 10:12:31.360000,11695.99,11635,5050,11640,5050,11630,3039,11625,6842
2020-06-02 10:12:31.690000,11695.99,11635,5050,11640,5050,11630,3039,11625,6842
2020-06-02 10:12:32.590000,11695.99,11635,5050,11640,5050,11625,6842,11620,6423
2020-06-02 10:12:33.750000,11695.99,11635,5050,11640,5050,11630,3039,11625,6842
2020-06-02 10:12:34.890000,11697.86,11635,3450,11640,5050,11630,3039,11625,6842
2020-06-02 10:12:35.780000,11697.86,11640,5050,11645,4960,11630,3039,11625,6842
2020-06-02 10:12:37.590000,11697.86,11640,5050,11645,4960,11630,3039,11625,6842
2020-06-02 10:12:42.950000,11697.86,11640,5050,11645,4960,11630,6372,11625,6842
2020-06-02 10:12:43.230000,11697.86,11640,5050,11645,4960,11630,3039,11625,6842
2020-06-02 10:12:44.000000,11697.86,11640,5050,11645,4960,11630,6372,11625,6842
2020-06-02 10:12:44.140000,11697.86,11640,5050,11645,4960,11630,6372,11625,6842
2020-06-02 10:12:44.980000,11698.47,11640,5050,11645,4960,11630,6372,11625,6842
2020-06-02 10:12:46.650000,11698.47,11640,5050,11645,4960,11630,6286,11625,6842
2020-06-02 10:12:47.090000,11698.47,11640,5050,11645,4960,11635,2982,11630,6286
2020-06-02 10:12:47.920000,11698.47,11640,5050,11645,4960,11630,6286,11625,6842
2020-06-02 10:12:49.820000,11698.47,11640,5050,11645,4960,11635,2982,11630,6286
2020-06-02 10:12:51.230000,11698.47,11640,5050,11645,4960,11635,2982,11630,6286
2020-06-02 10:12:52.310000,11698.47,11640,5050,11645,4960,11630,6286,11625,6842
2020-06-02 10:12:52.490000,11698.47,11640,5050,11645,4960,11630,6286,11625,6842
2020-06-02 10:12:52.790000,11698.47,11640,5050,11645,4960,11630,6209,11625,6842
2020-06-02 10:12:53.840000,11698.47,11640,5050,11645,4960,11630,2876,11625,6842
2020-06-02 10:12:53.950000,11698.47,11640,5050,11645,4960,11630,2876,11625,6842
2020-06-02 10:12:57.930000,11699.41,11640,5050,11645,4960,11630,2824,11625,6842
2020-06-02 10:13:00.100000,11699.41,11640,5050,11645,4960,11630,2824,11625,6842
2020-06-02 10:13:00.790000,11699.41,11640,5050,11645,4960,11630,2824,11625,6842
2020-06-02 10:13:08.190000,11700.89,11640,3450,11645,4960,11630,2824,11625,6842
2020-06-02 10:13:08.440000,11700.89,11640,3450,11645,4960,11635,2982,11630,6157
2020-06-02 10:13:08.940000,11700.89,11640,5050,11645,4960,11635,2982,11630,6157
2020-06-02 10:13:09.570000,11700.89,11640,5050,11645,4960,11630,6157,11625,6842
2020-06-02 10:13:09.930000,11700.89,11640,5050,11645,4960,11635,2982,11630,6157
2020-06-02 10:13:10.880000,11700.89,11640,5050,11645,4960,11630,6157,11625,6842
2020-06-02 10:13:12.970000,11700.89,11640,5050,11645,4960,11635,2982,11630,6157
2020-06-02 10:13:13.780000,11700.89,11640,3450,11645,4960,11635,2982,11630,6157
2020-06-02 10:13:14.100000,11699.77,11645,4960,11650,4655,11635,2982,11630,6157
2020-06-02 10:13:14.860000,11699.77,11645,4960,11650,4655,11640,3244,11635,2982
2020-06-02 10:13:15.100000,11699.77,11645,4960,11650,4655,11635,2982,11630,6157
2020-06-02 10:13:15.850000,11699.77,11645,4960,11650,6655,11635,2982,11630,6157
2020-06-02 10:13:16.100000,11699.77,11640,3450,11645,4960,11635,2982,11630,6157
2020-06-02 10:13:17.830000,11699.77,11645,4960,11650,4655,11635,2982,11630,6157
2020-06-02 10:13:19.020000,11699.77,11645,3260,11650,4655,11640,5244,11635,6315
2020-06-02 10:13:19.310000,11699.77,11645,4060,11650,4655,11640,5244,11635,6315
2020-06-02 10:13:20.060000,11699.77,11645,3260,11650,4655,11640,1914,11635,6315
2020-06-02 10:13:20.560000,11699.77,11645,4860,11650,4655,11640,1914,11635,2982
2020-06-02 10:13:21.630000,11699.77,11645,4860,11650,6655,11635,2982,11630,6157
2020-06-02 10:13:21.840000,11699.77,11640,3450,11645,4860,11635,2982,11630,6157
2020-06-02 10:13:22.170000,11699.77,11640,3450,11645,4860,11635,2982,11630,6157
2020-06-02 10:13:22.620000,11699.77,11640,3234,11645,4860,11635,2982,11630,6157
2020-06-02 10:13:23.170000,11699.77,11645,4860,11650,4655,11635,2982,11630,6157
2020-06-02 10:13:24.300000,11699.77,11645,3260,11650,4655,11640,6478,11635,6315
2020-06-02 10:13:25.330000,11706.46,11645,3122,11650,4655,11640,6478,11635,6315
2020-06-02 10:13:25.530000,11706.46,11645,3063,11650,4655,11640,6478,11635,6315
2020-06-02 10:13:25.860000,11706.46,11645,2747,11650,4655,11640,6478,11635,6315
2020-06-02 10:13:26.750000,11706.46,11645,2747,11650,4655,11640,6400,11635,6315
2020-06-02 10:13:28.720000,11706.46,11645,2747,11650,4655,11640,6348,11635,6315
2020-06-02 10:13:31.780000,11706.46,11645,2747,11650,4655,11640,3104,11635,6315
2020-06-02 10:13:32.840000,11706.46,11645,3547,11650,4655,11640,3104,11635,6315
2020-06-02 10:13:33.120000,11706.46,11645,2747,11650,4655,11640,3104,11635,6315
2020-06-02 10:13:34.250000,11706.46,11645,2747,11650,4655,11640,3104,11635,6315
2020-06-02 10:13:35.060000,11709.43,11645,4347,11650,4655,11640,3104,11635,2982
2020-06-02 10:13:35.890000,11709.43,11645,3847,11650,4655,11640,3104,11635,6315
2020-06-02 10:13:36.070000,11709.43,11645,4347,11650,4655,11640,3104,11635,2982
2020-06-02 10:13:38.070000,11709.43,11645,4347,11650,6655,11640,3104,11635,2982
2020-06-02 10:13:38.280000,11709.43,11645,4347,11650,6655,11640,3104,11635,2982
2020-06-02 10:13:38.450000,11709.43,11645,4347,11650,6655,11635,4582,11630,6157
2020-06-02 10:13:41.710000,11709.43,11645,4347,11650,4655,11635,4582,11630,6157
2020-06-02 10:13:52.580000,11709.52,11645,4347,11650,4655,11635,4496,11630,6157
2020-06-02 10:13:54.770000,11708.2,11645,4347,11650,6655,11635,4496,11630,6157
2020-06-02 10:13:54.990000,11708.2,11645,4347,11650,4655,11635,4496,11630,6157
2020-06-02 10:13:59.710000,11708.2,11645,4347,11650,4655,11640,4414,11635,7829
2020-06-02 10:14:00.660000,11708.2,11645,2747,11650,4655,11640,4714,11635,7829
2020-06-02 10:14:01.690000,11708.2,11645,2747,11650,4655,11640,4714,11635,7829
2020-06-02 10:14:02.740000,11708.2,11645,3247,11650,4655,11640,4714,11635,7829
2020-06-02 10:14:02.960000,11708.2,11645,2747,11650,4655,11640,4714,11635,7829
2020-06-02 10:14:03.800000,11708.2,11645,2693,11650,4655,11640,4714,11635,7829
2020-06-02 10:14:04.140000,11708.2,11645,2528,11650,4655,11640,4714,11635,7829
2020-06-02 10:14:04.580000,11709.11,11650,4655,11655,8705,11645,3060,11640,4714
2020-06-02 10:14:05.380000,11709.11,11650,6255,11655,8705,11640,4714,11635,7829
2020-06-02 10:14:09.050000,11709.11,11650,6255,11655,8705,11640,4714,11635,7829
2020-06-02 10:14:09.300000,11709.11,11650,6255,11655,8705,11640,4714,11635,7829
2020-06-02 10:14:11.530000,11709.11,11650,4655,11655,8705,11645,3060,11640,8047
2020-06-02 10:14:12.690000,11709.11,11650,6255,11655,8705,11645,3060,11640,8047
2020-06-02 10:14:13.030000,11709.11,11650,5855,11655,8705,11645,3060,11640,8047
2020-06-02 10:14:13.720000,11709.11,11650,4655,11655,8705,11640,4714,11635,7829
2020-06-02 10:14:14.750000,11708.58,11650,6255,11655,8705,11645,3060,11640,4714
2020-06-02 10:14:14.950000,11708.58,11650,6255,11655,8705,11640,4714,11635,7829
2020-06-02 10:14:15.830000,11708.58,11650,6255,11655,8705,11640,4714,11635,7829
2020-06-02 10:14:16.870000,11708.58,11650,4655,11655,8705,11645,3060,11640,8047
2020-06-02 10:14:17.860000,11708.58,11650,4655,11655,8705,11645,3060,11640,8047
2020-06-02 10:14:18.420000,11708.58,11650,4655,11655,8705,11645,3060,11640,8047
2020-06-02 10:14:19.870000,11708.58,11650,4655,11655,8705,11645,3060,11640,8047
2020-06-02 10:14:20.510000,11708.58,11650,4655,11655,8705,11640,4714,11635,7829
2020-06-02 10:14:21.570000,11708.58,11650,6255,11655,8705,11640,4714,11635,7829
2020-06-02 10:14:21.970000,11708.58,11650,6255,11655,10705,11640,4714,11635,7829
2020-06-02 10:14:22.540000,11708.58,11645,3450,11650,6255,11640,4714,11635,7829
2020-06-02 10:14:23.510000,11708.58,11645,3242,11650,6255,11640,4714,11635,7829
2020-06-02 10:14:25.730000,11708.66,11650,6255,11655,10705,11640,4714,11635,7829
2020-06-02 10:14:26.930000,11708.66,11650,6255,11655,10705,11640,4628,11635,7829
2020-06-02 10:14:30.400000,11708.66,11645,3242,11650,6255,11640,4628,11635,7829
2020-06-02 10:14:31.430000,11708.66,11650,6255,11655,10705,11640,4628,11635,7829
2020-06-02 10:14:32.620000,11708.66,11650,6255,11655,10705,11640,4551,11635,7829
2020-06-02 10:14:34.770000,11708.66,11645,3242,11650,6255,11640,4551,11635,7829
2020-06-02 10:14:35.600000,11715.08,11645,3242,11650,6255,11640,4251,11635,7829
2020-06-02 10:14:37.590000,11715.08,11650,6255,11655,10705,11640,4251,11635,7829
2020-06-02 10:14:38.130000,11715.08,11645,3242,11650,6255,11640,4251,11635,7829
2020-06-02 10:14:39.080000,11715.08,11650,6255,11655,10705,11640,4251,11635,7829
2020-06-02 10:14:42.970000,11715.08,11650,6255,11655,8705,11640,4251,11635,7829
2020-06-02 10:14:43.290000,11715.08,11650,6555,11655,8705,11640,4251,11635,7829
2020-06-02 10:14:46.180000,11715.52,11650,6555,11655,10705,11640,4251,11635,7829
2020-06-02 10:14:50.990000,11715.52,11645,3242,11650,6555,11640,4251,11635,7829
2020-06-02 10:14:51.880000,11715.52,11645,4842,11650,6555,11640,4251,11635,7829
2020-06-02 10:14:52.020000,11715.52,11645,3242,11650,6555,11640,4251,11635,7829
2020-06-02 10:14:52.970000,11715.52,11645,4842,11650,6555,11640,4251,11635,7829
2020-06-02 10:14:54.860000,11711.23,11645,4842,11650,6555,11640,2951,11635,7829
2020-06-02 10:14:55.660000,11711.23,11645,4842,11650,6555,11635,4496,11630,6157
2020-06-02 10:14:55.910000,11711.23,11645,4842,11650,6555,11635,4496,11630,6157
2020-06-02 10:14:59.590000,11711.23,11645,4842,11650,6555,11635,4410,11630,6157
2020-06-02 10:15:00.590000,11711.23,11645,4842,11650,6555,11640,2951,11635,4410
2020-06-02 10:15:01.390000,11711.23,11645,3242,11650,6555,11640,2951,11635,7743
2020-06-02 10:15:01.590000,11711.23,11650,6555,11655,10705,11640,2951,11635,7743
2020-06-02 10:15:05.120000,11711.3,11645,3242,11650,6555,11640,2951,11635,7743
2020-06-02 10:15:06.140000,11711.3,11645,4842,11650,6555,11640,2951,11635,4410
2020-06-02 10:15:06.340000,11711.3,11645,3242,11650,6555,11640,2951,11635,7743
2020-06-02 10:15:06.670000,11711.3,11645,3242,11650,6555,11640,2874,11635,7743
2020-06-02 10:15:07.790000,11711.3,11645,3442,11650,6555,11640,2874,11635,7743
2020-06-02 10:15:08.730000,11711.3,11645,4842,11650,6555,11640,2874,11635,4410
2020-06-02 10:15:08.970000,11711.3,11645,4842,11650,6555,11635,4410,11630,6157
2020-06-02 10:15:09.870000,11711.3,11645,4842,11650,6555,11635,4410,11630,6157
2020-06-02 10:15:13.710000,11711.3,11645,4842,11650,6555,11635,4410,11630,6157
2020-06-02 10:15:14.540000,11712.2,11645,4842,11650,6555,11635,7743,11630,6157
2020-06-02 10:15:14.700000,11712.2,11645,4842,11650,6555,11640,2874,11635,7743
2020-06-02 10:15:15.820000,11712.2,11645,4842,11650,6555,11635,4410,11630,6157
2020-06-02 10:15:16.620000,11712.2,11645,4842,11650,6555,11640,2874,11635,4410
2020-06-02 10:15:16.840000,11712.2,11645,4842,11650,6555,11635,4410,11630,6157
2020-06-02 10:15:17.060000,11712.2,11645,4842,11650,6555,11640,2874,11635,4410
2020-06-02 10:15:18.620000,11712.2,11645,4842,11650,6555,11640,2874,11635,4410
2020-06-02 10:15:19.150000,11712.2,11645,3242,11650,6555,11640,2874,11635,7743
2020-06-02 10:15:20.270000,11712.2,11645,4842,11650,6555,11640,2874,11635,4410
2020-06-02 10:15:20.490000,11712.2,11645,4842,11650,6555,11635,4410,11630,6157
2020-06-02 10:15:25.650000,11709.1,11645,4842,11650,6555,11640,2874,11635,7743
2020-06-02 10:15:28.260000,11709.1,11645,4842,11650,6555,11640,2874,11635,7743
2020-06-02 10:15:28.490000,11709.1,11650,6555,11655,8705,11640,2874,11635,7743
2020-06-02 10:15:30.580000,11709.1,11650,6555,11655,10705,11640,2874,11635,7743
2020-06-02 10:15:31.380000,11709.1,11645,3242,11650,6555,11640,2874,11635,7743
2020-06-02 10:15:31.550000,11709.1,11645,4842,11650,6555,11640,2874,11635,7743
2020-06-02 10:15:31.760000,11709.1,11645,4842,11650,6555,11635,4410,11630,6157
2020-06-02 10:15:32.860000,11709.1,11645,4842,11650,6555,11635,7657,11630,6157
2020-06-02 10:15:33.460000,11709.1,11645,4842,11650,6555,11640,2874,11635,7657
2020-06-02 10:15:33.820000,11709.1,11645,4842,11650,6555,11635,4324,11630,6157
2020-06-02 10:15:36.130000,11707.83,11645,4842,11650,6555,11635,4324,11630,6157
2020-06-02 10:15:36.360000,11707.83,11645,4842,11650,6555,11635,4324,11630,6157
2020-06-02 10:15:38.390000,11707.83,11645,4842,11650,6555,11635,4324,11630,6157
2020-06-02 10:15:39.190000,11707.83,11645,4842,11650,8555,11635,4324,11630,6157
2020-06-02 10:15:39.410000,11707.83,11645,4842,11650,8555,11635,4324,11630,6157
2020-06-02 10:15:40.300000,11707.83,11645,4842,11650,8555,11635,4246,11630,6157
2020-06-02 10:15:42.770000,11707.83,11640,3234,11645,4842,11635,2646,11630,6157
2020-06-02 10:15:43.220000,11707.83,11640,4834,11645,4842,11635,2646,11630,6157
2020-06-02 10:15:45.550000,11706.62,11640,3234,11645,4842,11635,2646,11630,6157
2020-06-02 10:15:48.300000,11706.62,11640,3234,11645,4842,11635,2646,11630,6157
2020-06-02 10:15:49.330000,11706.62,11640,4834,11645,4842,11635,2646,11630,6157
2020-06-02 10:15:49.830000,11706.62,11640,3234,11645,4842,11635,2646,11630,6157
2020-06-02 10:15:50.810000,11706.62,11645,4842,11650,8555,11635,2646,11630,6157
2020-06-02 10:15:51.050000,11706.62,11645,4842,11650,6555,11635,2646,11630,6157
2020-06-02 10:15:51.870000,11706.62,11645,4842,11650,6555,11635,2646,11630,6157
2020-06-02 10:15:52.250000,11706.62,11645,4842,11650,6555,11635,2646,11630,6157
2020-06-02 10:15:52.720000,11706.62,11645,4842,11650,6555,11640,2874,11635,2646
2020-06-02 10:15:53.280000,11706.62,11645,4842,11650,6555,11640,2874,11635,5979
2020-06-02 10:15:53.790000,11706.62,11645,3242,11650,6555,11640,2874,11635,5979
2020-06-02 10:15:54.230000,11706.62,11645,3242,11650,6555,11640,2874,11635,5979
2020-06-02 10:15:55.360000,11706.91,11645,4842,11650,6555,11640,2874,11635,5979
2020-06-02 10:15:55.830000,11706.91,11645,4842,11650,6555,11640,2874,11635,5979
2020-06-02 10:15:56.570000,11706.91,11645,4842,11650,6555,11640,2874,11635,5979
2020-06-02 10:15:57.390000,11706.91,11645,3242,11650,6555,11640,2874,11635,5979
2020-06-02 10:15:58.070000,11706.91,11645,4842,11650,6555,11640,2874,11635,5979
2020-06-02 10:15:59.230000,11706.91,11645,4842,11650,6555,11640,2874,11635,5979
2020-06-02 10:15:59.760000,11706.91,11645,4842,11650,6555,11635,2646,11630,6157
2020-06-02 10:16:02.680000,11706.91,11645,4842,11650,6555,11635,5979,11630,6157
2020-06-02 10:16:03.460000,11706.91,11645,4842,11650,6555,11635,2646,11630,6157
2020-06-02 10:16:05.340000,11706.08,11645,4842,11650,6555,11635,5979,11630,6157
2020-06-02 10:16:06.380000,11706.08,11645,4842,11650,6555,11635,2646,11630,6157
2020-06-02 10:16:07.070000,11706.08,11645,4842,11650,6555,11635,2561,11630,6157
2020-06-02 10:16:10.260000,11706.08,11640,3234,11645,4842,11635,2561,11630,6157
2020-06-02 10:16:10.520000,11706.08,11640,3951,11645,4842,11630,6157,11625,6842
2020-06-02 10:16:11.320000,11706.08,11640,3951,11645,4842,11630,2824,11625,6842
2020-06-02 10:16:12.370000,11706.08,11640,3951,11645,4842,11630,2824,11625,6842
2020-06-02 10:16:12.620000,11706.08,11640,3951,11645,4842,11635,3450,11630,6157
2020-06-02 10:16:14.580000,11706.86,11640,3951,11645,4842,11635,3450,11630,2824
2020-06-02 10:16:16.570000,11706.86,11640,3951,11645,4842,11630,2824,11625,6842
2020-06-02 10:16:17.630000,11706.86,11635,3450,11640,3951,11630,2824,11625,6842
2020-06-02 10:16:18.550000,11706.86,11635,3450,11640,3951,11630,2824,11625,6842
2020-06-02 10:16:19.160000,11706.86,11635,3450,11640,3951,11630,2824,11625,6842
2020-06-02 10:16:20.220000,11706.86,11635,3450,11640,3951,11630,2824,11625,6842
2020-06-02 10:16:20.430000,11706.86,11640,3951,11645,4842,11630,2824,11625,6842
2020-06-02 10:16:22.350000,11706.86,11635,3450,11640,3951,11630,2824,11625,6842
2020-06-02 10:16:22.770000,11706.86,11640,3951,11645,4842,11630,2824,11625,6842
2020-06-02 10:16:23.350000,11706.86,11640,3951,11645,4842,11630,2824,11625,6842
2020-06-02 10:16:24.460000,11706.86,11640,3951,11645,4842,11635,3450,11630,6157
2020-06-02 10:16:24.690000,11702.96,11640,3951,11645,4842,11635,3450,11630,2824
2020-06-02 10:16:25.440000,11702.96,11640,3951,11645,4842,11635,3450,11630,2824
2020-06-02 10:16:25.690000,11702.96,11640,2351,11645,4842,11635,3450,11630,6157
2020-06-02 10:16:26.530000,11702.96,11640,3951,11645,4842,11635,3450,11630,2824
2020-06-02 10:16:26.960000,11702.96,11640,3951,11645,4842,11635,3450,11630,6157
2020-06-02 10:16:27.490000,11702.96,11640,2351,11645,4842,11635,3450,11630,6157
2020-06-02 10:16:28.610000,11702.96,11640,2351,11645,4842,11635,3450,11630,6157
2020-06-02 10:16:28.860000,11702.96,11640,2851,11645,4842,11635,3450,11630,6157
2020-06-02 10:16:29.630000,11702.96,11640,3951,11645,4842,11635,3450,11630,2824
2020-06-02 10:16:29.800000,11702.96,11640,3951,11645,4842,11635,3450,11630,2824
2020-06-02 10:16:31.220000,11702.96,11640,3951,11645,4842,11630,2824,11625,6842
2020-06-02 10:16:33.390000,11702.96,11640,3951,11645,4842,11635,3450,11630,6157
2020-06-02 10:16:34.550000,11702.96,11640,3951,11645,4842,11635,3450,11630,2824
2020-06-02 10:16:35.670000,11704.07,11640,3951,11645,4842,11630,2824,11625,6842
2020-06-02 10:16:38.800000,11704.07,11640,3951,11645,6842,11630,2824,11625,6842
2020-06-02 10:16:39.550000,11704.07,11640,3951,11645,4842,11630,2824,11625,6842
2020-06-02 10:16:39.720000,11704.07,11640,3951,11645,4842,11630,2738,11625,6842
2020-06-02 10:16:39.920000,11704.07,11635,3450,11640,3951,11630,2738,11625,6842
2020-06-02 10:16:40.420000,11704.07,11635,3450,11640,3951,11630,2738,11625,6842
2020-06-02 10:16:41.080000,11704.07,11635,3450,11640,3951,11630,2738,11625,6842
2020-06-02 10:16:41.280000,11704.07,11635,3750,11640,3951,11630,2738,11625,6842
2020-06-02 10:16:42.390000,11704.07,11640,3951,11645,4842,11630,2738,11625,6842
2020-06-02 10:16:47.620000,11704.54,11640,3951,11645,4842,11630,6071,11625,6842
2020-06-02 10:16:50.680000,11704.54,11640,3951,11645,4842,11630,6071,11625,6842
2020-06-02 10:16:50.960000,11704.54,11640,3951,11645,4842,11630,6071,11625,6842
2020-06-02 10:16:53.420000,11704.54,11640,3951,11645,4842,11630,6071,11625,6842
2020-06-02 10:16:54.450000,11704.54,11640,3951,11645,4842,11630,2738,11625,6842
2020-06-02 10:16:57.910000,11700.37,11635,3450,11640,3951,11630,2738,11625,6842
2020-06-02 10:16:58.410000,11700.37,11635,3450,11640,3951,11625,6842,11620,6423
2020-06-02 10:16:58.790000,11700.37,11635,5050,11640,3951,11625,6842,11620,6423
2020-06-02 10:16:59.520000,11700.37,11635,5050,11640,3951,11630,2738,11625,6842
2020-06-02 10:17:00.570000,11700.37,11635,3450,11640,3951,11630,2738,11625,6842
2020-06-02 10:17:00.790000,11700.37,11635,5050,11640,3951,11630,2738,11625,6842
2020-06-02 10:17:01.020000,11700.37,11635,3450,11640,3951,11630,2738,11625,6842
2020-06-02 10:17:01.620000,11700.37,11640,3951,11645,4842,11630,2738,11625,6842
2020-06-02 10:17:07.550000,11700.51,11640,2351,11645,4842,11630,6071,11625,6842
2020-06-02 10:17:07.960000,11700.51,11640,3951,11645,4842,11630,6071,11625,6842
2020-06-02 10:17:10.080000,11700.51,11640,2351,11645,4842,11630,6071,11625,6842
2020-06-02 10:17:10.490000,11700.51,11640,2351,11645,4842,11630,6071,11625,6842
2020-06-02 10:17:10.820000,11700.51,11640,3051,11645,4842,11630,6071,11625,6842
2020-06-02 10:17:12.040000,11700.51,11640,3951,11645,4842,11630,6071,11625,6842
2020-06-02 10:17:12.540000,11700.51,11640,2351,11645,4842,11635,3450,11630,6071
2020-06-02 10:17:13.160000,11700.51,11645,4842,11650,6555,11635,3450,11630,6071
2020-06-02 10:17:16.850000,11701.88,11645,4842,11650,6555,11640,2874,11635,3450
2020-06-02 10:17:18.000000,11701.88,11645,4842,11650,6555,11635,3450,11630,6071
2020-06-02 10:17:18.240000,11701.88,11645,4842,11650,6555,11635,3450,11630,6071
2020-06-02 10:17:26.530000,11702.66,11640,3450,11645,4842,11635,3450,11630,6071
2020-06-02 10:17:27.360000,11702.66,11640,3450,11645,4842,11635,3450,11630,6071
2020-06-02 10:17:28.450000,11702.66,11640,5050,11645,4842,11635,3450,11630,6071
2020-06-02 10:17:29.300000,11702.66,11640,3450,11645,4842,11635,3450,11630,6071
2020-06-02 10:17:32.540000,11702.66,11640,5050,11645,4842,11635,3450,11630,6071
2020-06-02 10:17:32.840000,11702.66,11640,3450,11645,4842,11635,3450,11630,6071
2020-06-02 10:17:34.180000,11701.77,11640,5050,11645,4842,11635,3450,11630,6071
2020-06-02 10:17:35.060000,11701.77,11640,3450,11645,4842,11635,3450,11630,6071
2020-06-02 10:17:37.150000,11701.77,11640,3450,11645,4842,11635,3450,11630,6071
2020-06-02 10:17:38.170000,11701.77,11640,3450,11645,4842,11635,3450,11630,6071
2020-06-02 10:17:39.180000,11701.77,11640,5050,11645,4842,11630,2738,11625,6842
2020-06-02 10:17:39.670000,11701.77,11640,5050,11645,4842,11630,2738,11625,6842
2020-06-02 10:17:40.090000,11701.77,11640,5050,11645,4842,11630,2738,11625,6842
2020-06-02 10:17:41.700000,11701.77,11640,5050,11645,6842,11630,2738,11625,6842
2020-06-02 10:17:42.630000,11701.77,11635,3450,11640,5050,11630,2738,11625,6842
2020-06-02 10:17:43.490000,11701.77,11635,5050,11640,5050,11625,6842,11620,6423
2020-06-02 10:17:43.700000,11701.77,11635,5050,11640,5050,11630,2738,11625,6842
2020-06-02 10:17:44.590000,11701.77,11635,3450,11640,5050,11630,2738,11625,6842
2020-06-02 10:17:44.820000,11701.08,11635,3450,11640,5050,11630,2738,11625,6842
2020-06-02 10:17:46.570000,11701.08,11640,5050,11645,4842,11630,2738,11625,6842
2020-06-02 10:17:48.090000,11701.08,11640,5050,11645,4842,11635,3450,11630,6071
2020-06-02 10:17:53.290000,11701.08,11640,5050,11645,4842,11635,3450,11630,2738
2020-06-02 10:17:54.470000,11701.08,11640,5050,11645,4842,11630,2738,11625,6842
2020-06-02 10:17:58.080000,11700.03,11640,5050,11645,4842,11630,6071,11625,6842
2020-06-02 10:17:58.490000,11700.03,11640,5050,11645,4842,11630,2738,11625,6842
2020-06-02 10:18:01.410000,11700.03,11640,5050,11645,4842,11630,6071,11625,6842
2020-06-02 10:18:01.740000,11700.03,11640,5050,11645,4842,11630,2738,11625,6842
2020-06-02 10:18:02.320000,11700.03,11640,5050,11645,4842,11630,2738,11625,6842
2020-06-02 10:18:04.350000,11700.03,11640,5050,11645,4842,11635,3450,11630,6071
2020-06-02 10:18:07.530000,11700.65,11640,5050,11645,4842,11630,2738,11625,6842
2020-06-02 10:18:09.890000,11700.65,11640,5050,11645,4842,11635,3450,11630,6071
2020-06-02 10:18:10.090000,11700.65,11640,5050,11645,4842,11635,3450,11630,6071
2020-06-02 10:18:11.280000,11700.65,11640,5050,11645,4842,11630,2738,11625,6842
2020-06-02 10:18:12.420000,11700.65,11640,5050,11645,4842,11635,3450,11630,6071
2020-06-02 10:18:13.640000,11700.65,11645,4842,11650,8555,11635,3450,11630,6071
2020-06-02 10:18:14.110000,11701.72,11645,4842,11650,6555,11635,3450,11630,6071
2020-06-02 10:18:16.980000,11701.72,11640,3450,11645,4842,11635,3450,11630,6071
2020-06-02 10:18:17.620000,11701.72,11640,4350,11645,4842,11635,3450,11630,6071
2020-06-02 10:18:17.980000,11701.72,11640,5050,11645,4842,11635,3450,11630,6071
2020-06-02 10:18:19.780000,11701.72,11640,4350,11645,4842,11635,3450,11630,6071
2020-06-02 10:18:20.120000,11701.72,11640,3450,11645,4842,11635,3450,11630,6071
2020-06-02 10:18:20.560000,11701.72,11640,3450,11645,4842,11635,3450,11630,6071
2020-06-02 10:18:21.280000,11701.72,11645,4842,11650,8555,11635,3450,11630,6071
2020-06-02 10:18:21.420000,11701.72,11640,3450,11645,4842,11635,3450,11630,6071
2020-06-02 10:18:21.790000,11701.72,11640,5050,11645,4842,11635,3450,11630,6071
2020-06-02 10:18:23.030000,11701.72,11640,3450,11645,4842,11635,3450,11630,6071
2020-06-02 10:18:23.280000,11701.72,11645,4842,11650,8555,11635,3450,11630,6071
2020-06-02 10:18:25.070000,11699.92,11640,3450,11645,4842,11635,3450,11630,6071
2020-06-02 10:18:25.390000,11699.92,11640,5050,11645,4842,11635,3450,11630,6071
2020-06-02 10:18:25.780000,11699.92,11640,5050,11645,4842,11635,3450,11630,2738
2020-06-02 10:18:26.510000,11699.92,11640,5050,11645,4842,11635,3450,11630,6071
2020-06-02 10:18:27.010000,11699.92,11640,5050,11645,4842,11635,3450,11630,2738
2020-06-02 10:18:28.100000,11699.92,11640,5050,11645,4842,11635,3450,11630,2738
2020-06-02 10:18:29.260000,11699.92,11640,3450,11645,4842,11635,3450,11630,6071
2020-06-02 10:18:29.620000,11699.92,11645,4842,11650,8555,11635,3450,11630,6071
2020-06-02 10:18:32.730000,11699.92,11645,4842,11650,8555,11635,3450,11630,6071
2020-06-02 10:18:32.980000,11699.92,11645,4842,11650,8555,11635,3450,11630,6071
2020-06-02 10:18:38.040000,11703.55,11645,4842,11650,6555,11635,3450,11630,6071
2020-06-02 10:18:43.760000,11703.55,11640,3450,11645,4842,11635,3450,11630,6071
2020-06-02 10:18:44.010000,11703.55,11640,5050,11645,4842,11635,3450,11630,6071
2020-06-02 10:18:46.740000,11702.65,11640,5050,11645,4842,11630,2738,11625,6842
2020-06-02 10:18:48.410000,11702.65,11635,3450,11640,5050,11630,2738,11625,6842
2020-06-02 10:18:48.830000,11702.65,11635,5050,11640,5050,11630,2738,11625,6842
2020-06-02 10:18:50.520000,11702.65,11635,3450,11640,5050,11630,2738,11625,6842
2020-06-02 10:18:50.780000,11702.65,11635,3450,11640,5050,11630,2738,11625,6842
2020-06-02 10:18:51.610000,11702.65,11640,5050,11645,4842,11630,2738,11625,6842
2020-06-02 10:18:55.780000,11702.61,11640,5050,11645,4842,11635,3450,11630,6071
2020-06-02 10:18:56.950000,11702.61,11640,5050,11645,4842,11635,3450,11630,6071
2020-06-02 10:19:00.670000,11702.61,11640,5050,11645,4842,11630,2738,11625,6842
2020-06-02 10:19:03.280000,11702.61,11640,5050,11645,4842,11630,2738,11625,6842
2020-06-02 10:19:04.510000,11702.61,11640,5050,11645,4842,11630,6071,11625,6842
2020-06-02 10:19:04.860000,11701.63,11640,5050,11645,4842,11635,3450,11630,6071
2020-06-02 10:19:06.420000,11701.63,11640,5050,11645,4842,11635,3450,11630,2738
2020-06-02 10:19:08.220000,11701.63,11640,5050,11645,4842,11630,2738,11625,6842
2020-06-02 10:19:09.450000,11701.63,11640,5050,11645,4842,11630,6071,11625,6842
2020-06-02 10:19:10.640000,11701.63,11640,5050,11645,4842,11635,3450,11630,6071
2020-06-02 10:19:11.000000,11701.63,11640,5050,11645,4842,11635,3450,11630,2738
2020-06-02 10:19:11.510000,11701.63,11640,5050,11645,4842,11630,6071,11625,6842
2020-06-02 10:19:12.030000,11701.63,11640,5050,11645,4842,11630,2738,11625,6842
2020-06-02 10:19:12.420000,11701.63,11640,5050,11645,4842,11630,6071,11625,6842
2020-06-02 10:19:13.140000,11701.63,11640,5050,11645,4842,11635,3450,11630,6071
2020-06-02 10:19:15.280000,11701.7,11640,5050,11645,4842,11635,3450,11630,6071
2020-06-02 10:19:16.960000,11701.7,11640,5050,11645,4842,11635,3450,11630,2738
2020-06-02 10:19:18.340000,11701.7,11640,5050,11645,4842,11635,3450,11630,6071
2020-06-02 10:19:18.850000,11701.7,11640,5050,11645,4842,11635,3450,11630,2738
2020-06-02 10:19:19.260000,11701.7,11640,5050,11645,4842,11630,2738,11625,6842
2020-06-02 10:19:20.820000,11701.7,11640,5050,11645,4842,11635,3450,11630,6071
2020-06-02 10:19:26.270000,11699.35,11640,3450,11645,4842,11635,3450,11630,6071
2020-06-02 10:19:26.620000,11699.35,11645,4842,11650,6555,11635,3450,11630,6071
2020-06-02 10:19:29.900000,11699.35,11645,4842,11650,8555,11635,3450,11630,6071
2020-06-02 10:19:34.040000,11699.35,11645,4842,11650,8555,11635,3450,11630,6071
2020-06-02 10:19:34.210000,11699.35,11645,4842,11650,6555,11635,3450,11630,6071
2020-06-02 10:19:38.750000,11704.24,11645,3242,11650,6555,11640,2874,11635,6783
2020-06-02 10:19:39.220000,11704.24,11645,4842,11650,6555,11640,2874,11635,3450
2020-06-02 10:19:40.360000,11704.24,11645,4842,11650,6555,11635,3450,11630,6116
2020-06-02 10:19:50.060000,11703.69,11640,3450,11645,4842,11635,3450,11630,6116
2020-06-02 10:19:50.770000,11703.69,11640,5050,11645,4842,11635,3450,11630,6116
2020-06-02 10:19:51.190000,11703.69,11640,3450,11645,4842,11635,3450,11630,6116
2020-06-02 10:19:51.780000,11703.69,11640,3450,11645,4842,11635,3450,11630,6116
2020-06-02 10:19:52.330000,11703.69,11645,4842,11650,6555,11635,3450,11630,6116
2020-06-02 10:19:52.840000,11703.69,11640,3450,11645,4842,11635,3450,11630,6116
2020-06-02 10:19:53.340000,11703.69,11640,3450,11645,4842,11635,3450,11630,6116
2020-06-02 10:19:54.120000,11703.69,11645,4842,11650,6555,11635,3450,11630,6116
2020-06-02 10:19:56.310000,11703.35,11645,4842,11650,8555,11635,3450,11630,6116
2020-06-02 10:19:57.080000,11703.35,11645,4842,11650,6555,11635,3450,11630,6116
2020-06-02 10:19:57.250000,11703.35,11645,4842,11650,8555,11635,3450,11630,6116
2020-06-02 10:19:58.290000,11703.35,11640,3450,11645,4842,11635,3450,11630,6116
2020-06-02 10:19:58.510000,11703.35,11640,4950,11645,4842,11635,3450,11630,6116
2020-06-02 10:19:59.700000,11703.35,11640,4950,11645,4842,11630,2783,11625,6842
2020-06-02 10:20:02.310000,11703.35,11635,3450,11640,4950,11630,2783,11625,6842
2020-06-02 10:20:02.710000,11703.35,11635,5050,11640,4950,11630,2783,11625,6842
2020-06-02 10:20:04.150000,11703.35,11635,1600,11640,4950,11630,2783,11625,6842
2020-06-02 10:20:04.900000,11700.46,11640,4950,11645,4842,11630,2783,11625,6842
2020-06-02 10:20:07.480000,11700.46,11640,4950,11645,6842,11630,2783,11625,6842
2020-06-02 10:20:07.640000,11700.46,11640,4950,11645,4842,11630,2783,11625,6842
2020-06-02 10:20:09.510000,11700.46,11640,4950,11645,6842,11630,2783,11625,6842
2020-06-02 10:20:16.490000,11698.3,11640,4950,11645,4842,11630,2783,11625,6842
2020-06-02 10:20:16.630000,11698.3,11640,4950,11645,4842,11630,6116,11625,6842
2020-06-02 10:20:16.930000,11698.3,11640,3450,11645,4842,11635,3450,11630,6116
2020-06-02 10:20:17.320000,11698.3,11645,4842,11650,8555,11635,3450,11630,6116
2020-06-02 10:20:18.040000,11698.3,11645,4842,11650,6555,11635,3450,11630,6116
2020-06-02 10:20:23.860000,11698.3,11645,4842,11650,8555,11635,3450,11630,6116
2020-06-02 10:20:24.260000,11700.16,11645,4842,11650,6555,11635,3450,11630,6116
2020-06-02 10:20:29.080000,11700.16,11645,4842,11650,8555,11635,3450,11630,6116
2020-06-02 10:20:31.270000,11700.16,11645,4842,11650,6555,11635,3450,11630,6116
2020-06-02 10:20:32.210000,11700.16,11645,4842,11650,8555,11635,3450,11630,6116
2020-06-02 10:20:34.310000,11700.16,11640,3450,11645,4842,11635,3450,11630,6116
2020-06-02 10:20:34.500000,11700.16,11640,5050,11645,4842,11635,3450,11630,6116
2020-06-02 10:20:35.420000,11699.18,11640,3450,11645,4842,11635,3450,11630,6116
2020-06-02 10:20:36.520000,11699.18,11645,4842,11650,8555,11635,3450,11630,6116
2020-06-02 10:20:36.720000,11699.18,11640,3450,11645,4842,11635,3450,11630,6116
2020-06-02 10:20:37.130000,11699.18,11640,5050,11645,4842,11630,2783,11625,6842
2020-06-02 10:20:38.220000,11699.18,11640,5050,11645,4842,11630,2738,11625,6887
2020-06-02 10:20:43.840000,11699.18,11635,3450,11640,5050,11630,2738,11625,6887
2020-06-02 10:20:44.220000,11699.18,11635,3450,11640,5050,11630,2738,11625,6887
2020-06-02 10:20:44.830000,11701.39,11635,5050,11640,5050,11630,2738,11625,6887
2020-06-02 10:20:45.310000,11701.39,11635,3850,11640,5050,11630,2738,11625,6887
2020-06-02 10:20:45.750000,11701.39,11635,5050,11640,5050,11630,2738,11625,6887
2020-06-02 10:20:46.970000,11701.39,11635,5050,11640,5050,11625,6887,11620,6423
2020-06-02 10:20:49.560000,11701.39,11635,5050,11640,5050,11625,3554,11620,6423
2020-06-02 10:20:51.140000,11701.39,11635,5050,11640,7050,11625,3554,11620,6423
2020-06-02 10:20:51.310000,11701.39,11630,3425,11635,5050,11625,3554,11620,6423
2020-06-02 10:20:52.200000,11701.39,11630,4925,11635,5050,11625,3554,11620,6423
2020-06-02 10:20:52.620000,11701.39,11635,5050,11640,7050,11625,3554,11620,6423
2020-06-02 10:20:53.170000,11701.39,11635,5050,11640,7050,11625,3554,11620,6423
2020-06-02 10:20:53.670000,11701.39,11635,5050,11640,5050,11625,3554,11620,6423
2020-06-02 10:20:54.030000,11701.39,11635,5050,11640,5050,11625,3554,11620,6423
2020-06-02 10:20:56.100000,11698.49,11635,5050,11640,7050,11625,3554,11620,6423
2020-06-02 10:20:56.850000,11698.49,11635,5050,11640,5050,11625,3554,11620,6423
2020-06-02 10:20:57.200000,11698.49,11635,5050,11640,5050,11625,6887,11620,6423
2020-06-02 10:20:57.420000,11698.49,11635,5050,11640,5050,11625,3554,11620,6423
2020-06-02 10:21:01.590000,11698.49,11635,5050,11640,5050,11630,2738,11625,6887
2020-06-02 10:21:02.620000,11698.49,11635,4450,11640,5050,11630,2738,11625,6887
2020-06-02 10:21:03.060000,11698.49,11635,5050,11640,5050,11630,2738,11625,6887
2020-06-02 10:21:07.540000,11698.36,11635,5050,11640,5050,11630,2738,11625,6887
2020-06-02 10:21:08.460000,11698.36,11635,4950,11640,5050,11630,2738,11625,6887
2020-06-02 10:21:08.690000,11698.36,11635,4450,11640,5050,11630,2738,11625,6887
2020-06-02 10:21:08.900000,11698.36,11635,3450,11640,5050,11630,2738,11625,6887
2020-06-02 10:21:09.990000,11698.36,11635,5050,11640,5050,11630,2738,11625,6887
2020-06-02 10:21:21.830000,11699.53,11635,5050,11640,5050,11625,3554,11620,6423
2020-06-02 10:21:28.130000,11697.76,11635,5050,11640,5050,11625,3554,11620,6423
2020-06-02 10:21:28.890000,11697.76,11635,5050,11640,7050,11625,3554,11620,6423
2020-06-02 10:21:30.000000,11697.76,11635,5050,11640,5050,11625,3554,11620,6423
2020-06-02 10:21:31.860000,11697.76,11635,5050,11640,7050,11625,3554,11620,6423
2020-06-02 10:21:38.260000,11694.78,11635,5050,11640,7050,11625,3554,11620,6423
2020-06-02 10:21:39.560000,11694.78,11635,5005,11640,7050,11625,3509,11620,6423
2020-06-02 10:21:41.560000,11694.78,11635,5005,11640,7050,11625,3509,11620,6423
2020-06-02 10:21:44.120000,11694.78,11635,5005,11640,5050,11625,3509,11620,6423
2020-06-02 10:21:47.620000,11694.45,11635,5005,11640,7050,11625,3509,11620,6423
2020-06-02 10:21:52.680000,11694.45,11630,3425,11635,5005,11625,59,11620,6423
2020-06-02 10:21:53.430000,11694.45,11630,5025,11635,5005,11625,59,11620,3090
2020-06-02 10:21:55.820000,11692.97,11630,5025,11635,5005,11625,59,11620,6423
2020-06-02 10:21:57.550000,11692.97,11630,5025,11635,5005,11625,59,11620,3090
2020-06-02 10:21:58.680000,11692.97,11630,5025,11635,5005,11625,5,11620,3090
2020-06-02 10:22:00.720000,11692.97,11630,5025,11635,7010,11620,3090,11615,6217
2020-06-02 10:22:00.830000,11692.97,11625,3450,11630,5025,11620,3090,11615,6217
2020-06-02 10:22:01.850000,11692.97,11630,5025,11635,5010,11620,3090,11615,6217
2020-06-02 10:22:04.080000,11692.97,11630,3425,11635,5010,11620,3090,11615,6217
2020-06-02 10:22:05.020000,11692.97,11630,5025,11635,5010,11620,3090,11615,6217
2020-06-02 10:22:06.390000,11694.89,11630,5025,11635,5010,11620,3090,11615,6217
2020-06-02 10:22:08.600000,11694.89,11630,5025,11635,5010,11620,6423,11615,6217
2020-06-02 10:22:09.080000,11694.89,11630,5025,11635,5010,11625,3450,11620,6423
2020-06-02 10:22:09.520000,11694.89,11630,3425,11635,5010,11625,3450,11620,6423
2020-06-02 10:22:10.780000,11694.89,11635,5010,11640,7050,11625,3450,11620,6423
2020-06-02 10:22:11.030000,11694.89,11635,5010,11640,7050,11625,3450,11620,6423
2020-06-02 10:22:12.860000,11694.89,11635,5010,11640,5050,11625,3450,11620,6423
2020-06-02 10:22:13.860000,11694.89,11635,5010,11640,7050,11625,3450,11620,6423
2020-06-02 10:22:14.050000,11694.89,11630,3425,11635,5010,11625,3450,11620,6423
2020-06-02 10:22:14.880000,11694.89,11630,4125,11635,5010,11625,3450,11620,6423
2020-06-02 10:22:14.990000,11695.49,11630,5025,11635,5010,11625,3450,11620,6423
2020-06-02 10:22:16.030000,11695.49,11630,5025,11635,5010,11620,6423,11615,6217
2020-06-02 10:22:17.060000,11695.49,11630,5025,11635,5010,11620,3090,11615,6217
2020-06-02 10:22:30.710000,11695.02,11630,3425,11635,5010,11625,3450,11620,6423
2020-06-02 10:22:30.890000,11695.02,11630,1600,11635,5010,11625,3450,11620,6423
2020-06-02 10:22:31.150000,11695.02,11630,5025,11635,5010,11625,3450,11620,6423
2020-06-02 10:22:31.530000,11695.02,11630,5025,11635,5010,11620,6423,11615,6217
2020-06-02 10:22:32.290000,11695.02,11630,5025,11635,5010,11620,3090,11615,6217
2020-06-02 10:22:34.900000,11695.02,11630,5025,11635,5010,11620,6423,11615,6217
2020-06-02 10:22:35.560000,11696.57,11630,5025,11635,5010,11620,3090,11615,6217
2020-06-02 10:22:37.730000,11696.57,11630,5025,11635,5010,11620,6423,11615,6217
2020-06-02 10:22:41.770000,11696.57,11630,5025,11635,5010,11625,3450,11620,6423
2020-06-02 10:22:41.980000,11696.57,11630,5025,11635,5010,11620,6423,11615,6217
2020-06-02 10:22:42.930000,11696.57,11630,5025,11635,5010,11620,3090,11615,6217
2020-06-02 10:22:45.020000,11695.25,11630,5025,11635,5010,11620,6423,11615,6217
2020-06-02 10:22:45.370000,11695.25,11630,5025,11635,5010,11625,3450,11620,6423
2020-06-02 10:22:46.710000,11695.25,11630,1600,11635,5010,11625,3450,11620,6423
2020-06-02 10:22:47.210000,11695.25,11630,5025,11635,5010,11625,3450,11620,6423
2020-06-02 10:22:47.520000,11695.25,11630,5025,11635,5010,11620,3090,11615,6217
2020-06-02 10:22:49.820000,11695.25,11630,5025,11635,5010,11625,3450,11620,6423
2020-06-02 10:22:50.110000,11695.25,11630,1600,11635,5010,11625,3450,11620,6423
2020-06-02 10:22:50.520000,11695.25,11635,5010,11640,7050,11625,3450,11620,6423
2020-06-02 10:22:53.520000,11695.25,11630,3425,11635,5010,11625,3450,11620,6423
2020-06-02 10:22:54.390000,11695.25,11630,5025,11635,5010,11620,3090,11615,6217
2020-06-02 10:22:54.800000,11696.6,11630,5025,11635,5010,11620,6423,11615,6217
2020-06-02 10:22:56.460000,11696.6,11630,5025,11635,5010,11620,3090,11615,6217
2020-06-02 10:22:57.220000,11696.6,11630,5025,11635,5010,11620,6423,11615,6217
2020-06-02 10:22:59.270000,11696.6,11630,5025,11635,5010,11620,3090,11615,6217
2020-06-02 10:23:02.690000,11696.6,11630,5025,11635,7010,11620,3090,11615,6217
2020-06-02 10:23:02.890000,11696.6,11630,5025,11635,7010,11620,3090,11615,6217
2020-06-02 10:23:03.780000,11696.6,11625,3450,11630,5025,11620,3090,11615,6217
2020-06-02 10:23:05.300000,11693.78,11630,5025,11635,5010,11620,3090,11615,6217
2020-06-02 10:23:06.660000,11693.78,11630,5025,11635,7010,11620,3090,11615,6217
2020-06-02 10:23:06.980000,11693.78,11630,5025,11635,7010,11620,3090,11615,6217
2020-06-02 10:23:09.690000,11693.78,11630,5025,11635,5010,11620,3090,11615,6217
2020-06-02 10:23:10.590000,11693.78,11630,5025,11635,7010,11620,3090,11615,6217
2020-06-02 10:23:10.720000,11693.78,11625,3450,11630,5025,11620,3090,11615,6217
2020-06-02 10:23:11.620000,11693.78,11625,3450,11630,5025,11620,3090,11615,6217
2020-06-02 10:23:12.000000,11693.78,11625,5050,11630,5025,11620,30,11615,6217
2020-06-02 10:23:12.540000,11693.78,11625,5050,11630,5025,11620,30,11615,6217
2020-06-02 10:23:13.030000,11693.78,11625,5050,11630,5025,11620,3090,11615,6217
2020-06-02 10:23:14.220000,11693.78,11625,3450,11630,5025,11620,3090,11615,6217
2020-06-02 10:23:14.290000,11693.78,11625,4250,11630,5025,11620,3090,11615,6217
2020-06-02 10:23:14.470000,11693.78,11625,4950,11630,5025,11620,3090,11615,6217
2020-06-02 10:23:16.530000,11693.95,11625,3450,11630,5025,11620,3090,11615,6217
2020-06-02 10:23:16.730000,11693.95,11625,3450,11630,5025,11620,3090,11615,6217
2020-06-02 10:23:17.810000,11693.95,11630,5025,11635,5010,11620,3090,11615,6217
2020-06-02 10:23:17.950000,11693.95,11630,5025,11635,7010,11620,3090,11615,6217
2020-06-02 10:23:20.090000,11693.95,11630,5025,11635,7010,11620,3090,11615,6217
2020-06-02 10:23:22.200000,11693.95,11625,3450,11630,5025,11620,3090,11615,6217
2020-06-02 10:23:23.210000,11693.95,11625,5050,11630,5025,11620,3090,11615,6217
2020-06-02 10:23:23.390000,11693.95,11625,3450,11630,5025,11620,3090,11615,6217
2020-06-02 10:23:24.280000,11693.95,11625,3450,11630,5025,11620,3090,11615,6217
2020-06-02 10:23:25.510000,11694.15,11625,3450,11630,5025,11620,3090,11615,6217
2020-06-02 10:23:25.760000,11694.15,11625,5050,11630,5025,11620,3090,11615,6217
2020-06-02 10:23:26.680000,11694.15,11625,3450,11630,5025,11620,3090,11615,6217
2020-06-02 10:23:29.930000,11694.15,11625,3450,11630,5025,11620,3090,11615,6217
2020-06-02 10:23:31.370000,11694.15,11625,3450,11630,5025,11620,3090,11615,6217
2020-06-02 10:23:32.480000,11694.15,11625,5050,11630,5025,11620,3090,11615,6217
2020-06-02 10:23:33.150000,11694.15,11625,3450,11630,5025,11620,3090,11615,6217
2020-06-02 10:23:34.690000,11694.44,11625,3450,11630,5025,11620,3090,11615,6217
2020-06-02 10:23:35.010000,11694.44,11630,5025,11635,5010,11620,3090,11615,6217
2020-06-02 10:23:35.410000,11694.44,11630,5025,11635,5010,11620,6423,11615,6217
2020-06-02 10:23:38.220000,11694.44,11630,3425,11635,5010,11625,3450,11620,6423
2020-06-02 10:23:39.050000,11694.44,11630,3174,11635,5010,11625,3450,11620,6423
2020-06-02 10:23:39.300000,11694.44,11630,3022,11635,5010,11625,3450,11620,6423
2020-06-02 10:23:40.070000,11694.44,11630,4622,11635,5010,11625,3450,11620,6423
2020-06-02 10:23:41.240000,11694.44,11630,3022,11635,5010,11625,3450,11620,6423
2020-06-02 10:23:41.580000,11694.44,11630,4622,11635,5010,11625,3450,11620,6423
2020-06-02 10:23:42.820000,11694.44,11630,3022,11635,5010,11625,3450,11620,6423
2020-06-02 10:23:43.710000,11694.44,11630,3022,11635,5010,11625,3450,11620,6423
2020-06-02 10:23:43.780000,11694.44,11630,3022,11635,5010,11625,3450,11620,6423
2020-06-02 10:23:45.780000,11697.5,11635,5010,11640,5050,11625,3450,11620,6423
2020-06-02 10:23:46.020000,11697.5,11635,5010,11640,5050,11625,6783,11620,6423
2020-06-02 10:23:47.890000,11697.5,11635,5010,11640,5050,11625,3450,11620,6423
2020-06-02 10:23:48.770000,11697.5,11635,5010,11640,7050,11625,3450,11620,6423
2020-06-02 10:23:49.470000,11697.5,11635,5010,11640,7050,11625,3450,11620,6423
2020-06-02 10:23:50.530000,11697.5,11635,5010,11640,5050,11625,3450,11620,6423
2020-06-02 10:23:51.060000,11697.5,11630,3022,11635,5010,11625,3450,11620,6423
2020-06-02 10:23:52.160000,11697.5,11630,4622,11635,5010,11625,3450,11620,6423
2020-06-02 10:23:52.390000,11697.5,11630,4622,11635,5010,11620,6423,11615,6217
2020-06-02 10:23:56.750000,11696.02,11630,4622,11635,5010,11625,3450,11620,6423
2020-06-02 10:24:03.180000,11696.02,11630,4622,11635,5010,11620,6423,11615,6217
2020-06-02 10:24:03.540000,11696.02,11630,4622,11635,5010,11620,3090,11615,6217
2020-06-02 10:24:04.450000,11696.02,11630,4622,11635,5010,11620,3090,11615,6217
2020-06-02 10:24:05.230000,11694.06,11625,3450,11630,4622,11620,3090,11615,6217
2020-06-02 10:24:05.480000,11694.06,11625,3450,11630,4622,11620,3090,11615,6217
2020-06-02 10:24:06.720000,11694.06,11625,3450,11630,4622,11620,3090,11615,6217
2020-06-02 10:24:07.750000,11694.06,11625,3450,11630,4622,11620,3090,11615,6217
2020-06-02 10:24:08.040000,11694.06,11625,3450,11630,4622,11620,3090,11615,6217
2020-06-02 10:24:08.980000,11694.06,11630,4622,11635,5010,11620,3090,11615,6217
2020-06-02 10:24:10.260000,11694.06,11630,4622,11635,5010,11620,6423,11615,6217
2020-06-02 10:24:10.730000,11694.06,11630,4622,11635,5010,11620,3090,11615,6217
2020-06-02 10:24:11.850000,11694.06,11625,3450,11630,4676,11620,3090,11615,6217
2020-06-02 10:24:12.420000,11694.06,11625,3550,11630,4676,11620,3090,11615,6217
2020-06-02 10:24:12.890000,11694.06,11625,3450,11630,4676,11620,3090,11615,6217
2020-06-02 10:24:14.150000,11694.06,11630,4676,11635,5010,11620,3090,11615,6217
2020-06-02 10:24:14.490000,11694.06,11630,4676,11635,5010,11620,3090,11615,6217
2020-06-02 10:24:15.270000,11695.3,11630,4676,11635,7010,11620,3090,11615,6217
2020-06-02 10:24:15.620000,11695.3,11625,3450,11630,4676,11620,3090,11615,6217
2020-06-02 10:24:17.770000,11695.3,11630,4676,11635,5010,11620,3090,11615,6217
2020-06-02 10:24:19.070000,11695.3,11630,4676,11635,5010,11620,6423,11615,6217
2020-06-02 10:24:19.960000,11695.3,11630,4676,11635,5010,11620,3090,11615,6217
2020-06-02 10:24:22.510000,11695.3,11630,4676,11635,5010,11620,6423,11615,6217
2020-06-02 10:24:22.730000,11695.3,11630,4676,11635,5010,11625,3450,11620,6423
2020-06-02 10:24:23.600000,11695.3,11630,4676,11635,5010,11620,3090,11615,6217
2020-06-02 10:24:23.820000,11695.3,11630,4676,11635,5010,11625,3450,11620,6423
2020-06-02 10:24:24.050000,11695.3,11630,4576,11635,5010,11625,3450,11620,6423
2020-06-02 10:24:25.150000,11695.3,11630,3076,11635,5010,11625,3450,11620,6423
2020-06-02 10:24:25.710000,11693.31,11630,54,11635,5010,11625,3450,11620,6423
2020-06-02 10:24:27.430000,11693.31,11630,354,11635,5010,11625,3450,11620,6423
2020-06-02 10:24:27.680000,11693.31,11630,54,11635,5010,11625,3450,11620,6423
2020-06-02 10:24:29.750000,11693.31,11635,5010,11640,5050,11625,3450,11620,6423
2020-06-02 10:24:30.180000,11693.31,11635,5010,11640,5050,11625,3650,11620,6423
2020-06-02 10:24:33.830000,11693.31,11635,5010,11640,5050,11625,3650,11620,6423
2020-06-02 10:24:37.780000,11696.15,11630,3022,11635,5010,11625,3450,11620,6423
2020-06-02 10:24:38.000000,11696.15,11630,4622,11635,5010,11625,3450,11620,6423
2020-06-02 10:24:38.970000,11696.15,11630,4622,11635,5010,11620,6423,11615,6217
2020-06-02 10:24:39.690000,11696.15,11630,4622,11635,5010,11620,3090,11615,6217
2020-06-02 10:24:43.750000,11696.15,11625,3450,11630,4622,11620,3090,11615,6217
2020-06-02 10:24:44.800000,11694.83,11625,3450,11630,4622,11620,3090,11615,6217
2020-06-02 10:24:45.120000,11694.83,11625,3450,11630,4622,11620,3090,11615,6217
2020-06-02 10:24:45.560000,11694.83,11625,3450,11630,4622,11620,3090,11615,6217
2020-06-02 10:24:45.720000,11694.83,11625,3450,11630,4622,11620,3090,11615,6217
2020-06-02 10:24:46.230000,11694.83,11625,3450,11630,4622,11620,3090,11615,6217
2020-06-02 10:24:46.720000,11694.83,11630,4622,11635,5010,11620,3090,11615,6217
2020-06-02 10:24:50.330000,11694.83,11630,4622,11635,5010,11620,6423,11615,6217
2020-06-02 10:24:50.810000,11694.83,11630,3022,11635,5010,11625,3450,11620,6423
2020-06-02 10:24:51.250000,11694.83,11630,4622,11635,7010,11620,3090,11615,6217
2020-06-02 10:24:51.950000,11694.83,11630,4622,11635,5010,11620,3090,11615,6217
2020-06-02 10:24:54.360000,11694.83,11630,4622,11635,5010,11620,6423,11615,6217
2020-06-02 10:24:55.150000,11696.73,11630,4622,11635,5010,11625,3450,11620,6423
2020-06-02 10:24:56.860000,11696.73,11630,4622,11635,5010,11625,3450,11620,3090
2020-06-02 10:24:57.780000,11696.73,11630,4622,11635,5010,11620,3090,11615,6217
2020-06-02 10:25:00.120000,11696.73,11625,3450,11630,4622,11620,3090,11615,6217
2020-06-02 10:25:01.820000,11696.73,11625,3450,11630,4622,11620,3090,11615,6217
2020-06-02 10:25:01.920000,11696.73,11625,4450,11630,4622,11620,3090,11615,6217
2020-06-02 10:25:02.320000,11696.73,11625,3450,11630,4622,11620,3090,11615,6217
2020-06-02 10:25:02.760000,11696.73,11625,5050,11630,4622,11620,3090,11615,6217
2020-06-02 10:25:03.560000,11696.73,11625,5050,11630,4622,11620,30,11615,6217
2020-06-02 10:25:04.010000,11696.73,11625,5050,11630,4622,11620,30,11615,2884
2020-06-02 10:25:05.020000,11696.73,11625,5050,11630,4622,11620,30,11615,2884
2020-06-02 10:25:05.320000,11695.15,11625,5055,11630,4622,11620,30,11615,2884
2020-06-02 10:25:08.300000,11695.15,11625,5055,11630,4622,11615,2884,11610,6793
2020-06-02 10:25:08.480000,11695.15,11625,5055,11630,4622,11615,2884,11610,6793
2020-06-02 10:25:08.840000,11695.15,11620,3242,11625,5055,11615,2884,11610,6793
2020-06-02 10:25:09.020000,11695.15,11620,4842,11625,5055,11615,2884,11610,6793
2020-06-02 10:25:09.990000,11695.15,11620,3242,11625,5055,11615,2884,11610,6793
2020-06-02 10:25:10.800000,11695.15,11620,3242,11625,5055,11615,2884,11610,6793
2020-06-02 10:25:11.930000,11695.15,11620,3542,11625,5055,11615,2884,11610,6793
2020-06-02 10:25:12.290000,11695.15,11620,3242,11625,5055,11615,2884,11610,6793
2020-06-02 10:25:12.990000,11695.15,11620,3242,11625,5055,11615,2884,11610,6793
2020-06-02 10:25:13.620000,11695.15,11620,3242,11625,5055,11615,2884,11610,6793
2020-06-02 10:25:15.150000,11695.15,11620,4842,11625,5055,11615,2884,11610,6793
2020-06-02 10:25:15.610000,11692.14,11620,3242,11625,5055,11615,2884,11610,6793
2020-06-02 10:25:16.080000,11692.14,11620,4842,11625,5055,11615,2884,11610,6793
2020-06-02 10:25:19.820000,11692.14,11620,4842,11625,5055,11615,2884,11610,6793
2020-06-02 10:25:20.050000,11692.14,11620,4742,11625,5055,11615,2884,11610,6793
2020-06-02 10:25:20.770000,11692.14,11620,4742,11625,5055,11615,10,11610,3460
2020-06-02 10:25:21.880000,11692.14,11620,4742,11625,5055,11615,10,11610,6793
2020-06-02 10:25:23.940000,11692.14,11620,3242,11625,5055,11615,2884,11610,6793
2020-06-02 10:25:25.030000,11691.13,11620,3242,11625,5055,11615,2884,11610,6793
2020-06-02 10:25:25.360000,11691.13,11620,3242,11625,5055,11615,2884,11610,6793
2020-06-02 10:25:25.850000,11691.13,11620,3242,11625,5055,11615,2884,11610,6793
2020-06-02 10:25:26.610000,11691.13,11620,3642,11625,5055,11615,2884,11610,6793
2020-06-02 10:25:27.550000,11691.13,11620,3242,11625,5055,11615,2884,11610,6793
2020-06-02 10:25:27.720000,11691.13,11620,3242,11625,5055,11615,2884,11610,6793
2020-06-02 10:25:27.860000,11691.13,11620,3242,11625,5055,11615,2884,11610,6793
2020-06-02 10:25:28.050000,11691.13,11620,4842,11625,5055,11615,2884,11610,6793
2020-06-02 10:25:31.420000,11691.13,11620,3242,11625,5055,11615,2884,11610,6793
2020-06-02 10:25:31.720000,11691.13,11620,4842,11625,5055,11615,2884,11610,6793
2020-06-02 10:25:32.050000,11691.13,11620,4842,11625,5055,11615,10,11610,6793
2020-06-02 10:25:32.890000,11691.13,11620,4842,11625,5055,11615,10,11610,3460
2020-06-02 10:25:34.470000,11689.83,11620,4842,11625,5055,11610,3460,11605,6081
2020-06-02 10:25:37.560000,11689.83,11620,4842,11625,5055,11610,3460,11605,6081
2020-06-02 10:25:41.280000,11689.83,11615,3450,11620,4842,11610,3460,11605,6081
2020-06-02 10:25:42.310000,11689.83,11615,3450,11620,4842,11610,3460,11605,6081
2020-06-02 10:25:42.860000,11689.83,11615,5050,11620,4842,11610,10,11605,6081
2020-06-02 10:25:43.180000,11689.83,11615,5050,11620,4842,11610,10,11605,2748
2020-06-02 10:25:44.140000,11689.83,11610,3395,11615,5050,11605,2748,11600,6784
2020-06-02 10:25:44.980000,11689.83,11610,4394,11615,5050,11605,10,11600,6784
2020-06-02 10:25:45.140000,11688.54,11610,4894,11615,5050,11605,2748,11600,6784
2020-06-02 10:25:45.310000,11688.54,11610,3394,11615,5050,11605,10,11600,6784
2020-06-02 10:25:45.810000,11688.54,11610,3394,11615,5050,11605,2748,11600,6784
2020-06-02 10:25:46.600000,11688.54,11610,4094,11615,5050,11605,2748,11600,6784
2020-06-02 10:25:46.740000,11688.54,11610,3394,11615,5050,11605,2748,11600,6784
2020-06-02 10:25:47.090000,11688.54,11610,3994,11615,5050,11605,2748,11600,6784
2020-06-02 10:25:47.320000,11688.54,11610,4294,11615,5050,11605,2748,11600,6784
2020-06-02 10:25:47.590000,11688.54,11610,3994,11615,5050,11605,2748,11600,6784
2020-06-02 10:25:48.150000,11688.54,11610,4894,11615,5050,11605,10,11600,6784
2020-06-02 10:25:48.240000,11688.54,11610,4894,11615,5050,11605,10,11600,6784
2020-06-02 10:25:50.320000,11688.54,11610,4011,11615,5050,11605,10,11600,6784
2020-06-02 10:25:50.590000,11688.54,11610,4011,11615,5050,11605,10,11600,6784
2020-06-02 10:25:53.350000,11688.54,11610,3111,11615,5050,11605,2748,11600,6784
2020-06-02 10:25:53.520000,11688.54,11610,2511,11615,5050,11605,2748,11600,6784
2020-06-02 10:25:54.210000,11688.54,11610,4950,11615,5050,11605,2748,11600,6784
2020-06-02 10:25:54.880000,11685.21,11610,3450,11615,5050,11605,2748,11600,6784
2020-06-02 10:25:55.940000,11685.21,11610,4950,11615,5050,11605,2748,11600,6784
2020-06-02 10:25:56.300000,11685.21,11615,5050,11620,4842,11605,2748,11600,6784
2020-06-02 10:25:56.480000,11685.21,11615,5050,11620,6842,11605,2748,11600,6784
2020-06-02 10:25:56.690000,11685.21,11610,3450,11615,5050,11605,2748,11600,6784
2020-06-02 10:25:56.980000,11685.21,11610,4950,11615,5050,11605,2748,11600,6784
2020-06-02 10:25:57.430000,11685.21,11610,4950,11615,5050,11605,10,11600,6784
2020-06-02 10:25:57.830000,11685.21,11610,4950,11615,5050,11605,10,11600,3451
2020-06-02 10:25:58.940000,11685.21,11610,4950,11615,5050,11605,10,11600,6784
2020-06-02 10:25:59.160000,11685.21,11610,4950,11615,5050,11605,10,11600,3451
2020-06-02 10:26:02.540000,11685.21,11610,4950,11615,5050,11605,10,11600,6784
2020-06-02 10:26:02.780000,11685.21,11610,4950,11615,5050,11605,10,11600,3451
2020-06-02 10:26:02.930000,11685.21,11610,4950,11615,5050,11605,10,11600,3451
2020-06-02 10:26:05.760000,11685.61,11610,4950,11615,5050,11605,10,11600,3451
2020-06-02 10:26:06.070000,11685.61,11610,4950,11615,5050,11605,10,11600,6784
2020-06-02 10:26:07.290000,11685.61,11610,3460,11615,5050,11605,2748,11600,6784
2020-06-02 10:26:07.420000,11685.61,11610,3460,11615,5050,11605,2748,11600,6784
2020-06-02 10:26:08.150000,11685.61,11610,3860,11615,5050,11605,2748,11600,6784
2020-06-02 10:26:08.340000,11685.61,11610,4660,11615,5050,11605,2748,11600,6784
2020-06-02 10:26:08.510000,11685.61,11610,4860,11615,5050,11605,2748,11600,6784
2020-06-02 10:26:08.650000,11685.61,11610,4660,11615,5050,11605,2748,11600,6784
2020-06-02 10:26:09.030000,11685.61,11610,3460,11615,5050,11605,2748,11600,6784
2020-06-02 10:26:09.710000,11685.61,11610,4160,11615,5050,11605,2748,11600,6784
2020-06-02 10:26:09.980000,11685.61,11610,3460,11615,5050,11605,2748,11600,6784
2020-06-02 10:26:11.230000,11685.61,11610,4860,11615,5050,11605,2748,11600,6784
2020-06-02 10:26:11.680000,11685.61,11610,4860,11615,5050,11605,10,11600,6784
2020-06-02 10:26:12.380000,11685.61,11610,4860,11615,5050,11605,10,11600,6784
2020-06-02 10:26:12.570000,11685.61,11610,3460,11615,5050,11605,2748,11600,6784
2020-06-02 10:26:13.510000,11685.61,11610,10,11615,5050,11605,2748,11600,6784
2020-06-02 10:26:13.920000,11685.61,11610,10,11615,5050,11605,2748,11600,6784
2020-06-02 10:26:23.490000,11682.59,11610,610,11615,5050,11605,2748,11600,6784
2020-06-02 10:26:23.600000,11682.59,11610,10,11615,5050,11605,2748,11600,6784
2020-06-02 10:26:24.460000,11682.59,11610,3460,11615,5050,11605,2748,11600,6784
2020-06-02 10:26:26.990000,11681.53,11610,3460,11615,5050,11605,2748,11600,6784
2020-06-02 10:26:27.600000,11681.53,11610,3460,11615,5050,11605,2748,11600,6784
2020-06-02 10:26:28.710000,11681.53,11610,3450,11615,5050,11605,2748,11600,6784
2020-06-02 10:26:28.910000,11681.53,11610,3450,11615,5050,11605,2748,11600,6784
2020-06-02 10:26:29.690000,11681.53,11615,5050,11620,4842,11605,2748,11600,6784
2020-06-02 10:26:33.110000,11681.53,11610,3450,11615,5050,11605,2748,11600,6784
2020-06-02 10:26:33.920000,11681.53,11610,4550,11615,5050,11605,2748,11600,6784
2020-06-02 10:26:34.850000,11681.53,11610,3450,11615,5050,11605,2748,11600,6784
2020-06-02 10:26:35.080000,11681.26,11610,3450,11615,5050,11605,2748,11600,6784
2020-06-02 10:26:36.050000,11681.26,11610,3450,11615,5050,11605,2748,11600,6784
2020-06-02 10:26:36.910000,11681.26,11610,3450,11615,5050,11605,2748,11600,6784
2020-06-02 10:26:37.080000,11681.26,11610,3430,11615,5050,11605,2748,11600,6784
2020-06-02 10:26:37.220000,11681.26,11610,1500,11615,5050,11605,2748,11600,6784
2020-06-02 10:26:38.080000,11681.26,11610,4930,11615,5050,11605,10,11600,3451
2020-06-02 10:26:45.870000,11678.95,11610,4930,11615,7050,11605,10,11600,3451
2020-06-02 10:26:46.720000,11678.95,11610,4930,11615,7050,11605,516,11600,3451
2020-06-02 10:26:47.480000,11678.95,11610,4930,11615,7050,11605,253,11600,3451
2020-06-02 10:26:47.540000,11678.95,11610,4930,11615,7050,11605,181,11600,3451
2020-06-02 10:26:47.580000,11678.95,11610,4930,11615,7050,11605,92,11600,3451
2020-06-02 10:26:48.040000,11678.95,11605,3022,11610,4930,11600,3451,11595,6393
2020-06-02 10:26:49.060000,11678.95,11605,4422,11610,4930,11600,1,11595,6393
2020-06-02 10:26:50.150000,11678.95,11605,4422,11610,4930,11600,3451,11595,6393
2020-06-02 10:26:52.320000,11678.95,11605,3022,11610,4930,11600,3451,11595,6393
2020-06-02 10:26:52.530000,11678.95,11605,4422,11610,4930,11600,3451,11595,6393
2020-06-02 10:26:54.340000,11678.95,11605,4422,11610,4930,11600,1,11595,3060
2020-06-02 10:26:54.860000,11676.69,11605,4422,11610,4930,11600,3451,11595,6393
2020-06-02 10:26:55.730000,11676.69,11605,4422,11610,4930,11600,3451,11595,3060
2020-06-02 10:26:56.510000,11676.69,11605,4422,11610,4930,11600,1,11595,3060
2020-06-02 10:26:56.600000,11676.69,11605,4422,11610,4930,11600,3451,11595,6393
2020-06-02 10:26:57.060000,11676.69,11605,4422,11610,4930,11600,3451,11595,3060
2020-06-02 10:26:57.460000,11676.69,11605,4422,11610,4930,11600,1,11595,3060
2020-06-02 10:27:00.590000,11676.69,11605,4422,11610,4930,11600,1,11595,6393
2020-06-02 10:27:01.790000,11676.69,11605,4422,11610,4930,11600,1,11595,3060
2020-06-02 10:27:02.020000,11676.69,11605,4422,11610,6930,11595,3060,11590,6207
2020-06-02 10:27:02.820000,11676.69,11605,4422,11610,6930,11595,3060,11590,6207
2020-06-02 10:27:03.020000,11676.69,11600,3450,11605,4422,11595,3060,11590,6207
2020-06-02 10:27:05.350000,11674.87,11605,4422,11610,6930,11595,3060,11590,6207
2020-06-02 10:27:05.550000,11674.87,11605,4422,11610,4930,11595,3060,11590,6207
2020-06-02 10:27:08.730000,11674.87,11605,4422,11610,6930,11595,3060,11590,6207
2020-06-02 10:27:09.540000,11674.87,11600,3450,11605,4422,11595,3060,11590,6207
2020-06-02 10:27:10.850000,11674.87,11600,3450,11605,4422,11595,3060,11590,6207
2020-06-02 10:27:11.020000,11674.87,11600,4850,11605,4422,11590,2874,11585,6783
2020-06-02 10:27:11.380000,11674.87,11600,3967,11605,4422,11595,3060,11590,6207
2020-06-02 10:27:12.150000,11674.87,11600,2567,11605,4422,11595,3060,11590,6207
2020-06-02 10:27:12.970000,11674.87,11600,2867,11605,4422,11590,6207,11585,6783
2020-06-02 10:27:13.790000,11674.87,11600,3967,11605,4422,11590,6207,11585,6783
2020-06-02 10:27:15.070000,11671.75,11600,3967,11605,4422,11590,2874,11585,6783
2020-06-02 10:27:17.130000,11671.75,11600,3967,11605,6422,11590,2874,11585,6783
2020-06-02 10:27:18.440000,11671.75,11595,3242,11600,3967,11590,2874,11585,6783
2020-06-02 10:27:19.570000,11671.75,11595,3242,11600,3967,11590,2874,11585,6783
2020-06-02 10:27:19.780000,11671.75,11595,4642,11600,3967,11585,6783,11580,6171
2020-06-02 10:27:20.080000,11671.75,11595,3242,11600,3967,11585,6783,11580,6171
2020-06-02 10:27:20.520000,11671.75,11595,3242,11600,3967,11585,6783,11580,6171
2020-06-02 10:27:20.920000,11671.75,11595,3242,11600,3967,11590,2874,11585,6783
2020-06-02 10:27:21.750000,11671.75,11595,3242,11600,3967,11585,6783,11580,6171
2020-06-02 10:27:22.810000,11671.75,11595,4142,11600,3967,11590,2874,11585,6783
2020-06-02 10:27:23.130000,11671.75,11595,3242,11600,3967,11590,2874,11585,6783
2020-06-02 10:27:23.720000,11671.75,11600,3967,11605,4422,11590,2874,11585,6783
2020-06-02 10:27:24.110000,11671.75,11600,3967,11605,4422,11590,2874,11585,6783
2020-06-02 10:27:26.250000,11670.94,11600,3967,11605,6422,11590,2874,11585,6783
2020-06-02 10:27:26.660000,11670.94,11600,3967,11605,4422,11590,2874,11585,6783
2020-06-02 10:27:27.630000,11670.94,11600,3967,11605,6422,11590,2874,11585,6783
2020-06-02 10:27:29.220000,11670.94,11600,3967,11605,6422,11590,2872,11585,6783
2020-06-02 10:27:30.080000,11670.94,11595,3242,11600,3967,11590,2872,11585,6783
2020-06-02 10:27:30.190000,11670.94,11595,3242,11600,3967,11590,2872,11585,6783
2020-06-02 10:27:31.050000,11670.94,11595,3242,11600,3967,11590,2872,11585,6783
2020-06-02 10:27:31.190000,11670.94,11595,3242,11600,3967,11590,2874,11585,6783
2020-06-02 10:27:32.140000,11670.94,11595,4642,11600,3967,11590,2874,11585,6783
2020-06-02 10:27:32.510000,11670.94,11595,4642,11600,3967,11590,2,11585,6783
2020-06-02 10:27:32.890000,11670.94,11595,3542,11600,3967,11590,2874,11585,6783
2020-06-02 10:27:33.220000,11670.94,11595,3242,11600,3967,11590,2874,11585,6783
2020-06-02 10:27:33.690000,11670.94,11595,3242,11600,3967,11590,2,11585,6783
2020-06-02 10:27:34.160000,11670.94,11595,3242,11600,3967,11590,2,11585,3450
2020-06-02 10:27:34.620000,11667.14,11595,4642,11600,3967,11590,2,11585,3450
2020-06-02 10:27:36.060000,11667.14,11595,4642,11600,3967,11590,2,11585,6783
2020-06-02 10:27:36.900000,11667.14,11595,3242,11600,3967,11590,2,11585,6783
2020-06-02 10:27:37.140000,11667.14,11595,3242,11600,3967,11590,2874,11585,6783
2020-06-02 10:27:37.420000,11667.14,11595,3242,11600,3967,11590,2874,11585,6783
2020-06-02 10:27:37.860000,11667.14,11595,3242,11600,3967,11590,2874,11585,6783
2020-06-02 10:27:38.360000,11667.14,11600,3967,11605,4422,11590,2874,11585,6783
2020-06-02 10:27:39.760000,11667.14,11595,3242,11600,3967,11590,2874,11585,6783
2020-06-02 10:27:40.620000,11667.14,11600,3967,11605,4422,11590,2874,11585,6783
2020-06-02 10:27:41.320000,11667.14,11595,3242,11600,3967,11590,2874,11585,6783
2020-06-02 10:27:42.530000,11667.14,11595,4642,11600,3967,11590,2874,11585,3450
2020-06-02 10:27:42.820000,11667.14,11595,3242,11600,3967,11590,2874,11585,6783
2020-06-02 10:27:44.210000,11666.59,11595,3242,11600,3967,11590,2874,11585,6783
2020-06-02 10:27:45.150000,11666.59,11600,3967,11605,6422,11590,2874,11585,6783
2020-06-02 10:27:45.510000,11666.59,11600,3967,11605,4422,11590,2874,11585,6783
2020-06-02 10:27:52.560000,11666.59,11600,2567,11605,4422,11595,3060,11590,6207
2020-06-02 10:27:53.650000,11666.59,11600,2767,11605,4422,11595,3060,11590,6207
2020-06-02 10:27:53.760000,11666.59,11600,3867,11605,4422,11595,3060,11590,2874
2020-06-02 10:27:54.710000,11666.59,11600,2567,11605,4422,11595,3060,11590,6207
2020-06-02 10:27:54.880000,11666.59,11600,3467,11605,4422,11595,3060,11590,6207
2020-06-02 10:27:55.200000,11665.47,11600,2567,11605,4422,11595,3060,11590,6207
2020-06-02 10:27:55.820000,11665.47,11600,2567,11605,4422,11595,3060,11590,6207
2020-06-02 10:27:57.490000,11665.47,11600,3967,11605,4422,11590,2874,11585,6783
2020-06-02 10:27:57.690000,11665.47,11600,3967,11605,4422,11590,6207,11585,6783
2020-06-02 10:27:58.510000,11665.47,11600,3967,11605,4422,11590,2874,11585,6783
2020-06-02 10:28:00.660000,11665.47,11600,3967,11605,4422,11590,2874,11585,6783
2020-06-02 10:28:00.900000,11665.47,11600,3967,11605,4422,11590,2874,11585,6783
2020-06-02 10:28:02.910000,11665.47,11600,3967,11605,4422,11590,2874,11585,6783
2020-06-02 10:28:03.800000,11665.47,11600,3967,11605,6422,11590,2874,11585,6783
2020-06-02 10:28:04.160000,11665.47,11600,3967,11605,4422,11590,2874,11585,6783
2020-06-02 10:28:04.460000,11665.47,11600,3967,11605,4422,11590,2874,11585,6783
2020-06-02 10:28:06.500000,11665.76,11600,3967,11605,6422,11590,2874,11585,6783
2020-06-02 10:28:07.380000,11665.76,11600,3967,11605,4422,11590,2874,11585,6783
2020-06-02 10:28:07.550000,11665.76,11600,3967,11605,4422,11590,2874,11585,6783
2020-06-02 10:28:09.720000,11665.76,11600,2567,11605,4422,11595,3060,11590,6207
2020-06-02 10:28:10.460000,11665.76,11600,2567,11605,4422,11595,3060,11590,6207
2020-06-02 10:28:10.600000,11665.76,11600,3967,11605,4422,11595,3060,11590,6207
2020-06-02 10:28:10.850000,11665.76,11600,2567,11605,4422,11595,3060,11590,6207
2020-06-02 10:28:12.690000,11665.76,11600,3067,11605,4422,11595,3060,11590,6207
2020-06-02 10:28:12.920000,11665.76,11600,2567,11605,4422,11595,3060,11590,6207
2020-06-02 10:28:14.330000,11665.76,11600,2767,11605,4422,11595,3060,11590,6207
2020-06-02 10:28:14.780000,11663.22,11600,3967,11605,4422,11590,2874,11585,6783
2020-06-02 10:28:19.870000,11663.22,11600,3967,11605,4422,11590,2874,11585,6783
2020-06-02 10:28:20.340000,11663.22,11600,3967,11605,6422,11590,2874,11585,6783
2020-06-02 10:28:20.770000,11663.22,11600,3967,11605,4422,11590,2874,11585,6783
2020-06-02 10:28:21.550000,11663.22,11600,3967,11605,4422,11590,2874,11585,6783
2020-06-02 10:28:23.590000,11663.22,11600,3967,11605,4422,11590,6207,11585,6783
2020-06-02 10:28:24.010000,11663.22,11600,2567,11605,4422,11595,3060,11590,6207
2020-06-02 10:28:25.480000,11664.37,11600,2567,11605,4422,11590,6207,11585,6783
2020-06-02 10:28:26.090000,11664.37,11600,2567,11605,4422,11595,3060,11590,6207
2020-06-02 10:28:26.230000,11664.37,11600,3967,11605,4422,11590,2874,11585,6783
2020-06-02 10:28:28.650000,11664.37,11600,3967,11605,4422,11595,3060,11590,2874
2020-06-02 10:28:29.070000,11664.37,11600,2567,11605,4422,11595,3060,11590,6207
2020-06-02 10:28:31.430000,11664.37,11600,3967,11605,4422,11595,3060,11590,2874
2020-06-02 10:28:32.420000,11664.37,11600,3967,11605,4422,11590,2874,11585,6783
2020-06-02 10:28:33.350000,11664.37,11600,3967,11605,4422,11590,2874,11585,6783
2020-06-02 10:28:33.710000,11664.37,11600,3967,11605,4422,11590,2874,11585,6783
2020-06-02 10:28:34.500000,11664.37,11600,3967,11605,6422,11590,2874,11585,6783
2020-06-02 10:28:34.700000,11664.33,11600,3967,11605,4422,11590,2874,11585,6783
2020-06-02 10:28:37.680000,11664.33,11600,3967,11605,4422,11590,6207,11585,6783
2020-06-02 10:28:37.930000,11664.33,11600,2567,11605,4422,11595,3060,11590,6207
2020-06-02 10:28:39.370000,11664.33,11600,3167,11605,4422,11595,3060,11590,6207
2020-06-02 10:28:40.290000,11664.33,11600,2567,11605,4422,11595,3060,11590,6207
2020-06-02 10:28:41.350000,11664.33,11600,3967,11605,4422,11590,6207,11585,6783
2020-06-02 10:28:42.460000,11664.33,11600,3967,11605,4422,11590,2874,11585,6783
2020-06-02 10:28:45.850000,11665.72,11595,3242,11600,3967,11590,2874,11585,6783
2020-06-02 10:28:46.690000,11665.72,11595,3242,11600,3967,11590,2874,11585,6783
2020-06-02 10:28:46.830000,11665.72,11595,3242,11600,3967,11590,2874,11585,6783
2020-06-02 10:28:47.740000,11665.72,11600,3967,11605,4422,11590,2874,11585,6783
2020-06-02 10:28:48.880000,11665.72,11600,3967,11605,4422,11590,6207,11585,6783
2020-06-02 10:28:49.210000,11665.72,11600,3967,11605,4422,11590,2874,11585,6783
2020-06-02 10:28:50.360000,11665.72,11600,3967,11605,6422,11590,2874,11585,6783
2020-06-02 10:28:50.600000,11665.72,11595,3242,11600,3967,11590,2874,11585,6783
2020-06-02 10:28:51.460000,11665.72,11595,3942,11600,3967,11590,2,11585,6783
2020-06-02 10:28:51.690000,11665.72,11595,4642,11600,3967,11590,2,11585,3450
2020-06-02 10:28:54.350000,11665.72,11595,4642,11600,3967,11590,2,11585,3450
2020-06-02 10:28:55.050000,11665.72,11595,4642,11600,3967,11590,2,11585,3450
2020-06-02 10:28:55.220000,11666.93,11595,3242,11600,3967,11590,2,11585,3450
2020-06-02 10:28:55.360000,11666.93,11595,4642,11600,3967,11590,2,11585,3450
2020-06-02 10:28:56.220000,11666.93,11595,4642,11600,3967,11590,2,11585,6783
2020-06-02 10:28:57.250000,11666.93,11595,4642,11600,3967,11590,2,11585,3450
2020-06-02 10:29:01.890000,11666.93,11595,4642,11600,3967,11590,2,11585,6783
2020-06-02 10:29:02.130000,11666.93,11595,4642,11600,3967,11590,2874,11585,6783
2020-06-02 10:29:02.360000,11666.93,11595,4542,11600,5967,11590,2,11585,3450
2020-06-02 10:29:02.700000,11666.93,11595,4642,11600,3967,11590,2874,11585,3450
2020-06-02 10:29:03.420000,11666.93,11595,3342,11600,3967,11590,2874,11585,3450
2020-06-02 10:29:03.490000,11666.93,11595,4142,11600,3967,11590,2,11585,3450
2020-06-02 10:29:03.780000,11666.93,11595,4642,11600,3967,11590,2,11585,3450
2020-06-02 10:29:04.830000,11667.83,11595,4642,11600,3967,11590,2,11585,3450
2020-06-02 10:29:05.030000,11667.83,11595,3242,11600,3967,11590,2,11585,6783
2020-06-02 10:29:05.560000,11667.83,11595,4242,11600,3967,11590,2874,11585,6783
2020-06-02 10:29:06.520000,11667.83,11595,3242,11600,3967,11590,2874,11585,6783
2020-06-02 10:29:06.950000,11667.83,11595,3242,11600,3967,11590,2874,11585,6783
2020-06-02 10:29:07.700000,11667.83,11595,3242,11600,3967,11590,2874,11585,6783
2020-06-02 10:29:09.360000,11667.83,11595,4542,11600,3967,11590,2,11585,3450
2020-06-02 10:29:10.720000,11667.83,11595,4542,11600,5967,11590,2,11585,3450
2020-06-02 10:29:11.080000,11667.83,11590,4750,11595,4542,11585,3450,11580,6189
2020-06-02 10:29:12.830000,11667.83,11590,4750,11595,4542,11580,6189,11575,6783
2020-06-02 10:29:14.150000,11665.15,11590,4750,11595,4542,11580,2856,11575,6783
2020-06-02 10:29:15.010000,11665.15,11590,4750,11595,4542,11580,6189,11575,6783
2020-06-02 10:29:15.920000,11665.15,11590,4750,11595,4542,11585,3450,11580,6189
2020-06-02 10:29:16.060000,11665.15,11590,3650,11595,4542,11585,3450,11580,6189
2020-06-02 10:29:16.170000,11665.15,11590,3650,11595,4542,11585,3608,11580,6189
2020-06-02 10:29:18.510000,11665.15,11590,4550,11595,4542,11585,3608,11580,6189
2020-06-02 10:29:18.680000,11665.15,11590,4850,11595,4542,11585,3608,11580,6189
2020-06-02 10:29:19.090000,11665.15,11590,4850,11595,4542,11585,158,11580,2856
2020-06-02 10:29:20.150000,11665.15,11590,4850,11595,4542,11585,158,11580,2856
2020-06-02 10:29:21.920000,11665.15,11585,3430,11590,4850,11580,2856,11575,6783
2020-06-02 10:29:22.960000,11665.15,11590,4850,11595,4542,11580,2856,11575,6783
2020-06-02 10:29:27.680000,11665.86,11590,4850,11595,4542,11580,2855,11575,6783
2020-06-02 10:29:28.420000,11665.86,11590,4850,11595,6542,11580,2855,11575,6783
2020-06-02 10:29:28.590000,11665.86,11590,4850,11595,4542,11580,2855,11575,6783
2020-06-02 10:29:29.620000,11665.86,11590,4850,11595,6542,11580,2855,11575,6783
2020-06-02 10:29:33.090000,11665.86,11585,3430,11590,4850,11580,2855,11575,6783
2020-06-02 10:29:33.550000,11665.86,11585,4730,11590,4850,11580,2855,11575,6783
2020-06-02 10:29:34.710000,11661.98,11585,3430,11590,4850,11580,2855,11575,6783
2020-06-02 10:29:36.830000,11661.98,11585,3430,11590,4850,11580,2855,11575,6783
2020-06-02 10:29:37.080000,11661.98,11585,3430,11590,4850,11580,2855,11575,6783
2020-06-02 10:29:37.460000,11661.98,11585,4730,11590,4850,11580,2855,11575,6783
2020-06-02 10:29:37.830000,11661.98,11585,3430,11590,4850,11580,2855,11575,6783
2020-06-02 10:29:38.180000,11661.98,11585,3830,11590,4850,11580,2855,11575,6783
2020-06-02 10:29:38.990000,11661.98,11585,3430,11590,4850,11580,2855,11575,6783
2020-06-02 10:29:40.100000,11661.98,11585,3430,11590,4850,11580,2855,11575,6783
2020-06-02 10:29:40.290000,11661.98,11585,3430,11590,4850,11580,2855,11575,6783
2020-06-02 10:29:41.610000,11661.98,11585,3430,11590,4850,11580,2855,11575,6783
2020-06-02 10:29:41.990000,11661.98,11585,3430,11590,4850,11580,2855,11575,6783
2020-06-02 10:29:43.750000,11661.98,11585,4730,11590,4850,11580,18,11575,6783
2020-06-02 10:29:44.220000,11661.98,11585,4730,11590,4850,11580,18,11575,3450
2020-06-02 10:29:47.100000,11662.55,11585,4730,11590,6850,11580,18,11575,3450
2020-06-02 10:29:47.300000,11662.55,11580,3022,11585,4730,11575,3450,11570,6393
2020-06-02 10:29:47.720000,11662.55,11580,4322,11585,4730,11570,6393,11565,6205
2020-06-02 10:29:49.350000,11662.55,11580,4322,11585,4730,11575,3450,11570,6393
2020-06-02 10:29:49.490000,11662.55,11580,3022,11585,4730,11575,3450,11570,6393
2020-06-02 10:29:50.310000,11662.55,11580,3022,11585,4730,11575,3450,11570,6393
2020-06-02 10:29:50.550000,11662.55,11580,3022,11585,4730,11575,3450,11570,6393
2020-06-02 10:29:51.690000,11662.55,11580,4422,11585,4730,11575,3450,11570,6393
2020-06-02 10:29:51.810000,11662.55,11580,3022,11585,4730,11575,3450,11570,6393
2020-06-02 10:29:52.110000,11662.55,11580,3422,11585,4730,11575,3450,11570,6393
2020-06-02 10:29:52.720000,11662.55,11580,3022,11585,4730,11575,3450,11570,6393
2020-06-02 10:29:54.840000,11659.19,11580,4422,11585,4730,11570,6393,11565,6205
2020-06-02 10:29:55.950000,11659.19,11580,4422,11585,4730,11570,3060,11565,6205
2020-06-02 10:29:56.660000,11659.19,11580,4422,11585,6730,11570,3060,11565,6205
2020-06-02 10:29:57.480000,11659.19,11575,3450,11580,4422,11570,3060,11565,6205
2020-06-02 10:29:57.660000,11659.19,11575,4850,11580,4422,11570,3060,11565,6205
2020-06-02 10:29:57.890000,11659.19,11575,4850,11580,4422,11565,2872,11560,7613
2020-06-02 10:29:58.300000,11659.19,11570,3242,11575,4850,11565,2872,11560,7613
2020-06-02 10:29:59.080000,11659.19,11570,4642,11575,4850,11565,2872,11560,7613
2020-06-02 10:29:59.360000,11659.19,11570,4642,11575,4850,11560,7613,11555,6871
2020-06-02 10:30:00.140000,11659.19,11570,4642,11575,4850,11560,4280,11555,6871
2020-06-02 10:30:00.410000,11659.19,11570,4642,11575,4850,11560,4280,11555,6871
2020-06-02 10:30:01.200000,11659.19,11570,3242,11575,4850,11565,2872,11560,7613
2020-06-02 10:30:01.420000,11659.19,11570,3242,11575,4850,11565,2872,11560,7613
2020-06-02 10:30:02.200000,11659.19,11570,3242,11575,4850,11565,2872,11560,7613
2020-06-02 10:30:02.420000,11659.19,11570,3242,11575,4850,11560,4280,11555,6871
2020-06-02 10:30:03.280000,11659.19,11570,3242,11575,4850,11560,4280,11555,6871
2020-06-02 10:30:04.780000,11659.19,11570,4642,11575,4850,11560,4280,11555,6871
2020-06-02 10:30:06.110000,11650.86,11570,3242,11575,4850,11565,2872,11560,7613
2020-06-02 10:30:09.840000,11650.86,11570,4642,11575,4850,11565,2872,11560,7613
2020-06-02 10:30:10.530000,11650.86,11570,4642,11575,4850,11560,7613,11555,6871
2020-06-02 10:30:11.150000,11650.86,11570,3242,11575,4850,11560,7613,11555,6871
2020-06-02 10:30:11.560000,11650.86,11570,3242,11575,4850,11565,2872,11560,7613
2020-06-02 10:30:12.140000,11650.86,11570,3242,11575,4850,11565,2872,11560,7613
2020-06-02 10:30:12.650000,11650.86,11570,3442,11575,4850,11565,2872,11560,7613
2020-06-02 10:30:13.730000,11650.86,11570,4642,11575,6850,11560,4280,11555,6871
2020-06-02 10:30:14.240000,11650.86,11570,3242,11575,4850,11565,2872,11560,4280
2020-06-02 10:30:15.290000,11647.44,11570,3242,11575,4850,11565,2872,11560,7613
2020-06-02 10:30:18.310000,11647.44,11575,4850,11580,6422,11565,2872,11560,7613
2020-06-02 10:30:18.770000,11647.44,11575,4850,11580,6422,11565,2872,11560,7613
2020-06-02 10:30:21.040000,11647.44,11575,4850,11580,4422,11565,2872,11560,7613
2020-06-02 10:30:23.550000,11647.44,11575,3450,11580,4422,11570,3060,11565,2872
2020-06-02 10:30:24.050000,11647.44,11580,4422,11585,6730,11570,3060,11565,6205
2020-06-02 10:30:24.460000,11647.44,11580,4422,11585,6730,11570,3060,11565,6205
2020-06-02 10:30:24.800000,11646.64,11580,4422,11585,4730,11570,3060,11565,6205
2020-06-02 10:30:25.960000,11646.64,11580,4422,11585,4730,11570,3060,11565,6205
2020-06-02 10:30:27.150000,11646.64,11580,3022,11585,4730,11575,3450,11570,6393
2020-06-02 10:30:27.870000,11646.64,11585,4730,11590,6850,11575,3450,11570,6393
2020-06-02 10:30:28.100000,11646.64,11585,4730,11590,4850,11575,3450,11570,6393
2020-06-02 10:30:31.710000,11646.64,11585,4730,11590,4850,11580,2738,11575,3450
2020-06-02 10:30:32.550000,11646.64,11585,4730,11590,4850,11575,3450,11570,6393
2020-06-02 10:30:34.190000,11646.64,11585,4830,11590,4850,11575,3450,11570,6393
2020-06-02 10:30:35.240000,11644.99,11585,4830,11590,4850,11575,6783,11570,6393
2020-06-02 10:30:35.490000,11644.99,11585,3430,11590,4850,11580,2738,11575,6783
2020-06-02 10:30:36.220000,11644.99,11585,3430,11590,4850,11580,2738,11575,6783
2020-06-02 10:30:36.630000,11644.99,11590,4850,11595,5342,11580,2738,11575,6783
2020-06-02 10:30:37.990000,11644.99,11585,3430,11590,4850,11580,2738,11575,6783
2020-06-02 10:30:38.380000,11644.99,11585,3430,11590,4850,11580,2738,11575,6783
2020-06-02 10:30:39.140000,11644.99,11590,4850,11595,5342,11580,2738,11575,6783
2020-06-02 10:30:39.830000,11644.99,11590,4850,11595,3342,11580,2738,11575,6783
2020-06-02 10:30:40.890000,11644.99,11590,4850,11595,3342,11580,2738,11575,6783
2020-06-02 10:30:43.170000,11644.99,11590,4850,11595,3342,11580,2738,11575,6783
2020-06-02 10:30:43.530000,11644.99,11590,4850,11595,5342,11580,2738,11575,6783
2020-06-02 10:30:43.880000,11644.99,11585,3430,11590,4850,11580,2738,11575,6783
2020-06-02 10:30:44.580000,11645.02,11585,4830,11590,4850,11580,2738,11575,6783
2020-06-02 10:30:44.780000,11645.02,11585,3430,11590,4850,11580,2738,11575,6783
2020-06-02 10:30:45.450000,11645.02,11590,4850,11595,5342,11580,2738,11575,6783
2020-06-02 10:30:46.160000,11645.02,11585,3430,11590,4850,11580,2738,11575,6783
2020-06-02 10:30:46.300000,11645.02,11585,1400,11590,4850,11580,2738,11575,6783
2020-06-02 10:30:46.420000,11645.02,11585,1400,11590,4850,11580,2738,11575,6783
2020-06-02 10:30:47.160000,11645.02,11585,4830,11590,4850,11580,2738,11575,6783
2020-06-02 10:30:47.610000,11645.02,11585,4830,11590,4850,11580,2738,11575,6783
2020-06-02 10:30:48.810000,11645.02,11590,4850,11595,3342,11580,2738,11575,6783
2020-06-02 10:30:49.650000,11645.02,11585,3430,11590,4850,11580,2738,11575,6783
2020-06-02 10:30:50.060000,11645.02,11585,4830,11590,4850,11580,2738,11575,6783
2020-06-02 10:30:51.330000,11645.02,11590,4850,11595,5342,11580,2738,11575,6783
2020-06-02 10:30:51.950000,11645.02,11590,4850,11595,3342,11580,2738,11575,6783
2020-06-02 10:30:53.310000,11645.02,11590,4850,11595,3342,11580,2738,11575,6783
2020-06-02 10:30:55.450000,11644.44,11585,3430,11590,4850,11580,2738,11575,6783
2020-06-02 10:30:55.680000,11644.44,11585,3430,11590,4850,11580,2738,11575,6783
2020-06-02 10:30:56.070000,11644.44,11590,4850,11595,5342,11580,2738,11575,6783
2020-06-02 10:30:56.400000,11644.44,11590,4850,11595,3342,11580,2738,11575,6783
2020-06-02 10:30:57.250000,11644.44,11590,4850,11595,3342,11580,2738,11575,6783
2020-06-02 10:30:57.530000,11644.44,11590,4850,11595,3342,11580,6071,11575,6783
2020-06-02 10:30:58.250000,11644.44,11590,3650,11595,3342,11585,3450,11580,6071
2020-06-02 10:30:58.560000,11644.44,11590,202,11595,3342,11585,3450,11580,6071
2020-06-02 10:30:58.710000,11644.44,11590,1402,11595,3342,11585,3450,11580,6071
2020-06-02 10:30:59.150000,11644.44,11590,4850,11595,3342,11580,6071,11575,6783
2020-06-02 10:30:59.460000,11644.44,11590,4850,11595,3342,11580,2738,11575,6783
2020-06-02 10:31:00.310000,11644.44,11590,4850,11595,3342,11580,2738,11575,6783
2020-06-02 10:31:00.810000,11644.44,11585,3430,11590,4850,11580,2738,11575,6783
2020-06-02 10:31:02.460000,11644.44,11585,3530,11590,4850,11580,2738,11575,6783
2020-06-02 10:31:02.640000,11644.44,11585,4830,11590,4850,11580,2738,11575,6783
2020-06-02 10:31:02.890000,11644.44,11585,3930,11590,4850,11580,2738,11575,6783
2020-06-02 10:31:03.920000,11644.44,11585,4830,11590,4850,11580,2738,11575,6783
2020-06-02 10:31:04.150000,11644.44,11585,4830,11590,4850,11575,3450,11570,6393
2020-06-02 10:31:04.370000,11644.44,11585,4830,11590,4850,11575,3450,11570,6393
2020-06-02 10:31:04.810000,11647.65,11585,4830,11590,6850,11575,3450,11570,6393
2020-06-02 10:31:05.680000,11647.65,11585,4830,11590,4850,11575,3450,11570,6393
2020-06-02 10:31:05.850000,11647.65,11585,4830,11590,6850,11575,3450,11570,6393
2020-06-02 10:31:06.670000,11647.65,11585,4830,11590,6850,11575,3450,11570,6393
2020-06-02 10:31:06.900000,11647.65,11580,3022,11585,4830,11575,3450,11570,6393
2020-06-02 10:31:07.710000,11647.65,11585,4830,11590,6850,11575,3450,11570,6393
2020-06-02 10:31:07.910000,11647.65,11585,4830,11590,4850,11575,3450,11570,6393
2020-06-02 10:31:09.240000,11647.65,11585,4830,11590,4850,11575,3450,11570,6393
2020-06-02 10:31:09.770000,11647.65,11585,4830,11590,4850,11575,3450,11570,6393
2020-06-02 10:31:12.380000,11647.65,11585,4830,11590,4850,11580,2738,11575,6783
2020-06-02 10:31:12.620000,11647.65,11585,4830,11590,4850,11580,2738,11575,6783
2020-06-02 10:31:13.850000,11647.65,11585,3930,11590,4850,11580,2738,11575,6783
2020-06-02 10:31:14.260000,11647.65,11590,4850,11595,5342,11580,2738,11575,6783
2020-06-02 10:31:15.040000,11647.65,11590,4850,11595,3342,11580,2738,11575,6783
2020-06-02 10:31:15.270000,11649.01,11590,4850,11595,3342,11585,3450,11580,6071
2020-06-02 10:31:18.260000,11649.01,11595,3342,11600,3450,11585,3450,11580,6071
2020-06-02 10:31:18.510000,11649.01,11595,4642,11600,3450,11585,3450,11580,6071
2020-06-02 10:31:19.160000,11649.01,11595,4642,11600,3450,11585,3450,11580,6071
