time,nav,sell1,sell1_cnt,sell2,sell2_cnt,buy1,buy1_cnt,buy2,buy2_cnt
2020-06-11 09:35:14.99,12202.7,12050,1663,12055,1694,12040,2231,12035,2743
2020-06-11 09:35:15.85,12202.7,12050,1663,12055,1694,12045,1523,12040,1732
2020-06-11 09:35:17.49,12202.7,12050,1663,12055,1694,12045,1523,12040,2232
2020-06-11 09:35:18.22,12202.7,12050,1662,12055,1694,12040,2232,12035,2643
2020-06-11 09:35:19.13,12202.7,12050,1662,12055,1694,12040,2232,12035,2643
2020-06-11 09:35:44.32,12204.88,12050,1662,12055,1694,12040,2225,12035,2643
2020-06-11 09:35:45.19,12204.88,12050,1662,12055,1694,12040,2225,12035,2643
2020-06-11 09:35:46.63,12204.88,12050,1652,12055,1694,12040,2225,12035,2643
2020-06-11 09:35:56.13,12203.11,12050,1652,12055,1694,12040,2219,12035,2643
2020-06-11 09:35:56.63,12203.11,12050,1652,12055,1694,12040,2219,12035,2643
2020-06-11 09:35:57.82,12203.11,12050,1652,12055,1694,12045,1523,12040,2219
2020-06-11 09:35:58.60,12203.11,12060,3151,12065,2368,12050,1771,12045,1523
2020-06-11 09:36:00.02,12203.11,12060,3151,12065,2368,12050,1771,12045,1523
2020-06-11 09:36:03.43,12203.11,12060,3151,12065,2368,12050,1771,12045,1523
2020-06-11 09:36:06.43,12203.07,12060,3151,12065,2368,12050,1771,12045,1523
2020-06-11 09:36:11.29,12203.07,12060,3151,12065,2368,12055,2349,12050,1595
2020-06-11 09:36:12.11,12203.07,12060,1283,12065,2368,12055,2348,12050,1595
2020-06-11 09:36:14.63,12204.27,12060,3151,12065,2368,12055,2348,12050,1595
2020-06-11 09:36:15.46,12204.27,12060,1283,12065,2368,12055,2348,12050,1595
2020-06-11 09:36:16.99,12204.27,12060,1283,12065,2368,12055,1848,12050,1595
2020-06-11 09:36:17.63,12204.27,12060,3151,12065,2368,12055,1848,12050,1595
2020-06-11 09:36:21.49,12204.27,12060,3151,12065,2368,12055,1848,12050,1595
2020-06-11 09:36:22.22,12204.27,12060,3151,12065,2368,12055,1843,12050,1595
2020-06-11 09:36:25.33,12204.27,12060,1283,12065,2368,12055,1843,12050,1595
2020-06-11 09:36:27.19,12204.27,12060,1283,12065,2368,12055,1836,12050,1595
2020-06-11 09:36:29.30,12204.27,12060,3151,12065,2368,12055,1836,12050,1595
2020-06-11 09:36:30.13,12204.27,12055,106,12060,3151,12050,1595,12045,2023
2020-06-11 09:36:46.52,12203.49,12055,1694,12060,3151,12050,152,12045,1523
2020-06-11 09:36:49.13,12203.49,12050,1831,12055,1694,12045,1523,12040,2219
2020-06-11 09:36:50.24,12203.49,12050,1831,12055,1694,12045,1523,12040,2219
2020-06-11 09:36:50.39,12203.49,12050,1831,12055,1694,12045,2023,12040,2219
2020-06-11 09:36:51.05,12203.49,12055,1694,12060,3151,12045,2023,12040,2219
2020-06-11 09:36:51.85,12203.49,12055,1694,12060,3151,12045,2023,12040,2219
2020-06-11 09:36:53.41,12203.49,12055,1694,12060,3151,12050,1932,12045,2023
2020-06-11 09:36:55.22,12203.86,12055,1694,12060,3151,12045,2023,12040,2219
2020-06-11 09:36:56.05,12203.86,12055,1694,12060,3151,12050,1932,12045,2023
2020-06-11 09:36:57.60,12203.86,12055,1694,12060,3151,12050,1926,12045,2023
2020-06-11 09:36:59.74,12203.86,12055,1694,12060,3151,12050,1926,12045,2023
2020-06-11 09:37:01.89,12203.86,12055,1694,12060,3151,12050,1926,12045,2023
2020-06-11 09:37:02.68,12203.86,12060,3151,12065,2368,12050,1926,12045,2023
2020-06-11 09:37:03.52,12203.86,12060,3151,12065,2368,12050,1926,12045,2023
2020-06-11 09:37:04.39,12202.84,12055,1694,12060,3151,12050,1926,12045,2023
2020-06-11 09:37:05.33,12202.84,12055,1694,12060,3151,12045,2023,12040,2219
2020-06-11 09:37:06.04,12202.84,12055,1694,12060,3151,12045,2023,12040,2219
2020-06-11 09:37:06.69,12202.84,12055,1694,12060,3151,12045,2023,12040,2219
2020-06-11 09:37:07.33,12202.84,12055,1694,12060,3151,12045,2023,12040,2219
2020-06-11 09:37:08.13,12202.84,12050,1831,12055,1694,12045,2023,12040,2219
2020-06-11 09:37:08.93,12202.84,12055,1694,12060,3151,12045,2023,12040,2219
2020-06-11 09:37:10.55,12202.84,12050,1831,12055,1694,12045,1523,12040,2219
2020-06-11 09:37:11.27,12202.84,12050,1831,12055,1694,12040,2219,12035,2743
2020-06-11 09:37:13.13,12202.84,12055,1694,12060,3151,12045,1523,12040,2219
2020-06-11 09:37:13.79,12202.84,12055,1694,12060,3151,12045,1523,12040,2219
2020-06-11 09:37:32.58,0.0,12050,1831,12055,1694,12040,2219,12035,2743
2020-06-11 09:37:33.36,12203.94,12055,1694,12060,3151,12045,2048,12040,2219
2020-06-11 09:37:35.05,12203.94,12050,1831,12055,1694,12045,2048,12040,2219
2020-06-11 09:37:38.35,12203.94,12050,1360,12055,1694,12045,2048,12040,2219
2020-06-11 09:37:38.94,12203.94,12050,1141,12055,1694,12045,2548,12040,2219
2020-06-11 09:37:39.61,12203.94,12050,1076,12055,1694,12045,2548,12040,2219
2020-06-11 09:37:40.24,12203.94,12050,649,12055,1694,12045,2548,12040,2219
2020-06-11 09:37:42.74,12203.94,12050,649,12055,1694,12045,2048,12040,1719
2020-06-11 09:37:43.97,12201.34,12055,1694,12060,3151,12045,2048,12040,2219
2020-06-11 09:37:48.11,12201.34,12050,2048,12055,1694,12045,2048,12040,2219
2020-06-11 09:37:48.85,12201.34,12050,2048,12055,1694,12040,2219,12035,2643
2020-06-11 09:37:51.97,12201.34,12050,2048,12055,1694,12045,2048,12040,2219
2020-06-11 09:37:52.94,12201.34,12050,2048,12055,1694,12045,2048,12040,2219
2020-06-11 09:37:53.82,12201.34,12050,2048,12055,1694,12045,2048,12040,2219
2020-06-11 09:37:54.64,12200.53,12055,1694,12060,3151,12045,2048,12040,2219
2020-06-11 09:37:57.47,12200.53,12050,2048,12055,1694,12045,2042,12040,2219
2020-06-11 09:37:59.77,12200.53,12050,2048,12055,1694,12045,2042,12040,2219
2020-06-11 09:38:02.86,12200.53,12055,1694,12060,3151,12045,2042,12040,2219
2020-06-11 09:38:03.49,12196.35,12050,2048,12055,1694,12045,2042,12040,2219
2020-06-11 09:38:04.24,12196.35,12050,2048,12055,1694,12040,2219,12035,2643
2020-06-11 09:38:05.75,12196.35,12050,2044,12055,1694,12040,2219,12035,2643
2020-06-11 09:38:11.58,12196.35,12055,1694,12060,3151,12045,2042,12040,2219
2020-06-11 09:38:13.32,12196.35,12050,2044,12055,1694,12045,2042,12040,2219
2020-06-11 09:38:14.14,12198.31,12050,2044,12055,1694,12040,2219,12035,2643
2020-06-11 09:38:27.39,12195.04,12050,2044,12055,1694,12045,2042,12040,1712
2020-06-11 09:38:28.80,12195.04,12050,2044,12055,1694,12040,1712,12035,2643
2020-06-11 09:38:29.66,12195.04,12045,1868,12050,2044,12040,1712,12035,2643
2020-06-11 09:38:33.14,12195.04,12050,2044,12055,1694,12040,1712,12035,2643
2020-06-11 09:38:40.07,12194.7,12050,2044,12055,1694,12040,1712,12035,2643
2020-06-11 09:38:40.75,12194.7,12050,2044,12055,1694,12040,1712,12035,2643
2020-06-11 09:38:43.55,12194.7,12050,2044,12055,1694,12040,1712,12035,2643
2020-06-11 09:38:51.85,12197.68,12050,2044,12055,1694,12045,2042,12040,1712
2020-06-11 09:38:52.57,12197.68,12050,2044,12055,1694,12045,2042,12040,2212
2020-06-11 09:38:55.74,12193.77,12050,2044,12055,1694,12045,1213,12040,2212
2020-06-11 09:38:58.08,12193.77,12050,2044,12055,1694,12045,1206,12040,2212
2020-06-11 09:38:59.27,12193.77,12050,2044,12055,1694,12040,2212,12035,2643
2020-06-11 09:39:01.29,12193.77,12050,2044,12055,1694,12045,2160,12040,2212
2020-06-11 09:39:06.24,12195.13,12050,2044,12055,1694,12045,2160,12040,2212
2020-06-11 09:39:06.82,12195.13,12050,2044,12055,1694,12040,2212,12035,2643
2020-06-11 09:39:07.94,12195.13,12050,2044,12055,1694,12040,2212,12035,2643
2020-06-11 09:39:08.64,12195.13,12050,2044,12055,1694,12040,2212,12035,2643
2020-06-11 09:39:09.24,12195.13,12050,2044,12055,1694,12045,2160,12040,2212
2020-06-11 09:39:09.83,12195.13,12050,2044,12055,1694,12045,1741,12040,1712
2020-06-11 09:39:10.55,12195.13,12050,2044,12055,1694,12045,1741,12040,2212
2020-06-11 09:39:11.15,12195.13,12055,1694,12060,3151,12045,1741,12040,2212
2020-06-11 09:39:12.92,12195.13,12050,2044,12055,1694,12045,1741,12040,2212
2020-06-11 09:39:13.55,12195.13,12050,2044,12055,1694,12045,1616,12040,2212
2020-06-11 09:39:14.71,12192.96,12050,2044,12055,1694,12045,1558,12040,2212
2020-06-11 09:39:15.80,12192.96,12050,2044,12055,1694,12040,2212,12035,2643
2020-06-11 09:39:17.00,12192.96,12050,2044,12055,1694,12040,1712,12035,2643
2020-06-11 09:39:19.68,12192.96,12050,2044,12055,1694,12045,2160,12040,2212
2020-06-11 09:39:24.14,12194.82,12050,2044,12055,1694,12040,2212,12035,2643
2020-06-11 09:39:26.38,12194.82,12050,2044,12055,1694,12040,1712,12035,2643
2020-06-11 09:39:28.50,12194.82,12050,2044,12055,1694,12040,1705,12035,2643
2020-06-11 09:39:31.94,12194.82,12050,2044,12055,1694,12040,2205,12035,2643
2020-06-11 09:39:35.55,12192.01,12050,2044,12055,1694,12040,2207,12035,2643
2020-06-11 09:39:36.23,12192.01,12050,2034,12055,1694,12040,2207,12035,2643
2020-06-11 09:39:38.94,12192.01,12050,2034,12055,1694,12045,2160,12040,2207
2020-06-11 09:39:45.08,12191.17,12055,1694,12060,3151,12045,2160,12040,2207
2020-06-11 09:39:51.17,12191.17,12050,2034,12055,1694,12040,2207,12035,2643
2020-06-11 09:39:51.81,12191.17,12050,2034,12055,1694,12045,2085,12040,2207
2020-06-11 09:39:52.75,12191.17,12050,2034,12055,1694,12040,2207,12035,2643
2020-06-11 09:39:53.43,12191.17,12050,2034,12055,1694,12040,2207,12035,2643
2020-06-11 09:39:57.04,12189.44,12050,2034,12055,1694,12040,2207,12035,2643
2020-06-11 09:39:58.48,12189.44,12050,2034,12055,1694,12040,2200,12035,2643
2020-06-11 09:39:59.71,12189.44,12045,1868,12050,2034,12040,2200,12035,2643
2020-06-11 09:40:02.74,12189.44,12050,2034,12055,1694,12040,2200,12035,2643
2020-06-11 09:40:06.27,12181.75,12045,1868,12050,2034,12040,2200,12035,2643
2020-06-11 09:40:07.63,12181.75,12045,1868,12050,2034,12040,1700,12035,2643
2020-06-11 09:40:08.21,12181.75,12045,1868,12050,2034,12040,2,12035,2643
2020-06-11 09:40:08.80,12181.75,12045,1868,12050,2034,12040,2,12035,2643
2020-06-11 09:40:10.21,12181.75,12045,1868,12050,2034,12035,2643,12030,2336
2020-06-11 09:40:15.54,12178.27,12045,1868,12050,2034,12035,2143,12030,2336
2020-06-11 09:40:17.04,12178.27,12045,1868,12050,2034,12035,2143,12030,2336
2020-06-11 09:40:22.36,12178.27,12040,1868,12045,1868,12035,1738,12030,2336
2020-06-11 09:40:22.66,12178.27,12040,1868,12045,1868,12030,2336,12025,2426
2020-06-11 09:40:25.64,12177.3,12040,1868,12045,1868,12035,500,12030,2336
2020-06-11 09:40:26.61,12177.3,12040,1868,12045,1868,12035,495,12030,2336
2020-06-11 09:40:27.05,12177.3,12040,1868,12045,1868,12030,2336,12025,2426
2020-06-11 09:40:28.48,12177.3,12040,1868,12045,1868,12030,2329,12025,2426
2020-06-11 09:40:29.23,12177.3,12040,1868,12045,1868,12035,495,12030,2329
2020-06-11 09:40:31.34,12177.3,12040,1868,12045,1868,12030,2329,12025,2426
2020-06-11 09:40:31.75,12177.3,12040,1868,12045,1868,12035,1738,12030,2329
2020-06-11 09:40:32.92,12177.3,12040,1868,12045,1868,12030,2329,12025,2426
2020-06-11 09:40:33.25,12177.3,12040,1868,12045,1868,12030,1829,12025,2426
2020-06-11 09:40:33.84,12177.6,12040,1868,12045,1868,12030,2329,12025,2426
2020-06-11 09:40:35.01,12177.6,12040,1868,12045,1868,12030,2329,12025,2426
2020-06-11 09:40:35.92,12177.6,12040,1868,12045,1868,12030,2329,12025,2426
2020-06-11 09:40:37.43,12177.6,12040,1868,12045,1868,12030,1829,12025,2426
2020-06-11 09:40:37.95,12177.6,12040,1868,12045,1868,12030,1829,12025,2426
2020-06-11 09:40:39.65,12177.6,12040,1868,12045,1868,12030,1829,12025,2426
2020-06-11 09:40:41.81,12177.6,12040,1868,12045,1868,12030,1829,12025,2426
2020-06-11 09:40:42.25,12177.6,12040,1868,12045,1868,12030,2329,12025,2426
2020-06-11 09:40:43.37,12177.6,12040,1868,12045,1868,12030,2329,12025,2426
2020-06-11 09:40:43.64,12177.6,12040,1868,12045,1868,12030,2329,12025,2426
2020-06-11 09:40:44.48,12175.5,12040,1868,12045,1868,12030,1829,12025,2426
2020-06-11 09:40:49.15,12175.5,12040,1868,12045,1868,12030,1829,12025,2426
2020-06-11 09:40:58.57,12176.71,12040,1868,12045,1868,12030,1822,12025,2426
2020-06-11 09:41:03.15,12176.71,12040,1868,12045,1868,12030,2322,12025,2426
2020-06-11 09:41:07.47,12174.0,12045,1868,12050,2034,12035,2418,12030,2322
2020-06-11 09:41:08.88,12174.0,12045,1868,12050,2034,12040,2279,12035,2418
2020-06-11 09:41:09.64,12174.0,12050,2034,12055,1699,12040,2279,12035,2418
2020-06-11 09:41:10.64,12174.0,12050,2034,12055,1699,12045,2279,12040,2279
2020-06-11 09:41:11.67,12174.0,12050,2034,12055,1699,12045,2279,12040,2279
2020-06-11 09:41:12.74,12174.0,12055,1699,12060,3151,12045,2279,12040,2279
2020-06-11 09:41:13.27,12174.0,12050,2034,12055,1699,12045,2279,12040,2279
2020-06-11 09:41:14.35,12174.38,12050,2034,12055,1699,12040,2279,12035,2918
2020-06-11 09:41:14.70,12174.38,12045,2418,12050,2034,12040,2279,12035,2918
2020-06-11 09:41:15.86,12174.38,12045,2418,12050,2034,12040,2279,12035,2918
2020-06-11 09:41:17.48,12174.38,12045,2418,12050,2034,12040,2279,12035,2918
2020-06-11 09:41:18.50,12174.38,12050,2034,12055,1699,12040,2279,12035,2918
2020-06-11 09:41:21.23,12174.38,12050,2034,12055,1699,12040,2279,12035,2918
2020-06-11 09:41:22.09,12174.38,12050,2034,12055,1699,12040,2279,12035,2918
2020-06-11 09:41:23.17,12174.38,12050,2034,12055,1699,12040,2279,12035,2918
2020-06-11 09:41:23.65,12174.38,12045,2418,12050,2034,12035,2918,12030,2322
2020-06-11 09:41:24.76,12176.72,12045,2418,12050,2034,12035,2918,12030,2322
2020-06-11 09:41:25.14,12176.72,12045,2418,12050,2034,12035,2918,12030,2322
2020-06-11 09:41:25.78,12176.72,12045,2418,12050,2034,12040,2279,12035,2918
2020-06-11 09:41:26.87,12176.72,12045,2418,12050,2034,12035,2918,12030,2322
2020-06-11 09:41:27.43,12176.72,12045,2418,12050,2034,12035,2918,12030,2322
2020-06-11 09:41:28.34,12176.72,12045,2418,12050,2034,12035,2918,12030,2322
2020-06-11 09:41:28.78,12176.72,12045,2418,12050,2034,12035,2918,12030,2322
2020-06-11 09:41:29.54,12176.72,12045,2418,12050,2034,12035,2911,12030,2322
2020-06-11 09:41:30.48,12176.72,12045,2418,12050,2034,12035,2911,12030,2322
2020-06-11 09:41:30.81,12176.72,12045,2418,12050,2034,12035,2911,12030,2322
2020-06-11 09:41:31.56,12176.72,12045,2418,12050,2034,12035,2911,12030,2322
2020-06-11 09:41:33.07,12176.72,12045,2418,12050,2034,12035,2911,12030,2322
2020-06-11 09:41:34.14,12176.72,12045,2418,12050,2034,12035,2911,12030,2322
2020-06-11 09:41:34.54,12180.28,12040,1868,12045,2418,12035,2911,12030,2322
2020-06-11 09:41:35.10,12180.28,12045,2418,12050,2034,12035,2911,12030,2322
2020-06-11 09:41:35.73,12180.28,12045,2418,12050,2034,12035,2911,12030,2322
2020-06-11 09:41:37.85,12180.28,12040,400,12045,2418,12035,2911,12030,2322
2020-06-11 09:41:39.40,12180.28,12040,208,12045,2418,12035,2911,12030,2322
2020-06-11 09:41:39.62,12180.28,12045,2418,12050,2034,12035,2911,12030,2322
2020-06-11 09:41:40.41,12180.28,12045,2418,12050,2034,12035,2911,12030,2322
2020-06-11 09:41:46.63,12179.57,12045,2418,12050,2034,12035,2411,12030,2322
2020-06-11 09:41:48.33,12179.57,12045,2434,12050,2034,12035,2411,12030,2322
2020-06-11 09:41:49.01,12179.57,12045,2434,12050,2034,12040,2279,12035,2411
2020-06-11 09:41:49.99,12179.57,12045,2418,12050,2034,12040,2279,12035,2411
2020-06-11 09:41:50.44,12179.57,12050,2034,12055,1789,12040,2279,12035,2411
2020-06-11 09:41:52.60,12179.57,12050,2034,12055,1789,12040,2279,12035,2411
2020-06-11 09:41:53.60,12179.57,12050,2034,12055,1789,12040,2279,12035,2911
2020-06-11 09:41:57.77,12178.33,12050,2034,12055,1789,12040,2279,12035,2911
2020-06-11 09:41:59.39,12178.33,12050,2034,12055,1789,12040,2272,12035,2911
2020-06-11 09:42:00.35,12178.33,12050,2034,12055,1789,12040,2272,12035,2911
2020-06-11 09:42:00.74,12178.33,12050,2034,12055,1789,12040,2272,12035,2911
2020-06-11 09:42:02.44,12178.33,12050,2034,12055,1789,12040,2272,12035,2911
2020-06-11 09:42:03.56,12178.33,12045,2147,12050,2034,12040,2272,12035,2911
2020-06-11 09:42:04.78,12179.1,12045,2147,12050,2034,12035,2911,12030,2322
2020-06-11 09:42:05.66,12179.1,12045,2147,12050,2034,12035,2911,12030,2322
2020-06-11 09:42:06.78,12179.1,12045,2147,12050,2034,12035,2911,12030,2322
2020-06-11 09:42:06.97,12179.1,12045,2147,12050,2034,12035,2911,12030,2322
2020-06-11 09:42:08.33,12179.1,12045,2147,12050,2034,12035,2911,12030,2322
2020-06-11 09:42:09.37,12179.1,12045,2147,12050,2034,12035,2911,12030,2322
2020-06-11 09:42:09.51,12179.1,12045,2147,12050,2034,12040,2772,12035,2911
2020-06-11 09:42:10.47,12179.1,12045,2148,12050,2034,12040,500,12035,2911
2020-06-11 09:42:11.48,12179.1,12045,1,12050,2034,12040,2772,12035,2911
2020-06-11 09:42:15.67,12176.67,12045,1,12050,2034,12040,2771,12035,2911
2020-06-11 09:42:16.78,12176.67,12045,1,12050,2034,12040,2771,12035,2911
2020-06-11 09:42:18.32,12176.67,12045,1,12050,2035,12040,2771,12035,2911
2020-06-11 09:42:18.47,12176.67,12045,2148,12050,2035,12035,2911,12030,2322
2020-06-11 09:42:19.54,12176.67,12045,2148,12050,2035,12035,2911,12030,2322
2020-06-11 09:42:21.54,12176.67,12045,1,12050,2035,12040,2272,12035,2911
2020-06-11 09:42:22.42,12176.67,12045,1,12050,2035,12040,2272,12035,2911
2020-06-11 09:42:22.93,12176.67,12045,1,12050,2035,12040,2272,12035,2911
2020-06-11 09:42:24.49,12177.75,12045,1,12050,2035,12040,2272,12035,2911
2020-06-11 09:42:25.59,12177.75,12045,1,12050,2035,12040,2272,12035,2911
2020-06-11 09:42:26.01,12177.75,12045,1,12050,2035,12040,2272,12035,2911
2020-06-11 09:42:29.32,12177.75,12045,1,12050,2035,12040,2265,12035,2911
2020-06-11 09:42:41.89,12179.36,12050,2035,12055,1790,12045,2279,12040,2265
2020-06-11 09:42:42.92,12179.36,12050,1,12055,1790,12045,2279,12040,2265
2020-06-11 09:42:43.98,12179.36,12050,1,12055,1790,12045,2279,12040,2765
2020-06-11 09:42:44.97,12179.82,12050,2035,12055,1790,12045,2279,12040,2765
2020-06-11 09:42:50.20,12179.82,12050,2035,12055,1790,12045,2289,12040,2765
2020-06-11 09:42:55.42,12180.13,12050,2035,12055,1790,12045,2589,12040,2765
2020-06-11 09:42:57.84,12180.13,12050,1875,12055,1790,12045,2589,12040,2765
2020-06-11 09:42:58.64,12180.13,12055,1790,12060,3152,12045,2589,12040,2765
2020-06-11 09:42:59.71,12180.13,12055,1790,12060,3152,12045,2582,12040,2765
2020-06-11 09:43:09.66,12181.17,12055,1790,12060,3152,12050,1926,12045,2582
2020-06-11 09:43:10.07,12181.17,12055,1790,12060,3152,12045,2582,12040,2765
2020-06-11 09:43:11.19,12181.17,12055,1790,12060,3152,12045,3082,12040,2765
2020-06-11 09:43:11.65,12181.17,12055,1790,12060,3152,12050,1926,12045,3082
2020-06-11 09:43:12.82,12181.17,12055,1790,12060,3152,12050,1926,12045,3082
2020-06-11 09:43:13.24,12181.17,12055,1790,12060,3152,12050,1926,12045,3082
2020-06-11 09:43:14.38,12181.17,12055,1790,12060,3152,12045,3082,12040,2765
2020-06-11 09:43:15.43,12185.31,12055,1790,12060,3152,12045,2582,12040,2765
2020-06-11 09:43:17.47,12185.31,12055,1790,12060,3152,12045,2582,12040,2765
2020-06-11 09:43:17.83,12185.31,12055,1790,12060,3152,12045,2582,12040,2765
2020-06-11 09:43:18.39,12185.31,12055,1790,12060,3152,12045,2582,12040,2765
2020-06-11 09:43:20.11,12185.31,12055,1790,12060,3152,12045,2582,12040,2765
2020-06-11 09:43:20.33,12185.31,12055,1790,12060,3152,12045,2582,12040,2765
2020-06-11 09:43:21.14,12185.31,12055,1790,12060,3152,12045,2582,12040,2765
2020-06-11 09:43:22.16,12185.31,12055,96,12060,3152,12050,1926,12045,2582
2020-06-11 09:43:23.19,12185.31,12055,2293,12060,3152,12050,1926,12045,2582
2020-06-11 09:43:23.44,12186.17,12055,2293,12060,3152,12050,1926,12045,3082
2020-06-11 09:43:25.35,12186.17,12055,2238,12060,3152,12045,3082,12040,2765
2020-06-11 09:43:27.64,12186.17,12055,2238,12060,3152,12050,1926,12045,3082
2020-06-11 09:43:30.95,12186.17,12060,3152,12065,2369,12050,1926,12045,3082
2020-06-11 09:43:32.66,12186.17,12055,2238,12060,3152,12050,1926,12045,3082
2020-06-11 09:43:33.76,12186.17,12060,3152,12065,2369,12050,2426,12045,3082
2020-06-11 09:43:34.83,12185.03,12055,2238,12060,3152,12050,2426,12045,3082
2020-06-11 09:43:40.43,12185.03,12060,3152,12065,2369,12050,2426,12045,3082
2020-06-11 09:43:41.22,12185.03,12055,2238,12060,3152,12050,2426,12045,3082
2020-06-11 09:43:43.57,12185.03,12060,3152,12065,2369,12050,2426,12045,3082
2020-06-11 09:43:44.38,12184.31,12060,3152,12065,2369,12050,2426,12045,3082
2020-06-11 09:43:45.12,12184.31,12055,2238,12060,3152,12050,2426,12045,3082
2020-06-11 09:43:47.01,12184.31,12060,3152,12065,2369,12050,2426,12045,3082
2020-06-11 09:43:50.13,12184.31,12055,2238,12060,3152,12050,2426,12045,3082
2020-06-11 09:43:51.19,12184.31,12055,2238,12060,3152,12050,1926,12045,3082
2020-06-11 09:43:56.89,12186.33,12060,3152,12065,2369,12050,1926,12045,3082
2020-06-11 09:43:57.99,12186.33,12055,2238,12060,3152,12050,1926,12045,3082
2020-06-11 09:43:59.45,12186.33,12060,3152,12065,2369,12050,1926,12045,3082
2020-06-11 09:44:00.63,12186.33,12055,2238,12060,3152,12050,1936,12045,3072
2020-06-11 09:44:00.95,12186.33,12060,3152,12065,2369,12050,1936,12045,3072
2020-06-11 09:44:02.09,12186.33,12060,3152,12065,2369,12050,1936,12045,3072
2020-06-11 09:44:02.50,12186.33,12060,3152,12065,2369,12050,1936,12045,3072
2020-06-11 09:44:08.90,12187.95,12060,3152,12065,2369,12050,1936,12045,3072
2020-06-11 09:44:10.11,12187.95,12060,3152,12065,2369,12055,1822,12050,1936
2020-06-11 09:44:10.51,12187.95,12060,3152,12065,2369,12055,1832,12050,1926
2020-06-11 09:44:13.81,12187.95,12060,1284,12065,2369,12055,1831,12050,2426
2020-06-11 09:44:14.82,12187.76,12060,3152,12065,2369,12055,1831,12050,2426
2020-06-11 09:44:15.20,12187.76,12060,3152,12065,2369,12055,10,12050,2426
2020-06-11 09:44:15.84,12187.76,12060,3152,12065,2369,12055,1831,12050,2426
2020-06-11 09:44:17.96,12187.76,12060,3152,12065,2369,12055,10,12050,2426
2020-06-11 09:44:19.10,12187.76,12060,3152,12065,2369,12055,10,12050,1926
2020-06-11 09:44:20.06,12187.76,12060,3142,12065,2369,12055,1821,12050,1926
2020-06-11 09:44:20.46,12187.76,12060,3142,12065,2369,12055,1821,12050,1926
2020-06-11 09:44:21.59,12187.76,12065,2369,12070,2182,12055,1821,12050,2426
2020-06-11 09:44:23.10,12187.76,12065,2369,12070,2182,12055,1821,12050,2426
2020-06-11 09:44:23.45,12187.76,12065,2369,12070,2182,12055,1821,12050,2426
2020-06-11 09:44:24.12,12189.71,12065,2369,12070,2182,12055,1821,12050,1926
2020-06-11 09:44:25.15,12189.71,12065,2369,12070,2182,12055,1821,12050,1926
2020-06-11 09:44:25.45,12189.71,12065,2369,12070,2182,12055,1821,12050,1926
2020-06-11 09:44:28.80,12189.71,12065,2369,12070,2182,12055,1761,12050,1926
2020-06-11 09:44:29.94,12189.71,12065,2369,12070,2182,12055,1761,12050,1926
2020-06-11 09:44:30.93,12189.71,12065,2369,12070,2182,12055,1761,12050,1926
2020-06-11 09:44:30.99,12189.71,12065,2369,12070,2182,12055,1761,12050,1926
2020-06-11 09:44:32.04,12189.71,12065,2369,12070,2182,12055,1761,12050,2426
2020-06-11 09:44:33.15,12189.71,12065,2369,12070,2182,12055,1761,12050,2426
2020-06-11 09:44:34.13,12189.71,12065,2369,12070,2182,12055,1761,12050,2426
2020-06-11 09:44:35.76,12187.75,12065,2369,12070,2182,12055,1761,12050,2426
2020-06-11 09:44:36.85,12187.75,12060,1868,12065,2369,12055,1761,12050,2426
2020-06-11 09:44:37.04,12187.75,12060,1868,12065,2369,12055,2261,12050,2426
2020-06-11 09:44:37.85,12187.75,12065,2369,12070,2182,12055,2261,12050,2426
2020-06-11 09:44:40.57,12187.75,12065,2369,12070,2182,12055,2261,12050,2426
2020-06-11 09:44:43.69,12187.75,12065,2369,12070,2182,12055,2261,12050,2426
2020-06-11 09:44:44.74,12186.26,12065,2369,12070,2182,12055,2261,12050,2426
2020-06-11 09:44:48.94,12186.26,12065,2369,12070,2182,12060,2411,12055,2261
2020-06-11 09:44:50.00,12186.26,12065,2369,12070,2182,12060,2411,12055,2261
2020-06-11 09:44:52.48,12186.26,12065,2369,12070,2182,12055,2261,12050,2426
2020-06-11 09:44:53.91,12188.53,12065,2369,12070,2182,12060,2411,12055,2261
2020-06-11 09:44:56.08,12188.53,12065,501,12070,2182,12060,2411,12055,2261
2020-06-11 09:44:56.81,12188.53,12065,2369,12070,2182,12060,2411,12055,2261
2020-06-11 09:45:00.29,12188.53,12065,2369,12070,2182,12060,2352,12055,2261
2020-06-11 09:45:01.73,12188.53,12065,501,12070,2182,12060,2352,12055,2261
2020-06-11 09:45:02.54,12188.53,12070,2182,12075,1876,12060,2352,12055,2261
2020-06-11 09:45:03.54,12188.53,12065,1868,12070,2182,12060,2352,12055,2261
2020-06-11 09:45:04.56,12189.81,12070,2182,12075,1876,12060,2352,12055,2261
2020-06-11 09:45:09.10,12189.81,12070,2182,12075,1876,12060,2852,12055,2261
2020-06-11 09:45:10.93,12189.81,12070,35,12075,1876,12065,2265,12060,2852
2020-06-11 09:45:12.43,12189.81,12070,2182,12075,1876,12065,2265,12060,2852
2020-06-11 09:45:18.90,12190.7,12075,1876,12080,2250,12065,2265,12060,2852
2020-06-11 09:45:19.87,12190.7,12075,1876,12080,2250,12065,2265,12060,2852
2020-06-11 09:45:20.15,12190.7,12075,1876,12080,2250,12065,2265,12060,2852
2020-06-11 09:45:20.96,12190.7,12075,1876,12080,2250,12065,2265,12060,2852
2020-06-11 09:45:26.18,12194.56,12070,2147,12075,1876,12065,2265,12060,2852
2020-06-11 09:45:32.53,12194.56,12070,2147,12075,1876,12065,2205,12060,2852
2020-06-11 09:45:35.66,12196.98,12070,2147,12075,1876,12060,2852,12055,2261
2020-06-11 09:45:37.01,12196.98,12070,2147,12075,1876,12065,2205,12060,2852
2020-06-11 09:45:38.92,12196.98,12070,2147,12075,1876,12060,2852,12055,2261
2020-06-11 09:45:42.31,12196.98,12070,2147,12075,1876,12065,2205,12060,2852
2020-06-11 09:45:45.64,12196.57,12070,2147,12075,1876,12060,2852,12055,2261
2020-06-11 09:45:48.04,12196.57,12070,2147,12075,1876,12065,2205,12060,2852
2020-06-11 09:45:50.88,12196.57,12075,1876,12080,2250,12065,2205,12060,2852
2020-06-11 09:45:51.91,12196.57,12070,2147,12075,1876,12060,2852,12055,2261
2020-06-11 09:45:52.93,12196.57,12070,2147,12075,1876,12065,2205,12060,2852
2020-06-11 09:45:59.01,12193.03,12070,2148,12075,1876,12065,2205,12060,2852
2020-06-11 09:46:01.80,12193.03,12070,2148,12075,1876,12065,2205,12060,2852
2020-06-11 09:46:03.83,12195.56,12070,2148,12075,1876,12065,2205,12060,2852
2020-06-11 09:46:04.91,12195.56,12070,1,12075,1876,12065,2646,12060,2852
2020-06-11 09:46:05.44,12195.56,12075,1876,12080,2251,12065,2146,12060,2852
2020-06-11 09:46:06.49,12195.56,12075,1876,12080,2252,12065,2146,12060,2852
2020-06-11 09:46:06.99,12195.56,12075,1876,12080,2252,12065,2646,12060,2852
2020-06-11 09:46:08.03,12195.56,12075,1876,12080,2252,12065,2646,12060,2852
2020-06-11 09:46:09.44,12195.56,12075,1876,12080,2252,12070,2772,12065,2646
2020-06-11 09:46:10.21,12195.56,12075,1876,12080,2252,12070,2272,12065,2646
2020-06-11 09:46:11.16,12195.56,12075,1,12080,2252,12070,2272,12065,2646
2020-06-11 09:46:11.41,12195.56,12080,2252,12085,1968,12070,2272,12065,2646
2020-06-11 09:46:12.70,12195.56,12080,2252,12085,1968,12075,12,12070,2272
2020-06-11 09:46:14.34,12196.29,12080,2252,12085,1968,12075,12,12070,2272
2020-06-11 09:46:18.03,12196.29,12080,2252,12085,1968,12075,1938,12070,2272
2020-06-11 09:46:20.00,12196.29,12080,2252,12085,1968,12075,1938,12070,2772
2020-06-11 09:46:21.17,12196.29,12080,2240,12085,1968,12075,1926,12070,2772
2020-06-11 09:46:21.64,12196.29,12080,2,12085,1968,12075,1926,12070,2772
2020-06-11 09:46:22.72,12196.29,12085,1968,12090,1921,12075,1926,12070,2772
2020-06-11 09:46:22.95,12196.29,12085,1968,12090,1921,12075,1926,12070,2272
2020-06-11 09:46:23.69,12196.29,12085,1968,12090,1921,12075,1926,12070,2272
2020-06-11 09:46:25.86,12200.28,12080,2238,12085,1968,12075,1926,12070,2272
2020-06-11 09:46:26.89,12200.28,12080,2238,12085,1968,12070,2272,12065,2146
2020-06-11 09:46:35.32,12200.23,12080,2238,12085,1968,12075,1926,12070,2272
2020-06-11 09:46:37.60,12200.23,12080,2238,12085,1968,12075,1866,12070,2272
2020-06-11 09:46:38.45,12200.23,12080,2238,12085,1968,12070,2272,12065,2146
2020-06-11 09:46:40.63,12200.23,12080,2238,12085,1968,12070,2272,12065,2146
2020-06-11 09:47:05.27,12200.51,12080,2238,12085,1968,12070,2272,12065,2146
2020-06-11 09:47:05.50,12200.51,12080,2238,12085,1968,12070,2272,12065,2146
2020-06-11 09:47:06.84,12200.51,12080,2238,12085,1968,12075,1866,12070,2272
2020-06-11 09:47:08.14,12200.51,12080,2238,12085,1968,12070,2272,12065,2146
2020-06-11 09:47:09.87,12200.51,12080,2238,12085,1968,12075,1807,12070,2272
2020-06-11 09:47:13.90,12200.51,12080,2238,12085,1968,12070,2272,12065,2146
2020-06-11 09:47:19.95,12199.9,12080,2238,12085,1968,12075,1807,12070,2272
2020-06-11 09:47:21.34,12199.9,12085,1968,12090,1921,12075,1807,12070,2272
2020-06-11 09:47:22.57,12199.9,12085,1968,12090,1921,12075,1807,12070,2272
2020-06-11 09:47:23.53,12199.9,12085,1968,12090,1921,12075,1807,12070,2272
2020-06-11 09:47:24.56,12200.72,12085,1968,12090,1921,12075,1807,12070,2272
2020-06-11 09:47:24.84,12200.72,12085,1968,12090,1921,12075,1807,12070,2272
2020-06-11 09:47:27.76,12200.72,12085,1968,12090,1921,12075,1807,12070,2272
2020-06-11 09:47:28.31,12200.72,12080,2238,12085,1968,12075,1807,12070,2272
2020-06-11 09:47:29.43,12200.72,12080,2238,12085,1968,12075,1807,12070,2272
2020-06-11 09:47:30.34,12200.72,12080,2238,12085,1968,12075,1807,12070,2272
2020-06-11 09:47:32.41,12200.72,12080,2226,12085,1968,12075,1807,12070,2272
2020-06-11 09:47:37.01,12202.91,12085,1968,12090,1926,12075,1807,12070,2272
2020-06-11 09:47:41.22,12202.91,12085,1968,12090,1926,12075,1747,12070,2272
2020-06-11 09:47:43.82,12202.91,12085,100,12090,1926,12080,1761,12075,1747
2020-06-11 09:47:44.07,12203.98,12090,1926,12095,2220,12085,2252,12080,1761
2020-06-11 09:47:44.96,12203.98,12090,1926,12095,2220,12085,252,12080,1761
2020-06-11 09:47:45.38,12203.98,12085,1868,12090,1926,12080,1761,12075,1747
2020-06-11 09:47:45.94,12203.98,12085,1868,12090,1926,12075,1747,12070,2272
2020-06-11 09:47:47.28,12203.98,12085,1868,12090,1926,12075,1747,12070,2272
2020-06-11 09:47:52.17,12203.98,12085,1868,12090,1926,12080,1761,12075,1747
2020-06-11 09:47:52.80,12203.98,12090,1926,12095,2220,12080,1761,12075,1747
2020-06-11 09:47:54.09,12207.32,12085,1868,12090,1926,12080,1761,12075,1747
2020-06-11 09:47:58.22,12207.32,12090,1926,12095,2220,12080,1761,12075,1747
2020-06-11 09:47:59.51,12207.32,12090,1926,12095,2220,12080,1761,12075,1747
2020-06-11 09:48:01.54,12207.32,12085,1868,12090,1926,12080,1761,12075,1747
2020-06-11 09:48:02.29,12207.32,12090,1926,12095,2220,12085,1894,12080,1761
2020-06-11 09:48:03.84,12207.32,12090,58,12095,2220,12085,1894,12080,1761
2020-06-11 09:48:05.14,12207.1,12090,58,12095,2220,12085,1894,12080,1761
2020-06-11 09:48:05.92,12207.1,12090,1926,12095,2220,12080,1761,12075,1747
2020-06-11 09:48:06.93,12207.1,12090,1926,12095,2220,12080,1761,12075,1747
2020-06-11 09:48:07.26,12207.1,12090,1926,12095,2220,12085,1894,12080,1761
2020-06-11 09:48:08.00,12207.1,12090,58,12095,2220,12085,1894,12080,1761
2020-06-11 09:48:09.06,12207.1,12095,73,12100,7307,12090,2086,12085,1894
2020-06-11 09:48:09.43,12207.1,12095,2220,12100,7307,12090,2086,12085,1894
2020-06-11 09:48:10.21,12207.1,12095,2220,12100,7307,12085,1894,12080,1761
2020-06-11 09:48:13.84,12207.1,12095,2220,12100,7307,12085,1835,12080,1761
2020-06-11 09:48:14.98,12209.22,12095,73,12100,7307,12090,2086,12085,1835
2020-06-11 09:48:18.13,12209.22,12095,2220,12100,7307,12090,2086,12085,1835
2020-06-11 09:48:18.34,12209.22,12095,73,12100,7307,12090,2086,12085,1835
2020-06-11 09:48:20.15,12209.22,12095,73,12100,7310,12090,2086,12085,1835
2020-06-11 09:48:20.44,12209.22,12095,2220,12100,7310,12090,2086,12085,1835
2020-06-11 09:48:21.24,12209.22,12095,73,12100,7310,12090,2086,12085,1835
2020-06-11 09:48:23.04,12209.22,12095,2220,12100,7310,12090,2086,12085,1835
2020-06-11 09:48:23.90,12210.2,12095,2220,12100,7310,12090,2085,12085,1835
2020-06-11 09:48:25.13,12210.2,12095,73,12100,7310,12090,2085,12085,1835
2020-06-11 09:48:27.05,12210.2,12095,72,12100,7310,12090,2085,12085,1835
2020-06-11 09:48:28.10,12210.2,12095,2219,12100,7310,12090,2085,12085,1835
2020-06-11 09:48:28.38,12210.2,12095,2219,12100,7310,12090,1314,12085,1835
2020-06-11 09:48:29.16,12210.2,12095,2219,12100,7310,12085,1835,12080,1761
2020-06-11 09:48:30.57,12210.2,12095,2219,12100,7310,12090,1894,12085,1835
2020-06-11 09:48:31.75,12210.2,12095,2219,12100,7310,12090,1463,12085,1835
2020-06-11 09:48:31.97,12210.2,12095,2219,12100,7310,12090,1463,12085,1835
2020-06-11 09:48:35.30,12211.13,12095,2219,12100,7310,12090,1463,12085,1835
2020-06-11 09:48:35.97,12211.13,12095,2219,12100,7310,12085,1835,12080,1761
2020-06-11 09:48:38.33,12211.13,12095,2219,12100,7310,12085,1835,12080,1761
2020-06-11 09:48:39.05,12211.13,12095,2219,12100,7310,12085,1835,12080,1761
2020-06-11 09:48:39.44,12211.13,12090,1868,12095,2219,12085,1835,12080,1761
2020-06-11 09:48:41.09,12211.13,12095,2219,12100,7310,12085,1835,12080,1761
2020-06-11 09:48:42.63,12211.13,12095,2219,12100,7310,12085,1735,12080,1761
2020-06-11 09:48:45.12,12212.39,12095,2219,12100,7310,12085,1675,12080,1761
2020-06-11 09:48:45.84,12212.39,12095,2219,12100,7310,12085,1675,12080,1761
2020-06-11 09:48:46.34,12212.39,12095,2219,12100,7310,12085,1675,12080,1761
2020-06-11 09:48:48.05,12212.39,12095,2219,12100,7310,12090,1894,12085,1675
2020-06-11 09:48:48.28,12212.39,12095,72,12100,7310,12090,1894,12085,1675
2020-06-11 09:48:52.20,12212.39,12095,72,12100,7310,12090,1894,12085,1675
2020-06-11 09:48:52.70,12212.39,12095,72,12100,7310,12090,1894,12085,1675
2020-06-11 09:48:53.81,12212.39,12095,72,12100,7310,12090,1894,12085,1675
2020-06-11 09:48:54.14,12213.28,12095,72,12100,7310,12090,1894,12085,1675
2020-06-11 09:48:54.76,12213.28,12095,2219,12100,7310,12090,1894,12085,1675
2020-06-11 09:48:56.20,12213.28,12095,2219,12100,7310,12090,1894,12085,1675
2020-06-11 09:48:56.95,12213.28,12095,2219,12100,7310,12090,1894,12085,1675
2020-06-11 09:48:58.28,12213.28,12095,2219,12100,7310,12085,1675,12080,1761
2020-06-11 09:48:59.09,12213.28,12095,2219,12100,7310,12090,1894,12085,1675
2020-06-11 09:49:00.64,12213.28,12095,2219,12100,7310,12090,1894,12085,1675
2020-06-11 09:49:03.21,12213.28,12095,72,12100,7310,12090,1894,12085,1675
2020-06-11 09:49:17.40,12213.5,12095,72,12100,7310,12090,1835,12085,1675
2020-06-11 09:49:25.94,12214.55,12100,5435,12105,2280,12095,1723,12090,1835
2020-06-11 09:49:26.24,12214.55,12100,5435,12105,2280,12095,1621,12090,1835
2020-06-11 09:49:26.86,12214.55,12100,5435,12105,2280,12095,1621,12090,1835
2020-06-11 09:49:28.02,12214.55,12100,7310,12105,2280,12090,1835,12085,1675
2020-06-11 09:49:37.01,12213.46,12100,7310,12105,2280,12090,1835,12085,1675
2020-06-11 09:49:49.54,12212.22,12100,7310,12105,2280,12090,1775,12085,1675
2020-06-11 09:49:53.43,12212.22,12100,7310,12105,2280,12095,2420,12090,1775
2020-06-11 09:49:54.33,12213.47,12100,7310,12105,2280,12095,2347,12090,1775
2020-06-11 09:49:54.71,12213.47,12100,7310,12105,2280,12095,2154,12090,1775
2020-06-11 09:49:55.89,12213.47,12100,7310,12105,2280,12095,1812,12090,1775
2020-06-11 09:49:56.02,12213.47,12100,7310,12105,2280,12090,1775,12085,1675
2020-06-11 09:50:00.14,12213.47,12100,7310,12105,2280,12095,2420,12090,1775
2020-06-11 09:50:05.03,12211.21,12100,7310,12105,2280,12095,2420,12090,1775
2020-06-11 09:50:05.47,12211.21,12100,7310,12105,2280,12090,1775,12085,1675
2020-06-11 09:50:06.41,12211.21,12100,7310,12105,2280,12095,2420,12090,1775
2020-06-11 09:50:07.45,12211.21,12100,7310,12105,2280,12095,2420,12090,1775
2020-06-11 09:50:07.83,12211.21,12100,7310,12105,2280,12090,1775,12085,1675
2020-06-11 09:50:08.55,12211.21,12100,7310,12105,2280,12090,1775,12085,1675
2020-06-11 09:50:09.91,12211.21,12100,7310,12105,2280,12095,2420,12090,1775
2020-06-11 09:50:10.72,12211.21,12100,7310,12105,2280,12095,2420,12090,1775
2020-06-11 09:50:16.34,12212.59,12100,7410,12105,2280,12095,2420,12090,1775
2020-06-11 09:50:18.76,12212.59,12100,7410,12105,2280,12095,2420,12090,1775
2020-06-11 09:50:19.60,12212.59,12100,5535,12105,2280,12095,2420,12090,1775
2020-06-11 09:50:20.54,12212.59,12100,5535,12105,2280,12095,2420,12090,1775
2020-06-11 09:50:20.71,12212.59,12100,7535,12105,2280,12095,2420,12090,1775
2020-06-11 09:50:21.65,12212.59,12100,7535,12105,2280,12095,2361,12090,1775
2020-06-11 09:50:23.85,12212.59,12100,7535,12105,2280,12095,2361,12090,1775
2020-06-11 09:50:24.82,12213.53,12100,7535,12105,2280,12095,2361,12090,1775
2020-06-11 09:50:28.02,12213.53,12100,7535,12105,2280,12095,2361,12090,1775
2020-06-11 09:50:28.26,12213.53,12100,7535,12105,2280,12095,2361,12090,1775
2020-06-11 09:50:30.10,12213.53,12100,7535,12105,2280,12095,2361,12090,1775
2020-06-11 09:50:30.85,12213.53,12100,10578,12105,2280,12095,2361,12090,1775
2020-06-11 09:50:31.68,12213.53,12100,7535,12105,2280,12095,2361,12090,1775
2020-06-11 09:50:35.87,12215.36,12100,7535,12105,2280,12095,2361,12090,1775
2020-06-11 09:50:39.99,12215.36,12100,7535,12105,2280,12095,2361,12090,1775
2020-06-11 09:50:40.13,12215.36,12100,7535,12105,2280,12095,2361,12090,1775
2020-06-11 09:50:43.53,12216.72,12100,7535,12105,2280,12095,2361,12090,1775
2020-06-11 09:50:46.53,12216.72,12100,7535,12105,2280,12095,2361,12090,1775
2020-06-11 09:50:47.35,12216.72,12100,7535,12105,2280,12095,2359,12090,1775
2020-06-11 09:50:47.61,12216.72,12100,7535,12105,2280,12095,2359,12090,1775
2020-06-11 09:50:49.74,12216.72,12100,7535,12105,2280,12095,2359,12090,1775
2020-06-11 09:50:52.64,12216.72,12100,7535,12105,2280,12095,2359,12090,1775
2020-06-11 09:50:53.66,12216.72,12100,7535,12105,2280,12095,2299,12090,1775
2020-06-11 09:50:56.37,12219.73,12100,7535,12105,2280,12095,2299,12090,1775
2020-06-11 09:50:56.67,12219.73,12100,7535,12105,2280,12095,2299,12090,1775
2020-06-11 09:50:58.90,12219.73,12105,2280,12110,1879,12095,2299,12090,1775
2020-06-11 09:50:59.37,12219.73,12105,2280,12110,1879,12095,2299,12090,1775
2020-06-11 09:51:00.48,12219.73,12105,2280,12110,1879,12095,2299,12090,1775
2020-06-11 09:51:00.78,12219.73,12105,2280,12110,1879,12100,3637,12095,2299
2020-06-11 09:51:02.93,12219.73,12105,2280,12110,1879,12095,2299,12090,1775
2020-06-11 09:51:04.64,12219.73,12105,2280,12110,1879,12095,2299,12090,1775
2020-06-11 09:51:05.73,12219.19,12105,2280,12110,1879,12095,2299,12090,1775
2020-06-11 09:51:06.23,12219.19,12100,3043,12105,2280,12095,2299,12090,1775
2020-06-11 09:51:08.18,12219.19,12100,3043,12105,2280,12090,1775,12085,1675
2020-06-11 09:51:08.90,12219.19,12100,3043,12105,2280,12090,1775,12085,1675
2020-06-11 09:51:09.43,12219.19,12100,3043,12105,2280,12090,1775,12085,1675
2020-06-11 09:51:10.43,12219.19,12100,3043,12105,2280,12090,1775,12085,1675
2020-06-11 09:51:10.82,12219.19,12100,3043,12105,2280,12090,1775,12085,1675
2020-06-11 09:51:11.69,12219.19,12095,3637,12100,3043,12090,3637,12085,1675
2020-06-11 09:51:12.54,12219.19,12095,3637,12100,3043,12090,3637,12085,1675
2020-06-11 09:51:13.71,12219.19,12095,3637,12100,3043,12090,3637,12085,1675
2020-06-11 09:51:14.24,12223.14,12095,3637,12100,3043,12090,3637,12085,1675
2020-06-11 09:51:15.24,12223.14,12100,3043,12105,2280,12090,3637,12085,1675
2020-06-11 09:51:15.49,12223.14,12095,3637,12100,3043,12085,1675,12080,1761
2020-06-11 09:51:16.33,12223.14,12095,3637,12100,3043,12085,1675,12080,1761
2020-06-11 09:51:16.77,12223.14,12090,3637,12095,3637,12085,1675,12080,1761
2020-06-11 09:51:17.44,12223.14,12090,3637,12095,3637,12085,1675,12080,1761
2020-06-11 09:51:18.39,12223.14,12090,3637,12095,3637,12085,1675,12080,1761
2020-06-11 09:51:18.80,12223.14,12095,3637,12100,3043,12085,1675,12080,1761
2020-06-11 09:51:19.47,12223.14,12095,3637,12100,3043,12085,1675,12080,1761
2020-06-11 09:51:20.58,12223.14,12095,3637,12100,3043,12085,1675,12080,1761
2020-06-11 09:51:20.97,12223.14,12095,3637,12100,3043,12090,3637,12085,1675
2020-06-11 09:51:22.16,12223.14,12095,3637,12100,3043,12090,3637,12085,1675
2020-06-11 09:51:22.60,12223.14,12100,3043,12105,2280,12090,3637,12085,1675
2020-06-11 09:51:25.14,12224.53,12100,3043,12105,2280,12090,3578,12085,1675
2020-06-11 09:51:27.42,12224.53,12095,3637,12100,3043,12090,3578,12085,1675
2020-06-11 09:51:34.73,12226.14,12095,3637,12100,3043,12085,1675,12080,1761
2020-06-11 09:51:35.87,12226.14,12090,3637,12095,3637,12085,1675,12080,1761
2020-06-11 09:51:36.17,12226.14,12095,3637,12100,3043,12085,1675,12080,1761
2020-06-11 09:51:37.94,12226.14,12095,3637,12100,3043,12085,1675,12080,1761
2020-06-11 09:51:38.17,12226.14,12095,3637,12100,3043,12090,3578,12085,1675
2020-06-11 09:51:39.00,12226.14,12095,3637,12100,3043,12090,3578,12085,1675
2020-06-11 09:51:41.11,12226.14,12100,3043,12105,2280,12090,3578,12085,1675
2020-06-11 09:51:44.73,12225.62,12095,3637,12100,3043,12090,3578,12085,1675
2020-06-11 09:51:44.90,12225.62,12095,3637,12100,3043,12085,1675,12080,1761
2020-06-11 09:51:46.03,12225.62,12095,3637,12100,3043,12085,1675,12080,1761
2020-06-11 09:51:47.29,12225.62,12095,3637,12100,3043,12085,1675,12080,1761
2020-06-11 09:51:51.59,12225.62,12100,3043,12105,2280,12090,3578,12085,1675
2020-06-11 09:51:52.65,12225.62,12095,3637,12100,3043,12090,3578,12085,1675
2020-06-11 09:51:53.71,12225.62,12095,3637,12100,3043,12090,3578,12085,1675
2020-06-11 09:51:54.70,12216.23,12095,3637,12100,3043,12085,1675,12080,1761
2020-06-11 09:51:58.44,12216.23,12095,3637,12100,3043,12090,3518,12085,1675
2020-06-11 09:51:58.74,12216.23,12095,3637,12100,3043,12090,3718,12085,1675
2020-06-11 09:52:00.10,12216.23,12095,3637,12100,3043,12090,3718,12085,1675
2020-06-11 09:52:01.57,12216.23,12100,3043,12105,2280,12090,3718,12085,1675
2020-06-11 09:52:05.82,12212.27,12100,3043,12105,2280,12090,3718,12085,1675
2020-06-11 09:52:06.14,12212.27,12100,3043,12105,2280,12090,3718,12085,1675
2020-06-11 09:52:06.83,12212.27,12100,3043,12105,2280,12090,3718,12085,1675
2020-06-11 09:52:07.89,12212.27,12100,3043,12105,2280,12095,3637,12090,3718
2020-06-11 09:52:08.24,12212.27,12105,2280,12110,1879,12095,3637,12090,3718
2020-06-11 09:52:10.03,12212.27,12105,2280,12110,1879,12100,3637,12095,3637
2020-06-11 09:52:10.42,12212.27,12105,2280,12110,1879,12100,3637,12095,3637
2020-06-11 09:52:11.57,12212.27,12105,2280,12110,1879,12100,3637,12095,3637
2020-06-11 09:52:12.00,12212.27,12105,2280,12110,1879,12095,3637,12090,3718
2020-06-11 09:52:12.63,12212.27,12105,2280,12110,1879,12095,3637,12090,3718
2020-06-11 09:52:13.89,12211.13,12105,2280,12110,1879,12095,3637,12090,3718
2020-06-11 09:52:15.13,12211.13,12105,2280,12110,1879,12095,3637,12090,3718
2020-06-11 09:52:17.31,12211.13,12105,2280,12110,1879,12095,3637,12090,3718
2020-06-11 09:52:18.53,12211.13,12100,3043,12105,2280,12095,3637,12090,3718
2020-06-11 09:52:20.50,12211.13,12100,3043,12105,2280,12090,3718,12085,1675
2020-06-11 09:52:20.94,12211.13,12100,3043,12105,2280,12090,3718,12085,1675
2020-06-11 09:52:22.06,12211.13,12100,3043,12105,2280,12090,3718,12085,1675
2020-06-11 09:52:23.48,12211.13,12100,3043,12105,2280,12090,3718,12085,1675
2020-06-11 09:52:24.58,12206.91,12100,3043,12105,2280,12090,3518,12085,1675
2020-06-11 09:52:24.84,12206.91,12100,3043,12105,2280,12090,3518,12085,1675
2020-06-11 09:52:25.65,12206.91,12100,3043,12105,2280,12090,3518,12085,1675
2020-06-11 09:52:26.65,12206.91,12095,3637,12100,3043,12090,3518,12085,1675
2020-06-11 09:52:27.03,12206.91,12095,3637,12100,3043,12085,1675,12080,1761
2020-06-11 09:52:28.90,12206.91,12095,3637,12100,3043,12085,1675,12080,1761
2020-06-11 09:52:29.81,12206.91,12095,3637,12100,3043,12085,1675,12080,1761
2020-06-11 09:52:30.23,12206.91,12095,3637,12100,3043,12085,1616,12080,1761
2020-06-11 09:52:31.42,12206.91,12095,3637,12100,3043,12085,1616,12080,1761
2020-06-11 09:52:32.73,12206.91,12095,3637,12100,3043,12085,1616,12080,1761
2020-06-11 09:52:34.14,12199.52,12095,3637,12100,3043,12090,3518,12085,1616
2020-06-11 09:52:35.12,12199.52,12095,3637,12100,3043,12090,3518,12085,1616
2020-06-11 09:52:35.48,12199.52,12095,3637,12100,3043,12090,3518,12085,1616
2020-06-11 09:52:36.23,12199.52,12100,3043,12105,2280,12090,3518,12085,1616
2020-06-11 09:52:37.20,12199.52,12100,3043,12105,2280,12090,3518,12085,1616
2020-06-11 09:52:38.24,12199.52,12100,3043,12105,2280,12095,3231,12090,3518
2020-06-11 09:52:39.32,12199.52,12100,3043,12105,2280,12095,3231,12090,3518
2020-06-11 09:52:40.32,12199.52,12100,3043,12105,2280,12095,3211,12090,3518
2020-06-11 09:52:41.46,12199.52,12100,3043,12105,2280,12095,3208,12090,3518
2020-06-11 09:52:41.63,12199.52,12100,3043,12105,2280,12095,3208,12090,3518
2020-06-11 09:52:44.02,12203.96,12100,3043,12105,2280,12090,3518,12085,1616
2020-06-11 09:52:45.10,12203.96,12100,3043,12105,2280,12090,3518,12085,1616
2020-06-11 09:52:45.23,12203.96,12100,3043,12105,2280,12090,3518,12085,1616
2020-06-11 09:52:48.93,12203.96,12095,3637,12100,3043,12090,3518,12085,1616
2020-06-11 09:52:49.82,12203.96,12095,3639,12100,3043,12085,1616,12080,1761
2020-06-11 09:52:50.13,12203.96,12095,3639,12100,3043,12085,1616,12080,1761
2020-06-11 09:52:53.54,12203.96,12095,3639,12100,3043,12090,3518,12085,1616
2020-06-11 09:52:54.66,12202.74,12095,3639,12100,3043,12090,3518,12085,1616
2020-06-11 09:52:58.13,12202.74,12095,3639,12100,3043,12085,1616,12080,1761
2020-06-11 09:52:58.80,12202.74,12095,3639,12100,3043,12085,1616,12080,1761
2020-06-11 09:53:00.33,12202.74,12095,3639,12100,3043,12085,1616,12080,1761
2020-06-11 09:53:00.83,12202.74,12095,3639,12100,3043,12090,3518,12085,1616
2020-06-11 09:53:02.00,12202.74,12095,3639,12100,3043,12090,3518,12085,1616
2020-06-11 09:53:02.36,12202.74,12095,3639,12100,3043,12090,3458,12085,1616
2020-06-11 09:53:03.50,12202.74,12095,2,12100,3043,12090,3458,12085,1616
2020-06-11 09:53:09.33,12201.83,12095,3639,12100,3043,12090,3458,12085,1616
2020-06-11 09:53:09.53,12201.83,12095,3639,12100,3043,12090,3458,12085,1616
2020-06-11 09:53:10.34,12201.83,12095,2,12100,3043,12090,3458,12085,1616
2020-06-11 09:53:11.56,12201.83,12100,3043,12105,2380,12090,3458,12085,1616
2020-06-11 09:53:12.42,12201.83,12100,3043,12105,2380,12090,3458,12085,1616
2020-06-11 09:53:12.90,12201.83,12100,3043,12105,2380,12090,3458,12085,1616
2020-06-11 09:53:15.08,12196.98,12100,3043,12105,2380,12090,3458,12085,1616
2020-06-11 09:53:15.47,12196.98,12100,3043,12105,2380,12090,3458,12085,1616
2020-06-11 09:53:17.33,12196.98,12100,3043,12105,2380,12090,3458,12085,1616
2020-06-11 09:53:18.26,12196.98,12100,3043,12105,2380,12090,3458,12085,1616
2020-06-11 09:53:18.82,12196.98,12100,3043,12105,2380,12090,3458,12085,1616
2020-06-11 09:53:19.79,12196.98,12100,3043,12105,2380,12090,3458,12085,1616
2020-06-11 09:53:21.92,12196.98,12100,3043,12105,2380,12095,3206,12090,3458
2020-06-11 09:53:22.84,12196.98,12100,3043,12105,2380,12095,3206,12090,3458
2020-06-11 09:53:23.98,12196.98,12100,3043,12105,2380,12095,3206,12090,3458
2020-06-11 09:53:26.20,12196.41,12100,3043,12105,2380,12095,3206,12090,3458
2020-06-11 09:53:27.18,12196.41,12100,3043,12105,2380,12090,3458,12085,1616
2020-06-11 09:53:29.13,12196.41,12100,3043,12105,2380,12090,3458,12085,1616
2020-06-11 09:53:29.73,12196.41,12100,3043,12105,2380,12095,3206,12090,3458
2020-06-11 09:53:31.35,12196.41,12100,3043,12105,2380,12090,3458,12085,1616
2020-06-11 09:53:31.77,12196.41,12100,3043,12105,2380,12095,3206,12090,3458
2020-06-11 09:53:34.94,12201.31,12100,3043,12105,2380,12095,3147,12090,3458
2020-06-11 09:53:36.07,12201.31,12100,3043,12105,2380,12095,3147,12090,3458
2020-06-11 09:53:37.69,12201.31,12100,3043,12105,2380,12095,3147,12090,3458
2020-06-11 09:53:37.87,12201.31,12100,3043,12105,2380,12095,3147,12090,3458
2020-06-11 09:53:38.66,12201.31,12100,3043,12105,2380,12090,3458,12085,1616
2020-06-11 09:53:43.49,12201.31,12100,3043,12105,2380,12095,3147,12090,3458
2020-06-11 09:53:45.80,12202.95,12100,3043,12105,2380,12095,3147,12090,3458
2020-06-11 09:53:46.30,12202.95,12100,3043,12105,2380,12090,3458,12085,1616
2020-06-11 09:53:47.05,12202.95,12100,3043,12105,2380,12095,3147,12090,3458
2020-06-11 09:53:48.24,12202.95,12100,3043,12105,2380,12095,3147,12090,3458
2020-06-11 09:53:48.44,12202.95,12100,3076,12105,2380,12095,3147,12090,3458
2020-06-11 09:53:49.22,12202.95,12100,3076,12105,2380,12095,3147,12090,3458
2020-06-11 09:53:50.33,12202.95,12100,33,12105,2380,12095,3147,12090,3458
2020-06-11 09:53:51.42,12202.95,12100,33,12105,2380,12095,3147,12090,3458
2020-06-11 09:53:52.39,12202.95,12100,33,12105,2380,12095,3147,12090,3458
2020-06-11 09:53:54.59,12205.33,12100,3076,12105,2413,12095,3147,12090,3458
2020-06-11 09:53:54.94,12205.33,12100,3076,12105,2413,12090,3458,12085,1616
2020-06-11 09:53:57.16,12205.33,12100,3076,12105,2413,12090,3458,12085,1616
2020-06-11 09:53:58.37,12205.33,12100,3076,12105,2413,12095,3147,12090,3458
2020-06-11 09:53:59.28,12205.33,12100,33,12105,2413,12095,3147,12090,3458
2020-06-11 09:53:59.83,12205.33,12105,2413,12110,1912,12095,3147,12090,3458
2020-06-11 09:54:00.87,12205.33,12105,2413,12110,1912,12095,3147,12090,3458
2020-06-11 09:54:01.33,12205.33,12105,2413,12110,1912,12095,3147,12090,3458
2020-06-11 09:54:01.94,12205.33,12105,2413,12110,1912,12100,3637,12095,3147
2020-06-11 09:54:02.94,12205.33,12105,3604,12110,1912,12100,3637,12095,3147
2020-06-11 09:54:03.33,12205.33,12110,1912,12115,3644,12100,3637,12095,3147
2020-06-11 09:54:04.03,12209.65,12110,1912,12115,3644,12100,3637,12095,3147
2020-06-11 09:54:05.08,12209.65,12105,3417,12110,1912,12100,3637,12095,3147
2020-06-11 09:54:05.31,12209.65,12105,3417,12110,1912,12095,3147,12090,3458
2020-06-11 09:54:06.14,12209.65,12105,3417,12110,1912,12095,3147,12090,3458
2020-06-11 09:54:07.18,12209.65,12105,3417,12110,1912,12095,3087,12090,3458
2020-06-11 09:54:07.64,12209.65,12105,3417,12110,1912,12095,3087,12090,3458
2020-06-11 09:54:09.03,12209.65,12105,3417,12110,1912,12095,3087,12090,3458
2020-06-11 09:54:10.73,12209.65,12105,3417,12110,1912,12095,3087,12090,3458
2020-06-11 09:54:11.82,12209.65,12105,3417,12110,1912,12095,3087,12090,3458
2020-06-11 09:54:12.07,12209.65,12105,3417,12110,1912,12095,3087,12090,3458
2020-06-11 09:54:14.01,12209.65,12105,3417,12110,1912,12095,3087,12090,3458
2020-06-11 09:54:15.03,12207.84,12105,3417,12110,1912,12095,3087,12090,3458
2020-06-11 09:54:15.29,12207.84,12105,3417,12110,1912,12095,3087,12090,3458
2020-06-11 09:54:18.43,12207.84,12105,3417,12110,1912,12095,3087,12090,3458
2020-06-11 09:54:19.77,12207.84,12105,3417,12110,1912,12095,3087,12090,3458
2020-06-11 09:54:21.26,12207.84,12100,3043,12105,3417,12095,3087,12090,3458
2020-06-11 09:54:30.35,12210.21,12105,3417,12110,1912,12095,3087,12090,3458
2020-06-11 09:54:36.64,12208.22,12100,3189,12105,3417,12095,3087,12090,3458
2020-06-11 09:54:38.74,12208.22,12100,3189,12105,3417,12095,3028,12090,3458
2020-06-11 09:54:39.13,12208.22,12100,3189,12105,3417,12090,3458,12085,1616
2020-06-11 09:54:40.00,12208.22,12100,3189,12105,3417,12090,3325,12085,1616
2020-06-11 09:54:47.80,12213.95,12100,3189,12105,3417,12090,3325,12085,1616
2020-06-11 09:54:48.28,12213.95,12095,3637,12100,3189,12090,3325,12085,1616
2020-06-11 09:54:49.55,12213.95,12095,3637,12100,3189,12085,1616,12080,1761
2020-06-11 09:54:50.34,12213.95,12095,3637,12100,3189,12085,1616,12080,1761
2020-06-11 09:54:52.00,12213.95,12095,3637,12100,3189,12090,3325,12085,1616
2020-06-11 09:54:54.47,12207.35,12095,3637,12100,3189,12085,1616,12080,1761
2020-06-11 09:54:55.64,12207.35,12095,3637,12100,3189,12085,1616,12080,1761
2020-06-11 09:54:55.84,12207.35,12095,3637,12100,3189,12085,1616,12080,1761
2020-06-11 09:54:58.84,12207.35,12095,3637,12100,3189,12085,1616,12080,1761
2020-06-11 09:54:59.89,12207.35,12100,3189,12105,3417,12090,3325,12085,1616
2020-06-11 09:55:01.82,12207.35,12100,3189,12105,3417,12090,3325,12085,1616
2020-06-11 09:55:03.93,12207.35,12100,3189,12105,3417,12090,3325,12085,1616
2020-06-11 09:55:05.49,12210.0,12100,3189,12105,3417,12090,3325,12085,1616
2020-06-11 09:55:07.90,12210.0,12100,3189,12105,3447,12090,3325,12085,1616
2020-06-11 09:55:10.05,12210.0,12100,3189,12105,3447,12090,3265,12085,1616
2020-06-11 09:55:10.88,12210.0,12095,3637,12100,3189,12090,3265,12085,1616
2020-06-11 09:55:11.98,12210.0,12100,3189,12105,3447,12090,3265,12085,1616
2020-06-11 09:55:13.21,12210.0,12100,3189,12105,3447,12090,3132,12085,1616
2020-06-11 09:55:16.72,12209.59,12095,3637,12100,3189,12090,3132,12085,1616
2020-06-11 09:55:19.82,12209.59,12095,3637,12100,3189,12085,1616,12080,1761
2020-06-11 09:55:20.07,12209.59,12095,3637,12100,3189,12085,1616,12080,1761
2020-06-11 09:55:22.24,12209.59,12095,3637,12100,3189,12090,3132,12085,1616
2020-06-11 09:55:24.05,12209.59,12095,3637,12100,3189,12085,1616,12080,1761
2020-06-11 09:55:25.60,12211.8,12090,2754,12095,3637,12085,2754,12080,1761
2020-06-11 09:55:26.64,12211.8,12095,3637,12100,3189,12085,2754,12080,1761
2020-06-11 09:55:28.78,12211.8,12090,2754,12095,3637,12085,2754,12080,1761
2020-06-11 09:55:29.85,12211.8,12090,2754,12095,3637,12085,2754,12080,1761
2020-06-11 09:55:30.20,12211.8,12090,2754,12095,3637,12085,2754,12080,1761
2020-06-11 09:55:31.95,12211.8,12090,2754,12095,3637,12085,2754,12080,1761
2020-06-11 09:55:33.52,12211.8,12090,2754,12095,3637,12085,2754,12080,1761
2020-06-11 09:55:33.83,12210.5,12090,2754,12095,3637,12080,1761,12075,3637
2020-06-11 09:55:34.88,12210.5,12090,2754,12095,3637,12085,2754,12080,1761
2020-06-11 09:55:35.42,12210.5,12090,2754,12095,3637,12085,2754,12080,1761
2020-06-11 09:55:37.09,12210.5,12090,2754,12095,3637,12085,2754,12080,1761
2020-06-11 09:55:37.34,12210.5,12090,2754,12095,3637,12085,2754,12080,1761
2020-06-11 09:55:38.17,12210.5,12090,2754,12095,3637,12085,2754,12080,1761
2020-06-11 09:55:39.36,12210.5,12090,2754,12095,3637,12085,2754,12080,1761
2020-06-11 09:55:39.58,12210.5,12095,3637,12100,3189,12085,2754,12080,1761
2020-06-11 09:55:41.84,12210.5,12090,41,12095,3637,12085,2754,12080,1761
2020-06-11 09:55:42.89,12210.5,12090,41,12095,3637,12085,2695,12080,1761
2020-06-11 09:55:43.31,12210.5,12095,3637,12100,3189,12085,2695,12080,1761
2020-06-11 09:55:44.01,12210.5,12095,3637,12100,3189,12085,2695,12080,1761
2020-06-11 09:55:45.23,12211.9,12095,3637,12100,3189,12085,2695,12080,1761
2020-06-11 09:55:46.07,12211.9,12095,3637,12100,3189,12090,3132,12085,2695
2020-06-11 09:55:47.03,12211.9,12095,3637,12100,3189,12090,2999,12085,2695
2020-06-11 09:55:47.62,12211.9,12095,3637,12100,3189,12085,2695,12080,1761
2020-06-11 09:55:48.71,12211.9,12095,3637,12100,3189,12090,2999,12085,2695
2020-06-11 09:55:49.64,12211.9,12095,3637,12100,3189,12090,2999,12085,2695
2020-06-11 09:55:49.87,12211.9,12100,3189,12105,3447,12090,2999,12085,2695
2020-06-11 09:55:52.17,12211.9,12100,3189,12105,3447,12090,2999,12085,2695
2020-06-11 09:55:52.93,12211.9,12100,3189,12105,3447,12095,3028,12090,2999
2020-06-11 09:55:54.82,12212.65,12100,1093,12105,3447,12095,3028,12090,2999
2020-06-11 09:55:55.43,12212.65,12105,3447,12110,1912,12095,3028,12090,2999
2020-06-11 09:55:58.73,12212.65,12100,2598,12105,3447,12095,3028,12090,2999
2020-06-11 09:55:59.04,12212.65,12095,2598,12100,2598,12090,2999,12085,2695
2020-06-11 09:56:00.80,12212.65,12100,2598,12105,3447,12090,2999,12085,2695
2020-06-11 09:56:01.80,12212.65,12100,2598,12105,3447,12090,2999,12085,2695
2020-06-11 09:56:02.90,12212.65,12100,2598,12105,3447,12090,2999,12085,2695
2020-06-11 09:56:06.07,12217.12,12100,2598,12105,3447,12090,2999,12085,2695
2020-06-11 09:56:08.18,12217.12,12100,2598,12105,3447,12095,3028,12090,2999
2020-06-11 09:56:09.22,12217.12,12100,2598,12105,3447,12095,3028,12090,2999
2020-06-11 09:56:09.63,12217.12,12105,3447,12110,1912,12095,3028,12090,2999
2020-06-11 09:56:11.03,12217.12,12100,2598,12105,3447,12095,3028,12090,2999
2020-06-11 09:56:11.83,12217.12,12100,2598,12105,3447,12090,2999,12085,2695
2020-06-11 09:56:14.92,12215.35,12100,2598,12105,3447,12090,2939,12085,2695
2020-06-11 09:56:15.10,12215.35,12100,2614,12105,3447,12090,2939,12085,2695
2020-06-11 09:56:16.22,12215.35,12100,16,12105,3447,12095,3028,12090,2939
2020-06-11 09:56:19.94,12215.35,12100,16,12105,3447,12095,2895,12090,2939
2020-06-11 09:56:25.30,12217.96,12100,2614,12105,3447,12090,2939,12085,2695
2020-06-11 09:56:28.58,12217.96,12100,2614,12105,3447,12090,2939,12085,2695
2020-06-11 09:56:29.97,12217.96,12100,2614,12105,3447,12090,2939,12085,2695
2020-06-11 09:56:31.14,12217.96,12100,2614,12105,3447,12090,2939,12085,2695
2020-06-11 09:56:34.93,12216.56,12100,2614,12105,3447,12090,2939,12085,2695
2020-06-11 09:56:35.07,12216.56,12100,2614,12105,3447,12090,2939,12085,2695
2020-06-11 09:56:36.64,12216.56,12100,2614,12105,3447,12090,2939,12085,2695
2020-06-11 09:56:37.60,12216.56,12100,2614,12105,3447,12095,1,12090,2939
2020-06-11 09:56:37.95,12216.56,12100,2614,12105,3447,12095,2896,12090,2939
2020-06-11 09:56:39.70,12216.56,12100,16,12105,3447,12095,2896,12090,2939
2020-06-11 09:56:40.84,12216.56,12100,16,12105,3447,12095,2896,12090,2939
2020-06-11 09:56:41.90,12216.56,12100,16,12105,3447,12095,2896,12090,2939
2020-06-11 09:56:42.13,12216.56,12100,2614,12105,3447,12095,2896,12090,2939
2020-06-11 09:56:42.90,12216.56,12100,2614,12105,3447,12095,2896,12090,2939
2020-06-11 09:56:43.10,12216.56,12100,2614,12105,3447,12095,1,12090,2939
2020-06-11 09:56:44.23,12214.17,12100,2614,12105,3447,12095,1,12090,2939
2020-06-11 09:56:45.02,12214.17,12100,2614,12105,3447,12090,2939,12085,2695
2020-06-11 09:56:45.54,12214.17,12100,2614,12105,3447,12090,2939,12085,2695
2020-06-11 09:56:46.59,12214.17,12100,2614,12105,3447,12095,2836,12090,2939
2020-06-11 09:56:46.99,12214.17,12100,16,12105,3447,12095,2836,12090,2939
2020-06-11 09:56:51.30,12214.17,12100,2614,12105,3447,12095,2836,12090,2939
2020-06-11 09:56:52.36,12214.17,12100,2614,12105,3447,12095,2836,12090,2939
2020-06-11 09:56:53.36,12214.17,12100,2614,12105,3447,12095,2704,12090,2939
2020-06-11 09:56:57.10,12209.33,12100,16,12105,3447,12095,2704,12090,2939
2020-06-11 09:56:57.27,12209.33,12100,16,12105,3447,12095,2704,12090,2939
2020-06-11 09:57:01.24,12209.33,12100,2614,12105,3447,12095,2704,12090,2939
2020-06-11 09:57:01.58,12209.33,12100,2614,12105,3447,12090,2939,12085,2695
2020-06-11 09:57:02.39,12209.33,12100,2614,12105,3447,12095,2704,12090,2939
2020-06-11 09:57:04.44,12209.66,12100,16,12105,3447,12095,2704,12090,2939
2020-06-11 09:57:05.53,12209.66,12100,2614,12105,3447,12095,2704,12090,2939
2020-06-11 09:57:05.70,12209.66,12100,2614,12105,3447,12090,2939,12085,2695
2020-06-11 09:57:09.12,12209.66,12100,2614,12105,3447,12090,2882,12085,2695
2020-06-11 09:57:11.33,12209.66,12100,2614,12105,3447,12090,2882,12085,2695
2020-06-11 09:57:11.53,12209.66,12100,2614,12105,3447,12095,2704,12090,2882
2020-06-11 09:57:12.34,12209.66,12100,2614,12105,3447,12095,2083,12090,2882
2020-06-11 09:57:12.76,12209.66,12100,2614,12105,3447,12090,2882,12085,2695
2020-06-11 09:57:13.47,12209.66,12100,2614,12105,3447,12095,1811,12090,2882
2020-06-11 09:57:19.50,12209.52,12100,2614,12105,3447,12090,2882,12085,2695
2020-06-11 09:57:21.37,12209.52,12100,2614,12105,3447,12095,1751,12090,2882
2020-06-11 09:57:22.37,12209.52,12100,2614,12105,3447,12090,2882,12085,2695
2020-06-11 09:57:26.93,12205.06,12100,2614,12105,3447,12090,2749,12085,2695
2020-06-11 09:57:29.52,12205.06,12100,2614,12105,3447,12090,2749,12085,2695
2020-06-11 09:57:30.77,12205.06,12100,2614,12105,3447,12090,2749,12085,2695
2020-06-11 09:57:31.73,12205.06,12100,2614,12105,3447,12090,2749,12085,2695
2020-06-11 09:57:35.09,12204.7,12100,2614,12105,3447,12090,2749,12085,2695
2020-06-11 09:57:35.94,12204.7,12095,2598,12100,2614,12090,2749,12085,2695
2020-06-11 09:57:36.19,12204.7,12095,2598,12100,2614,12085,2695,12080,1761
2020-06-11 09:57:41.54,12204.7,12095,2598,12100,2614,12085,2695,12080,1761
2020-06-11 09:57:42.21,12204.7,12095,2598,12100,2614,12090,2260,12085,2695
2020-06-11 09:57:44.25,12203.64,12095,2598,12100,2614,12090,2698,12085,2695
2020-06-11 09:57:44.52,12203.64,12100,2614,12105,3447,12095,1751,12090,2698
2020-06-11 09:57:45.41,12203.64,12100,2614,12105,3447,12095,1751,12090,2698
2020-06-11 09:57:45.93,12203.64,12100,16,12105,3447,12095,1771,12090,2698
2020-06-11 09:57:48.60,12203.64,12100,16,12105,3447,12095,1771,12090,2698
2020-06-11 09:57:49.50,12203.64,12100,16,12105,3447,12095,1771,12090,2698
2020-06-11 09:57:51.63,12203.64,12100,16,12105,3447,12095,1711,12090,2698
2020-06-11 09:57:52.00,12203.64,12100,2614,12105,3447,12095,1711,12090,2698
2020-06-11 09:57:54.25,12203.62,12100,26,12105,3447,12095,1711,12090,2698
2020-06-11 09:57:54.74,12203.62,12100,2624,12105,3447,12095,1716,12090,2698
2020-06-11 09:57:55.77,12203.62,12100,2624,12105,3447,12095,25,12090,2698
2020-06-11 09:58:00.39,12203.62,12100,2624,12105,3447,12090,2590,12085,2695
2020-06-11 09:58:03.23,12203.62,12100,2624,12105,3447,12090,2590,12085,2695
2020-06-11 09:58:05.67,12202.78,12095,2598,12100,2624,12090,330,12085,2695
2020-06-11 09:58:07.82,12202.78,12095,2598,12100,2624,12090,330,12085,2695
2020-06-11 09:58:09.00,12202.78,12095,2598,12100,2624,12090,330,12085,2695
2020-06-11 09:58:09.23,12202.78,12095,2598,12100,2624,12090,330,12085,2695
2020-06-11 09:58:12.14,12202.78,12095,2598,12100,2624,12090,330,12085,2695
2020-06-11 09:58:14.37,12202.21,12095,2598,12100,2624,12090,330,12085,2695
2020-06-11 09:58:16.46,12202.21,12095,2598,12100,2624,12085,2695,12080,1761
2020-06-11 09:58:16.66,12202.21,12090,1966,12095,2598,12085,2695,12080,1761
2020-06-11 09:58:20.64,12202.21,12090,1966,12095,2598,12085,2695,12080,1761
2020-06-11 09:58:21.92,12202.21,12090,1966,12095,2598,12085,2695,12080,1761
2020-06-11 09:58:22.85,12202.21,12090,1966,12095,2598,12085,2695,12080,1761
2020-06-11 09:58:23.10,12202.21,12095,2598,12100,2655,12085,2635,12080,1761
2020-06-11 09:58:23.85,12202.21,12095,2598,12100,2655,12085,2635,12080,1761
2020-06-11 09:58:28.44,12199.54,12095,2598,12100,2655,12085,2635,12080,1761
2020-06-11 09:58:30.64,12199.54,12095,2598,12100,2655,12085,2635,12080,1761
2020-06-11 09:58:32.70,12199.54,12095,2598,12100,2655,12085,2635,12080,1761
2020-06-11 09:58:33.17,12199.54,12095,2598,12100,2655,12085,2502,12080,1761
2020-06-11 09:58:34.78,12201.03,12095,2598,12100,2655,12090,2260,12085,2502
2020-06-11 09:58:35.29,12201.03,12095,2598,12100,2655,12090,2206,12085,2502
2020-06-11 09:58:36.37,12201.03,12095,1966,12100,2655,12090,2206,12085,2502
2020-06-11 09:58:36.62,12201.03,12095,1966,12100,2655,12085,2502,12080,1761
2020-06-11 09:58:39.97,12201.03,12095,1966,12100,2655,12090,2206,12085,2502
2020-06-11 09:58:43.78,12199.63,12095,1966,12100,2655,12090,2206,12085,2502
2020-06-11 09:58:48.40,12199.63,12095,1966,12100,2655,12090,2206,12085,2502
2020-06-11 09:58:49.06,12199.63,12095,1966,12100,2655,12085,2502,12080,1761
2020-06-11 09:58:54.30,12197.26,12095,1966,12100,2655,12090,2206,12085,2502
2020-06-11 09:58:55.59,12197.26,12095,1966,12100,2655,12085,2502,12080,1761
2020-06-11 09:58:56.51,12197.26,12095,1966,12100,2655,12085,2502,12080,1761
2020-06-11 09:58:56.83,12197.26,12090,1966,12095,1966,12085,2502,12080,1761
2020-06-11 09:58:57.43,12197.26,12095,1966,12100,2655,12085,2447,12080,1761
2020-06-11 09:59:01.21,12197.26,12095,1966,12100,2655,12085,2447,12080,1761
2020-06-11 09:59:01.43,12197.26,12095,1966,12100,2655,12090,2146,12085,2447
2020-06-11 09:59:02.21,12197.26,12095,1966,12100,2655,12085,2447,12080,1761
2020-06-11 09:59:02.66,12197.26,12095,1966,12100,2655,12085,2447,12080,1761
2020-06-11 09:59:04.83,12195.96,12095,1966,12100,2655,12090,2146,12085,2447
2020-06-11 09:59:05.83,12195.96,12095,1966,12100,2655,12090,2146,12085,2447
2020-06-11 09:59:06.88,12195.96,12095,1966,12100,2655,12090,2146,12085,2447
2020-06-11 09:59:07.07,12195.96,12095,1966,12100,2655,12090,2014,12085,2447
2020-06-11 09:59:08.63,12195.96,12095,1966,12100,2655,12085,2447,12080,1761
2020-06-11 09:59:10.67,12195.96,12090,1966,12095,1966,12085,2447,12080,1761
2020-06-11 09:59:11.55,12195.96,12090,1966,12095,1966,12085,2189,12080,1761
2020-06-11 09:59:11.74,12195.96,12090,1966,12095,1966,12085,2100,12080,1761
2020-06-11 09:59:12.75,12195.96,12090,1966,12095,1966,12085,1898,12080,1761
2020-06-11 09:59:14.74,12198.08,12095,1966,12100,2655,12085,1898,12080,1761
2020-06-11 09:59:15.74,12198.08,12090,1966,12095,1966,12085,1898,12080,1761
2020-06-11 09:59:17.42,12198.08,12095,1966,12100,2655,12085,1898,12080,1761
2020-06-11 09:59:20.50,12198.08,12095,1966,12100,2655,12085,1896,12080,1761
2020-06-11 09:59:21.87,12198.08,12090,1966,12095,1966,12085,1896,12080,1761
2020-06-11 09:59:22.64,12198.08,12090,1966,12095,1966,12085,1896,12080,1761
2020-06-11 09:59:25.76,12197.81,12090,1966,12095,1966,12085,1819,12080,1761
2020-06-11 09:59:25.90,12197.81,12090,1966,12095,1966,12085,1744,12080,1761
2020-06-11 09:59:26.79,12197.81,12090,1966,12095,1966,12080,1761,12075,3637
2020-06-11 09:59:27.01,12197.81,12090,1966,12095,1966,12080,1761,12075,3637
2020-06-11 09:59:27.79,12197.81,12090,1966,12095,1966,12080,1701,12075,3637
2020-06-11 09:59:32.04,12197.81,12090,1966,12095,1966,12085,1729,12080,1701
2020-06-11 09:59:33.06,12197.81,12090,1966,12095,1966,12085,1729,12080,1705
2020-06-11 09:59:34.18,12194.95,12090,1966,12095,1966,12085,1729,12080,1705
2020-06-11 09:59:35.18,12194.95,12090,1966,12095,1966,12080,1705,12075,3637
2020-06-11 09:59:38.23,12194.95,12090,1966,12095,1966,12080,1705,12075,3637
2020-06-11 09:59:38.60,12194.95,12090,1966,12095,1966,12080,1705,12075,3637
2020-06-11 09:59:39.43,12194.95,12090,1966,12095,1966,12080,1705,12075,3637
2020-06-11 09:59:39.90,12194.95,12090,1966,12095,1966,12080,1572,12075,3637
2020-06-11 09:59:42.52,12194.95,12090,1966,12095,1966,12080,1572,12075,3637
2020-06-11 09:59:45.29,12192.94,12090,1956,12095,1966,12080,1572,12075,3637
2020-06-11 09:59:50.13,12192.94,12090,1956,12095,1966,12085,1729,12080,1572
2020-06-11 09:59:50.88,12192.94,12085,271,12090,1956,12080,1572,12075,3637
2020-06-11 09:59:51.33,12192.94,12085,271,12090,1956,12080,1572,12075,3637
2020-06-11 09:59:52.57,12192.94,12085,271,12090,1956,12080,1572,12075,3637
2020-06-11 09:59:54.21,12194.36,12085,271,12090,1956,12080,1572,12075,3637
2020-06-11 09:59:57.31,12194.36,12085,271,12090,1956,12080,1562,12075,3637
2020-06-11 09:59:59.70,12194.36,12085,271,12090,1956,12080,1502,12075,3637
2020-06-11 10:00:00.03,12194.36,12090,1956,12095,1966,12080,1502,12075,3637
2020-06-11 10:00:00.84,12194.36,12090,1956,12095,1966,12080,1502,12075,3637
2020-06-11 10:00:01.66,12194.36,12090,1956,12095,1966,12080,1502,12075,3637
2020-06-11 10:00:05.58,12192.94,12090,1956,12095,1966,12085,1338,12080,1502
2020-06-11 10:00:06.01,12192.94,12090,1956,12095,1966,12085,1338,12080,1502
2020-06-11 10:00:07.18,12192.94,12095,1966,12100,2655,12085,1338,12080,1502
2020-06-11 10:00:07.72,12192.94,12095,1966,12100,2655,12085,1338,12080,1502
2020-06-11 10:00:08.77,12192.94,12095,1966,12100,2655,12090,1609,12085,1338
2020-06-11 10:00:09.83,12192.94,12095,1966,12100,2655,12085,1338,12080,1502
2020-06-11 10:00:10.88,12192.94,12095,1966,12100,2655,12090,1502,12085,1338
2020-06-11 10:00:11.91,12192.94,12095,1966,12100,2655,12085,1338,12080,1502
2020-06-11 10:00:13.00,12192.94,12095,1966,12100,2655,12085,1338,12080,1502
2020-06-11 10:00:13.43,12192.94,12095,1966,12100,2655,12085,1338,12080,1502
2020-06-11 10:00:14.55,12191.28,12095,1966,12100,2655,12085,1338,12080,1502
2020-06-11 10:00:15.58,12191.28,12095,1966,12100,2655,12090,1502,12085,1338
2020-06-11 10:00:15.86,12191.28,12095,1502,12100,2655,12090,1500,12085,1338
2020-06-11 10:00:16.68,12191.28,12100,2655,12105,3447,12090,1500,12085,1338
2020-06-11 10:00:18.21,12191.28,12095,1502,12100,2655,12090,1500,12085,1338
2020-06-11 10:00:18.42,12191.28,12095,1502,12100,2655,12090,1500,12085,1338
2020-06-11 10:00:19.30,12191.28,12100,2655,12105,3447,12090,1500,12085,1338
2020-06-11 10:00:20.31,12191.28,12095,1502,12100,2655,12090,1500,12085,1338
2020-06-11 10:00:20.80,12191.28,12095,1502,12100,2655,12090,1500,12085,1338
2020-06-11 10:00:21.92,12191.28,12095,1502,12100,2655,12090,1500,12085,1338
2020-06-11 10:00:22.44,12191.28,12100,2655,12105,3447,12090,1500,12085,1338
2020-06-11 10:00:23.49,12191.28,12100,2655,12105,3447,12090,1500,12085,1338
2020-06-11 10:00:25.06,12193.71,12100,2655,12105,3447,12090,1415,12085,1338
2020-06-11 10:00:25.28,12193.71,12100,2655,12105,3447,12090,1415,12085,1338
2020-06-11 10:00:27.69,12193.71,12095,1502,12100,2655,12090,1415,12085,1338
2020-06-11 10:00:27.94,12193.71,12095,1504,12100,2655,12090,1415,12085,1338
2020-06-11 10:00:29.83,12193.71,12095,1504,12100,2655,12090,1415,12085,1338
2020-06-11 10:00:30.92,12193.71,12095,1504,12100,2655,12090,1415,12085,1338
2020-06-11 10:00:31.89,12193.71,12095,2,12100,2655,12090,1415,12085,1338
2020-06-11 10:00:32.33,12193.71,12100,2655,12105,3447,12090,1415,12085,1338
2020-06-11 10:00:33.48,12193.71,12100,2655,12105,3447,12090,1415,12085,1338
2020-06-11 10:00:35.61,12199.25,12100,2655,12105,3447,12090,1415,12085,1338
2020-06-11 10:00:36.61,12199.25,12100,2655,12105,3447,12090,1415,12085,1338
2020-06-11 10:00:37.06,12199.25,12100,2657,12105,3447,12090,1415,12085,1338
2020-06-11 10:00:44.97,12198.95,12100,2657,12105,3449,12090,1415,12085,1338
2020-06-11 10:00:45.18,12198.95,12095,1502,12100,2657,12090,1415,12085,1338
2020-06-11 10:00:47.10,12198.95,12095,1502,12100,2657,12090,1415,12085,1338
2020-06-11 10:00:48.10,12198.95,12095,1502,12100,2657,12085,1338,12080,1502
2020-06-11 10:00:48.30,12198.95,12095,1502,12100,2657,12090,1415,12085,1338
2020-06-11 10:00:51.69,12198.95,12095,1502,12100,2657,12090,1415,12085,1338
2020-06-11 10:00:54.92,12197.39,12095,1502,12100,2657,12090,1415,12085,1338
2020-06-11 10:00:59.17,12197.39,12095,1502,12100,2657,12090,1415,12085,1338
2020-06-11 10:00:59.38,12197.39,12095,1502,12100,2657,12085,1338,12080,1502
2020-06-11 10:01:01.25,12197.39,12095,1502,12100,2657,12090,1415,12085,1338
2020-06-11 10:01:01.62,12197.39,12095,1502,12100,2657,12090,1415,12085,1338
2020-06-11 10:01:02.78,12197.39,12095,1502,12100,2657,12085,1338,12080,1502
2020-06-11 10:01:03.00,12197.39,12090,2000,12095,1502,12085,1338,12080,1502
2020-06-11 10:01:03.83,12197.39,12095,1502,12100,2657,12085,1338,12080,1502
2020-06-11 10:01:05.42,12199.65,12095,1502,12100,2657,12085,1338,12080,1502
2020-06-11 10:01:05.62,12199.65,12095,1502,12100,2657,12085,1338,12080,1502
2020-06-11 10:01:06.47,12199.65,12095,1502,12100,2657,12085,1338,12080,1502
2020-06-11 10:01:07.53,12199.65,12090,1398,12095,1502,12085,1338,12080,1502
2020-06-11 10:01:07.89,12199.65,12095,1502,12100,2657,12085,1338,12080,1502
2020-06-11 10:01:12.11,12199.65,12095,1502,12100,2657,12085,1338,12080,1502
2020-06-11 10:01:12.91,12199.65,12095,1502,12100,2657,12085,1338,12080,1502
2020-06-11 10:01:15.40,12197.7,12095,1502,12100,2657,12085,1338,12080,1502
2020-06-11 10:01:18.01,12197.7,12095,1502,12100,2657,12085,1338,12080,1502
2020-06-11 10:01:18.49,12197.7,12095,1502,12100,2657,12085,1338,12080,1502
2020-06-11 10:01:19.10,12197.7,12095,1502,12100,2657,12085,1338,12080,1502
2020-06-11 10:01:20.66,12197.7,12095,1501,12100,2657,12085,1338,12080,1502
2020-06-11 10:01:21.61,12197.7,12095,1501,12100,2657,12085,1338,12080,1502
2020-06-11 10:01:22.75,12197.7,12095,1501,12100,2657,12085,1338,12080,1502
2020-06-11 10:01:23.80,12197.7,12095,1501,12100,2657,12085,1338,12080,1502
2020-06-11 10:01:24.88,12196.71,12095,1501,12100,2657,12085,1338,12080,1502
2020-06-11 10:01:25.89,12196.71,12090,1398,12095,1501,12085,1338,12080,1502
2020-06-11 10:01:28.00,12196.71,12090,1398,12095,1501,12085,1338,12080,1502
2020-06-11 10:01:31.20,12196.71,12095,1501,12100,2657,12085,1338,12080,1502
2020-06-11 10:01:31.56,12196.71,12095,1501,12100,2657,12085,1338,12080,1502
2020-06-11 10:01:32.23,12196.71,12095,1501,12100,2657,12090,1415,12085,1338
2020-06-11 10:01:32.73,12196.71,12095,1501,12100,2657,12090,1415,12085,1338
2020-06-11 10:01:33.73,12196.71,12095,1501,12100,2657,12090,1415,12085,1338
2020-06-11 10:01:33.91,12196.71,12095,1501,12100,2657,12085,1338,12080,1502
2020-06-11 10:01:34.84,12197.78,12095,1501,12100,2657,12090,1415,12085,1338
2020-06-11 10:01:37.56,12197.78,12095,1501,12100,2657,12090,1415,12085,1338
2020-06-11 10:01:38.55,12197.78,12095,1501,12100,2657,12090,1415,12085,1338
2020-06-11 10:01:38.73,12197.78,12095,1501,12100,2657,12085,1338,12080,1502
2020-06-11 10:01:41.09,12197.78,12095,1501,12100,2657,12085,1338,12080,1502
2020-06-11 10:01:41.83,12197.78,12100,2657,12105,3449,12090,1415,12085,1338
2020-06-11 10:01:45.87,12200.36,12100,2657,12105,3449,12090,1415,12085,1338
2020-06-11 10:01:53.24,12200.36,12100,2657,12105,3449,12090,1415,12085,1338
2020-06-11 10:01:54.35,12200.83,12100,2657,12105,3449,12090,1415,12085,1338
2020-06-11 10:01:59.93,12200.83,12100,2657,12105,3449,12090,1415,12085,1338
2020-06-11 10:02:05.03,12203.62,12100,2657,12105,3449,12095,1214,12090,1415
2020-06-11 10:02:05.66,12203.62,12100,2657,12105,3449,12090,1415,12085,1338
2020-06-11 10:02:07.48,12203.62,12100,2657,12105,3449,12090,1415,12085,1338
2020-06-11 10:02:09.08,12203.62,12100,2657,12105,3449,12090,1415,12085,1338
2020-06-11 10:02:09.62,12203.62,12100,2657,12105,3449,12095,1214,12090,1415
2020-06-11 10:02:10.94,12203.62,12100,2657,12105,3449,12090,1415,12085,1338
2020-06-11 10:02:12.72,12203.62,12100,2657,12105,3449,12090,1415,12085,1338
2020-06-11 10:02:13.23,12203.62,12095,1108,12100,2657,12090,1415,12085,1338
2020-06-11 10:02:14.97,12203.76,12100,2657,12105,3449,12090,1415,12085,1338
2020-06-11 10:02:16.97,12203.76,12095,1108,12100,2657,12090,1415,12085,1338
2020-06-11 10:02:19.07,12203.76,12095,1108,12100,2657,12090,1415,12085,1338
2020-06-11 10:02:19.42,12203.76,12095,1108,12100,2657,12090,1132,12085,1338
2020-06-11 10:02:20.15,12203.76,12095,1108,12100,2657,12090,1132,12085,1338
2020-06-11 10:02:21.17,12203.76,12095,1108,12100,2657,12085,1338,12080,1502
2020-06-11 10:02:22.28,12203.76,12095,1108,12100,2657,12090,1132,12085,1338
2020-06-11 10:02:23.43,12203.76,12095,1108,12100,2657,12090,1132,12085,1338
2020-06-11 10:02:30.63,12204.94,12095,1108,12100,2657,12090,1182,12085,1338
2020-06-11 10:02:33.03,12204.94,12095,1110,12100,2657,12090,1182,12085,1338
2020-06-11 10:02:34.13,12205.74,12095,1110,12100,2657,12090,50,12085,1338
2020-06-11 10:02:35.94,12205.74,12095,1110,12100,2657,12090,50,12085,1338
2020-06-11 10:02:38.27,12205.74,12095,1110,12100,2657,12090,50,12085,1338
2020-06-11 10:02:39.08,12205.74,12095,1110,12100,2657,12090,50,12085,1338
2020-06-11 10:02:40.64,12205.74,12095,1110,12100,2657,12090,48,12085,1338
2020-06-11 10:02:44.03,12205.74,12095,1110,12100,2657,12090,48,12085,1338
2020-06-11 10:02:44.75,12200.75,12095,1110,12100,2657,12090,48,12085,1338
2020-06-11 10:02:45.33,12200.75,12095,1110,12100,2657,12090,48,12085,1338
2020-06-11 10:02:45.91,12200.75,12095,1110,12100,2657,12090,48,12085,1338
2020-06-11 10:02:46.47,12200.75,12095,1110,12100,2657,12090,48,12085,1338
2020-06-11 10:02:48.80,12200.75,12095,1110,12100,2657,12090,39,12085,1338
2020-06-11 10:02:49.61,12200.75,12095,2,12100,2657,12090,1171,12085,1338
2020-06-11 10:02:50.61,12200.75,12100,2657,12105,3449,12090,1171,12085,1338
2020-06-11 10:02:52.20,12200.75,12100,2657,12105,3449,12090,1171,12085,1338
2020-06-11 10:02:53.02,12200.75,12095,1108,12100,2657,12090,1171,12085,1338
2020-06-11 10:02:54.29,12198.02,12095,1098,12100,2657,12090,1171,12085,1338
2020-06-11 10:02:57.82,12198.02,12095,1098,12100,2657,12090,39,12085,1338
2020-06-11 10:02:59.49,12198.02,12095,1098,12100,2657,12090,1171,12085,1338
2020-06-11 10:02:59.77,12198.02,12100,2657,12105,3449,12090,1171,12085,1338
2020-06-11 10:03:00.62,12198.02,12095,1098,12100,2657,12090,1171,12085,1338
2020-06-11 10:03:04.24,12198.02,12090,829,12095,1098,12085,1338,12080,1502
2020-06-11 10:03:04.47,12200.81,12095,1098,12100,2657,12090,1056,12085,1338
2020-06-11 10:03:05.30,12200.81,12100,2657,12105,3449,12090,1056,12085,1338
2020-06-11 10:03:06.85,12200.81,12100,2659,12105,3449,12090,1056,12085,1338
2020-06-11 10:03:07.91,12200.81,12100,2659,12105,3449,12090,1056,12085,1338
2020-06-11 10:03:08.05,12200.81,12100,2659,12105,3449,12090,936,12085,1338
2020-06-11 10:03:08.94,12200.81,12095,1098,12100,2659,12090,936,12085,1338
2020-06-11 10:03:09.89,12200.81,12095,1098,12100,2659,12085,1338,12080,1702
2020-06-11 10:03:12.27,12200.81,12090,20,12095,1098,12085,1338,12080,1702
2020-06-11 10:03:13.11,12200.81,12090,20,12095,1098,12085,1338,12080,1702
2020-06-11 10:03:13.53,12200.81,12090,1007,12095,1098,12085,1338,12080,1702
2020-06-11 10:03:15.13,12203.44,12090,20,12095,1098,12085,1338,12080,1702
2020-06-11 10:03:15.36,12203.44,12090,20,12095,1098,12085,1338,12080,1702
2020-06-11 10:03:16.27,12203.44,12095,1098,12100,2659,12090,936,12085,1338
2020-06-11 10:03:18.94,12203.44,12095,1097,12100,2659,12090,936,12085,1338
2020-06-11 10:03:19.19,12203.44,12095,1097,12100,2659,12090,936,12085,1338
2020-06-11 10:03:19.98,12203.44,12100,2659,12105,3449,12090,936,12085,1338
2020-06-11 10:03:20.94,12203.44,12095,1097,12100,2659,12090,936,12085,1338
2020-06-11 10:03:22.08,12203.44,12095,1097,12100,2659,12090,936,12085,1338
2020-06-11 10:03:23.11,12203.44,12095,1097,12100,2662,12090,936,12085,1338
2020-06-11 10:03:26.76,12205.02,12100,2662,12105,3449,12090,936,12085,1338
2020-06-11 10:03:28.29,12205.02,12100,2662,12105,3449,12090,936,12085,1338
2020-06-11 10:03:30.75,12205.02,12100,2662,12105,3449,12090,936,12085,1338
2020-06-11 10:03:31.56,12205.02,12100,2662,12105,3449,12090,936,12085,1338
2020-06-11 10:03:34.10,12205.02,12095,1097,12100,2662,12090,936,12085,1338
2020-06-11 10:03:36.60,12205.21,12095,1097,12100,2662,12090,935,12085,1338
2020-06-11 10:03:39.53,12205.21,12100,2662,12105,3449,12090,935,12085,1338
2020-06-11 10:03:39.90,12205.21,12100,2662,12105,3449,12090,933,12085,1338
2020-06-11 10:03:40.52,12205.21,12100,2662,12105,3449,12090,925,12085,1338
2020-06-11 10:03:42.49,12205.21,12095,1097,12100,2662,12090,925,12085,1338
2020-06-11 10:03:42.95,12205.21,12095,1097,12100,2662,12090,925,12085,1338
2020-06-11 10:03:43.52,12207.04,12100,2662,12105,3449,12090,925,12085,1338
2020-06-11 10:03:44.84,12207.04,12100,2662,12105,3449,12090,925,12085,1338
2020-06-11 10:03:46.69,12207.04,12100,2662,12105,3449,12090,930,12085,1338
2020-06-11 10:03:47.74,12207.04,12100,2662,12105,3449,12090,930,12085,1338
2020-06-11 10:03:48.16,12207.04,12100,2662,12105,3449,12090,930,12085,1838
2020-06-11 10:03:48.76,12207.04,12100,2662,12105,3449,12090,930,12085,1838
2020-06-11 10:03:49.90,12207.04,12100,2662,12105,3449,12090,930,12085,1838
2020-06-11 10:03:50.08,12207.04,12100,2662,12105,3449,12090,930,12085,1838
2020-06-11 10:03:52.02,12207.04,12100,2664,12105,3449,12090,930,12085,1838
2020-06-11 10:03:52.35,12207.04,12100,2664,12105,3449,12095,5,12090,925
2020-06-11 10:03:54.54,12205.85,12100,2664,12105,3449,12095,5,12090,925
2020-06-11 10:03:55.10,12205.85,12100,999,12105,3449,12095,938,12090,925
2020-06-11 10:03:55.60,12205.85,12100,933,12105,3449,12095,938,12090,925
2020-06-11 10:03:56.16,12205.85,12100,874,12105,3449,12095,938,12090,925
2020-06-11 10:03:56.69,12205.85,12100,874,12105,3449,12095,938,12090,925
2020-06-11 10:03:58.35,12205.85,12100,874,12105,3449,12095,938,12090,925
2020-06-11 10:03:58.83,12205.85,12100,874,12105,3451,12095,5,12090,925
2020-06-11 10:04:00.99,12205.85,12100,874,12105,3451,12095,5,12090,925
2020-06-11 10:04:02.02,12205.85,12100,874,12105,3451,12095,938,12090,925
2020-06-11 10:04:03.03,12205.85,12100,933,12105,3451,12095,938,12090,925
2020-06-11 10:04:03.42,12205.85,12100,933,12105,3451,12095,5,12090,925
2020-06-11 10:04:04.55,12207.86,12100,933,12105,3451,12095,5,12090,925
2020-06-11 10:04:04.89,12207.86,12100,933,12105,3451,12095,5,12090,925
2020-06-11 10:04:05.66,12207.86,12100,933,12105,3451,12095,5,12090,925
2020-06-11 10:04:06.89,12207.86,12100,933,12105,3451,12095,938,12090,925
2020-06-11 10:04:07.73,12207.86,12100,933,12105,3451,12095,5,12090,925
2020-06-11 10:04:08.20,12207.86,12100,933,12105,3451,12095,938,12090,925
2020-06-11 10:04:09.28,12207.86,12100,933,12105,3451,12095,938,12090,925
2020-06-11 10:04:10.78,12207.86,12100,933,12105,3451,12095,931,12090,925
2020-06-11 10:04:11.87,12207.86,12100,933,12105,3451,12095,931,12090,1425
2020-06-11 10:04:12.89,12207.86,12100,933,12105,3451,12095,931,12090,1425
2020-06-11 10:04:13.09,12207.86,12100,933,12105,3451,12095,931,12090,1425
2020-06-11 10:04:13.98,12213.9,12105,3451,12110,1921,12095,931,12090,1425
2020-06-11 10:04:14.98,12213.9,12105,3451,12110,1921,12095,931,12090,1425
2020-06-11 10:04:17.47,12213.9,12100,933,12105,3451,12095,931,12090,1425
2020-06-11 10:04:18.59,12213.9,12100,933,12105,3451,12095,931,12090,1425
2020-06-11 10:04:18.81,12213.9,12100,933,12105,3451,12095,931,12090,1425
2020-06-11 10:04:19.65,12213.9,12105,3451,12110,1921,12095,931,12090,1425
2020-06-11 10:04:20.03,12213.9,12105,3451,12110,1921,12095,931,12090,1425
2020-06-11 10:04:24.28,12215.67,12100,933,12105,3451,12095,931,12090,1425
2020-06-11 10:04:24.96,12215.67,12105,3451,12110,1921,12095,931,12090,1425
2020-06-11 10:04:26.28,12215.67,12100,933,12105,3451,12095,931,12090,1425
2020-06-11 10:04:27.46,12215.67,12100,933,12105,3451,12095,931,12090,1425
2020-06-11 10:04:27.68,12215.67,12100,933,12105,3451,12095,931,12090,925
2020-06-11 10:04:28.53,12215.67,12100,933,12105,3451,12095,931,12090,925
2020-06-11 10:04:29.60,12215.67,12100,933,12105,3451,12090,1425,12085,1838
2020-06-11 10:04:30.67,12215.67,12100,933,12105,3451,12095,931,12090,1425
2020-06-11 10:04:31.02,12215.67,12105,3451,12110,1921,12095,931,12090,925
2020-06-11 10:04:32.24,12215.67,12105,3451,12110,1921,12100,10,12095,931
2020-06-11 10:04:32.49,12215.67,12105,3451,12110,1921,12100,10,12095,931
2020-06-11 10:04:33.27,12215.67,12105,3451,12110,1921,12095,931,12090,1425
2020-06-11 10:04:34.35,12214.59,12105,3451,12110,1921,12095,931,12090,1425
2020-06-11 10:04:34.84,12214.59,12100,933,12105,3451,12095,931,12090,1425
2020-06-11 10:04:36.90,12214.59,12105,3451,12110,1921,12095,931,12090,1425
2020-06-11 10:04:39.02,12214.59,12105,3451,12110,1921,12095,931,12090,1425
2020-06-11 10:04:39.54,12214.59,12105,3451,12110,1921,12095,931,12090,1425
2020-06-11 10:04:40.63,12214.59,12105,3451,12110,1921,12095,931,12090,1425
2020-06-11 10:04:41.96,12214.59,12105,3451,12110,1921,12095,931,12090,1425
2020-06-11 10:04:42.77,12214.59,12105,3451,12110,1921,12100,933,12095,1423
2020-06-11 10:04:43.21,12214.59,12105,3451,12110,1921,12100,549,12095,1423
2020-06-11 10:04:43.77,12214.59,12105,3451,12110,1921,12095,1423,12090,1425
2020-06-11 10:04:45.85,12211.87,12105,34,12110,1921,12100,1433,12095,1423
2020-06-11 10:04:46.07,12211.87,12110,975,12115,997,12105,933,12100,933
2020-06-11 10:04:47.02,12211.87,12115,997,12120,3631,12110,891,12105,933
2020-06-11 10:04:48.05,12211.87,12115,997,12120,3631,12105,933,12100,1433
2020-06-11 10:04:49.07,12211.87,12115,997,12120,3631,12105,933,12100,1433
2020-06-11 10:04:49.33,12211.87,12110,933,12115,997,12105,933,12100,1433
2020-06-11 10:04:50.14,12211.87,12110,933,12115,997,12105,933,12100,1433
2020-06-11 10:04:51.63,12211.87,12115,997,12120,3631,12105,933,12100,1433
2020-06-11 10:04:52.24,12211.87,12110,933,12115,997,12105,933,12100,1433
2020-06-11 10:04:55.99,12214.93,12115,997,12120,3631,12105,933,12100,1433
2020-06-11 10:04:56.17,12214.93,12110,933,12115,997,12105,933,12100,1433
2020-06-11 10:04:58.16,12214.93,12110,933,12115,997,12105,933,12100,1433
2020-06-11 10:04:59.17,12214.93,12110,933,12115,997,12105,933,12100,1433
2020-06-11 10:05:00.11,12214.93,12110,433,12115,997,12105,1433,12100,1433
2020-06-11 10:05:00.59,12214.93,12115,997,12120,3631,12105,1433,12100,1433
2020-06-11 10:05:01.76,12214.93,12115,997,12120,3631,12105,1433,12100,1433
2020-06-11 10:05:02.23,12214.93,12115,997,12120,3631,12105,1433,12100,1433
2020-06-11 10:05:03.33,12214.93,12115,997,12120,3631,12105,1433,12100,1433
2020-06-11 10:05:04.37,12215.26,12115,997,12120,3631,12105,1433,12100,1433
2020-06-11 10:05:05.65,12215.26,12115,997,12120,3631,12105,1433,12100,1433
2020-06-11 10:05:06.39,12215.26,12115,997,12120,3631,12110,933,12105,1433
2020-06-11 10:05:08.57,12215.26,12115,10,12120,3631,12110,933,12105,1433
2020-06-11 10:05:08.98,12215.26,12115,997,12120,3631,12110,933,12105,1433
2020-06-11 10:05:10.06,12215.26,12115,997,12120,3631,12105,1433,12100,1433
2020-06-11 10:05:10.36,12215.26,12115,977,12120,3631,12110,933,12105,1433
2020-06-11 10:05:12.15,12215.26,12115,977,12120,3631,12110,933,12105,1433
2020-06-11 10:05:12.42,12215.26,12115,977,12120,3631,12105,1433,12100,1433
2020-06-11 10:05:13.18,12215.26,12115,977,12120,3631,12110,933,12105,1433
2020-06-11 10:05:13.54,12215.26,12115,977,12120,3631,12110,933,12105,1433
2020-06-11 10:05:14.51,12218.44,12115,977,12120,3631,12110,926,12105,1433
2020-06-11 10:05:16.37,12218.44,12115,976,12120,3631,12110,926,12105,1433
2020-06-11 10:05:18.90,12218.44,12115,976,12120,3631,12110,926,12105,1433
2020-06-11 10:05:20.07,12218.44,12120,3631,12125,952,12110,926,12105,1433
2020-06-11 10:05:20.63,12218.44,12120,3631,12125,952,12110,926,12105,1433
2020-06-11 10:05:22.12,12218.44,12115,41,12120,3631,12110,1426,12105,1433
2020-06-11 10:05:23.18,12218.44,12115,41,12120,3631,12110,1426,12105,1433
2020-06-11 10:05:25.43,12217.44,12120,2698,12125,952,12115,884,12110,1426
2020-06-11 10:05:26.29,12217.44,12120,2698,12125,952,12115,884,12110,1426
2020-06-11 10:05:26.48,12217.44,12120,2698,12125,952,12115,884,12110,1426
2020-06-11 10:05:26.68,12217.44,12120,2698,12125,952,12115,884,12110,1426
2020-06-11 10:05:27.88,12217.44,12120,2698,12125,952,12115,884,12110,1426
2020-06-11 10:05:28.22,12217.44,12120,3631,12125,952,12115,1028,12110,1426
2020-06-11 10:05:29.93,12217.44,12120,3631,12125,952,12115,1028,12110,1426
2020-06-11 10:05:31.52,12217.44,12120,2698,12125,952,12115,1028,12110,1426
2020-06-11 10:05:32.63,12217.44,12120,2698,12125,952,12115,1028,12110,1426
2020-06-11 10:05:33.69,12217.44,12120,2698,12125,952,12115,1028,12110,1426
2020-06-11 10:05:34.96,12220.25,12120,2698,12125,952,12115,1018,12110,1426
2020-06-11 10:05:36.03,12220.25,12125,952,12130,1191,12115,1018,12110,1426
2020-06-11 10:05:36.87,12220.25,12125,952,12130,1191,12115,1018,12110,1426
2020-06-11 10:05:38.97,12220.25,12125,952,12130,1191,12115,1018,12110,1426
2020-06-11 10:05:39.87,12220.25,12125,952,12130,1191,12115,1018,12110,1426
2020-06-11 10:05:41.03,12220.25,12125,942,12130,1191,12115,1018,12110,1426
2020-06-11 10:05:42.06,12220.25,12125,9,12130,1191,12120,923,12115,1518
2020-06-11 10:05:42.44,12220.25,12125,942,12130,1191,12120,923,12115,1518
2020-06-11 10:05:43.64,12220.25,12125,942,12130,1191,12115,1518,12110,1426
2020-06-11 10:05:45.00,12224.36,12125,942,12130,1191,12115,1018,12110,1426
2020-06-11 10:05:46.15,12224.36,12125,942,12130,1191,12115,1010,12110,1426
2020-06-11 10:05:50.03,12224.36,12125,942,12130,1191,12115,1010,12110,1426
2020-06-11 10:05:50.90,12224.36,12125,942,12130,1191,12120,923,12115,1010
2020-06-11 10:05:51.93,12224.36,12125,942,12130,1191,12120,923,12115,1010
2020-06-11 10:05:52.20,12224.36,12125,942,12130,1191,12120,923,12115,1010
2020-06-11 10:05:52.89,12224.36,12125,942,12130,1191,12120,923,12115,1510
2020-06-11 10:05:53.96,12224.36,12125,942,12130,1191,12120,1423,12115,1510
2020-06-11 10:05:54.17,12228.18,12125,9,12130,1191,12120,1423,12115,1510
2020-06-11 10:05:55.03,12228.18,12125,933,12130,1191,12120,500,12115,1552
2020-06-11 10:05:55.32,12228.18,12125,933,12130,1191,12120,923,12115,1552
2020-06-11 10:05:56.06,12228.18,12125,933,12130,1141,12120,923,12115,1552
2020-06-11 10:05:57.60,12228.18,12125,933,12130,1141,12120,923,12115,1552
2020-06-11 10:05:58.74,12228.18,12125,933,12130,1141,12120,923,12115,1552
2020-06-11 10:05:59.70,12228.18,12125,933,12130,1141,12115,1552,12110,1426
2020-06-11 10:06:00.13,12228.18,12125,933,12130,1141,12120,1423,12115,1552
2020-06-11 10:06:01.24,12228.18,12130,1141,12135,1111,12120,1423,12115,1552
2020-06-11 10:06:01.52,12228.18,12130,1141,12135,1111,12120,1423,12115,1552
2020-06-11 10:06:03.48,12228.18,12130,1141,12135,1111,12120,1423,12115,1552
2020-06-11 10:06:05.04,12229.46,12130,208,12135,1111,12125,933,12120,1423
2020-06-11 10:06:07.30,12229.46,12130,208,12135,1111,12125,933,12120,1423
2020-06-11 10:06:09.18,12229.46,12130,208,12135,1111,12125,933,12120,1423
2020-06-11 10:06:09.46,12229.46,12130,208,12135,1111,12125,933,12120,1423
2020-06-11 10:06:10.29,12229.46,12130,1141,12135,1111,12125,933,12120,1423
2020-06-11 10:06:12.93,12229.46,12130,208,12135,1111,12125,933,12120,1423
2020-06-11 10:06:13.33,12229.46,12130,1141,12135,1111,12125,933,12120,1423
2020-06-11 10:06:13.94,12234.81,12130,1141,12135,1111,12125,933,12120,1423
2020-06-11 10:06:16.02,12234.81,12130,1141,12135,1111,12125,933,12120,1423
2020-06-11 10:06:16.33,12234.81,12130,1141,12135,1111,12125,933,12120,1423
2020-06-11 10:06:17.36,12234.81,12135,1111,12140,1016,12125,926,12120,1423
2020-06-11 10:06:19.28,12234.81,12135,1111,12140,1016,12125,926,12120,1423
2020-06-11 10:06:19.64,12234.81,12135,1111,12140,1016,12125,926,12120,1423
2020-06-11 10:06:21.89,12234.81,12135,1111,12140,1016,12125,926,12120,1423
2020-06-11 10:06:22.92,12234.81,12135,1111,12140,1016,12125,926,12120,1423
2020-06-11 10:06:23.16,12234.81,12135,1111,12140,1016,12125,926,12120,1423
2020-06-11 10:06:25.36,12236.44,12135,1111,12140,1016,12125,1426,12120,1423
2020-06-11 10:06:27.59,12236.44,12135,1110,12140,1016,12125,1426,12120,1423
2020-06-11 10:06:27.81,12236.44,12135,1110,12140,1016,12125,1426,12120,1423
2020-06-11 10:06:29.76,12236.44,12135,1110,12140,1016,12125,1426,12120,1423
2020-06-11 10:06:30.05,12236.44,12135,1110,12140,1016,12130,1648,12125,1426
2020-06-11 10:06:30.78,12236.44,12135,1110,12140,1016,12130,1648,12125,1426
2020-06-11 10:06:31.87,12236.44,12135,1110,12140,1016,12130,1648,12125,1426
2020-06-11 10:06:37.56,12241.55,12135,110,12140,1016,12130,1648,12125,1426
2020-06-11 10:06:37.86,12241.55,12135,110,12140,1016,12130,1648,12125,1426
2020-06-11 10:06:38.42,12241.55,12135,110,12140,1016,12130,1648,12125,1426
2020-06-11 10:06:40.17,12241.55,12135,110,12140,1016,12130,1648,12125,1426
2020-06-11 10:06:41.43,12241.55,12140,1016,12145,5555,12135,816,12130,1648
2020-06-11 10:06:44.37,12241.55,12140,40,12145,5555,12135,816,12130,1648
2020-06-11 10:06:44.62,12242.85,12140,40,12145,5555,12135,816,12130,1648
2020-06-11 10:06:45.40,12242.85,12145,4622,12150,1110,12140,969,12135,816
2020-06-11 10:06:46.42,12242.85,12145,5555,12150,1110,12140,1648,12135,1316
2020-06-11 10:06:46.63,12242.85,12140,10,12145,5555,12135,816,12130,1148
2020-06-11 10:06:47.40,12242.85,12145,5555,12150,1110,12135,816,12130,1648
2020-06-11 10:06:49.49,12242.85,12145,5555,12150,1110,12135,808,12130,1148
2020-06-11 10:06:50.99,12242.85,12140,976,12145,5555,12135,808,12130,1648
2020-06-11 10:06:51.23,12242.85,12145,5555,12150,1110,12135,808,12130,1648
2020-06-11 10:06:52.19,12242.85,12145,5555,12150,1110,12135,808,12130,1648
2020-06-11 10:06:54.77,12245.83,12140,976,12145,5555,12135,808,12130,1148
2020-06-11 10:06:55.83,12245.83,12140,976,12145,5555,12130,1148,12125,1426
2020-06-11 10:06:56.90,12245.83,12140,976,12145,5555,12135,1217,12130,1148
2020-06-11 10:06:57.33,12245.83,12140,976,12145,5555,12135,1217,12130,1148
2020-06-11 10:06:58.63,12245.83,12140,976,12145,5555,12135,1217,12130,1148
2020-06-11 10:06:59.49,12245.83,12140,976,12145,5555,12135,1217,12130,1148
2020-06-11 10:07:00.55,12245.83,12140,976,12145,5555,12135,1217,12130,1148
2020-06-11 10:07:01.58,12245.83,12145,5555,12150,1110,12135,1817,12130,1648
2020-06-11 10:07:03.14,12245.83,12145,5555,12150,1110,12135,1817,12130,1648
2020-06-11 10:07:03.75,12245.83,12145,5555,12150,1110,12140,1148,12135,1817
2020-06-11 10:07:05.96,12250.93,12145,5557,12150,1110,12140,1148,12135,1817
2020-06-11 10:07:09.33,12250.93,12145,4624,12150,1110,12140,1648,12135,1817
2020-06-11 10:07:09.63,12250.93,12145,4624,12150,1110,12140,1648,12135,1817
2020-06-11 10:07:10.39,12250.93,12145,4624,12150,1111,12140,1648,12135,1817
2020-06-11 10:07:12.53,12250.93,12150,1111,12155,951,12140,1648,12135,1817
2020-06-11 10:07:13.56,12250.93,12150,1111,12155,951,12145,1344,12140,1648
2020-06-11 10:07:13.83,12250.93,12145,100,12150,1111,12140,1648,12135,1817
2020-06-11 10:07:14.53,12254.37,12150,1111,12155,951,12140,1648,12135,1817
2020-06-11 10:07:15.62,12254.37,12150,1111,12155,951,12145,1344,12140,1648
2020-06-11 10:07:15.83,12254.37,12150,1522,12155,951,12145,1344,12140,1648
2020-06-11 10:07:16.61,12254.37,12150,1522,12155,951,12145,1344,12140,1648
2020-06-11 10:07:16.83,12254.37,12150,1522,12155,951,12145,100,12140,1648
2020-06-11 10:07:17.69,12254.37,12150,1522,12155,951,12145,100,12140,1648
2020-06-11 10:07:18.05,12254.37,12150,1522,12155,951,12145,100,12140,1648
2020-06-11 10:07:18.62,12254.37,12150,1522,12155,951,12145,100,12140,1748
2020-06-11 10:07:20.83,12254.37,12150,1522,12155,951,12145,100,12140,1748
2020-06-11 10:07:21.03,12254.37,12150,1522,12155,951,12145,1437,12140,1748
2020-06-11 10:07:21.90,12254.37,12150,1522,12155,951,12145,1437,12140,1748
2020-06-11 10:07:22.98,12254.37,12150,1522,12155,951,12145,93,12140,1748
2020-06-11 10:07:23.37,12254.37,12150,1522,12155,951,12140,1748,12135,1917
2020-06-11 10:07:24.54,12254.29,12145,1344,12150,1522,12140,1748,12135,1917
2020-06-11 10:07:24.82,12254.29,12150,1522,12155,951,12140,1248,12135,1917
2020-06-11 10:07:25.61,12254.29,12150,1522,12155,952,12140,1748,12135,1917
2020-06-11 10:07:26.18,12254.29,12150,1522,12155,952,12140,1748,12135,1917
2020-06-11 10:07:27.20,12254.29,12145,1344,12150,1522,12140,1748,12135,1917
2020-06-11 10:07:27.53,12254.29,12145,1344,12150,1522,12140,100,12135,1917
2020-06-11 10:07:28.31,12254.29,12145,1344,12150,1522,12140,1248,12135,1917
2020-06-11 10:07:29.48,12254.29,12145,1344,12150,1522,12140,1248,12135,1917
2020-06-11 10:07:30.67,12254.29,12145,1344,12150,1522,12140,1248,12135,1917
2020-06-11 10:07:31.45,12254.29,12145,1344,12150,1522,12140,1248,12135,1917
2020-06-11 10:07:32.53,12254.29,12150,1522,12155,952,12140,1248,12135,1917
2020-06-11 10:07:32.78,12254.29,12145,1344,12150,1522,12140,1248,12135,1917
2020-06-11 10:07:33.59,12254.29,12145,1344,12150,1522,12140,1248,12135,1917
2020-06-11 10:07:34.07,12251.64,12150,1522,12155,952,12140,1248,12135,1917
2020-06-11 10:07:35.12,12251.64,12145,1344,12150,1522,12140,100,12135,1917
2020-06-11 10:07:35.37,12251.64,12145,1344,12150,1522,12140,1248,12135,1917
2020-06-11 10:07:36.18,12251.64,12145,1344,12150,1522,12140,1248,12135,1917
2020-06-11 10:07:36.46,12251.64,12145,1344,12150,1522,12140,1248,12135,1917
2020-06-11 10:07:37.24,12251.64,12150,1522,12155,952,12140,1003,12135,1917
2020-06-11 10:07:37.66,12251.64,12150,1522,12155,952,12140,1003,12135,1917
2020-06-11 10:07:40.99,12251.64,12145,1344,12150,1522,12140,1003,12135,1917
2020-06-11 10:07:41.33,12251.64,12145,1344,12150,1522,12140,1003,12135,1917
2020-06-11 10:07:46.04,12246.95,12145,1344,12150,1522,12135,1917,12130,1848
2020-06-11 10:07:47.30,12246.95,12145,1344,12150,1522,12140,1344,12135,1917
2020-06-11 10:07:47.63,12246.95,12150,1522,12155,952,12140,1386,12135,1917
2020-06-11 10:07:48.24,12246.95,12150,1522,12155,1500,12140,1386,12135,1917
2020-06-11 10:07:48.83,12246.95,12145,1344,12150,1522,12140,1386,12135,1917
2020-06-11 10:07:50.02,12246.95,12145,1344,12150,1522,12140,1227,12135,1917
2020-06-11 10:07:51.02,12246.95,12145,1344,12150,1522,12140,1227,12135,1917
2020-06-11 10:07:51.22,12246.95,12145,1344,12150,1522,12140,1227,12135,1917
2020-06-11 10:07:53.07,12246.95,12145,1344,12150,1522,12140,1219,12135,1917
2020-06-11 10:07:54.14,12246.95,12150,1522,12155,1500,12140,1219,12135,1917
2020-06-11 10:08:01.83,12244.17,12150,1522,12155,1500,12140,1219,12135,1917
2020-06-11 10:08:06.80,12244.01,12145,1344,12150,1522,12140,1219,12135,1917
2020-06-11 10:08:07.56,12244.01,12145,1344,12150,1522,12140,42,12135,1917
2020-06-11 10:08:07.70,12244.01,12145,1344,12150,1522,12140,1386,12135,1917
2020-06-11 10:08:08.65,12244.01,12145,1344,12150,1522,12140,1011,12135,1917
2020-06-11 10:08:08.92,12244.01,12150,1522,12155,1500,12140,1011,12135,1917
2020-06-11 10:08:12.89,12244.01,12150,1522,12155,1500,12145,1344,12140,1011
2020-06-11 10:08:13.34,12244.01,12150,1522,12155,1500,12145,1344,12140,1011
2020-06-11 10:08:14.53,12242.71,12150,1522,12155,1500,12145,1344,12140,1111
2020-06-11 10:08:17.56,12242.71,12150,1522,12155,1500,12140,1111,12135,1817
2020-06-11 10:08:17.82,12242.71,12150,1522,12155,1500,12140,1111,12135,1817
2020-06-11 10:08:19.96,12242.71,12150,1522,12155,3000,12140,1611,12135,1817
2020-06-11 10:08:20.43,12242.71,12150,1522,12155,3000,12145,1344,12140,1611
2020-06-11 10:08:21.23,12242.71,12150,178,12155,3000,12145,1344,12140,1611
2020-06-11 10:08:21.53,12242.71,12150,178,12155,3000,12145,1344,12140,1611
2020-06-11 10:08:22.09,12242.71,12155,3000,12160,1400,12150,178,12145,1344
2020-06-11 10:08:22.73,12242.71,12155,2067,12160,1400,12150,1522,12145,1344
2020-06-11 10:08:23.87,12242.71,12155,1911,12160,2900,12150,1522,12145,1344
2020-06-11 10:08:24.13,12245.67,12155,3411,12160,1400,12150,171,12145,1344
2020-06-11 10:08:25.91,12245.67,12155,3411,12160,1400,12150,161,12145,1344
2020-06-11 10:08:27.07,12245.67,12155,3411,12160,1400,12150,161,12145,1344
2020-06-11 10:08:28.23,12245.67,12150,1183,12155,3411,12145,1344,12140,1611
2020-06-11 10:08:29.04,12245.67,12150,1183,12155,3411,12145,1944,12140,1611
2020-06-11 10:08:30.18,12245.67,12150,1183,12155,3411,12145,100,12140,1611
2020-06-11 10:08:31.04,12245.67,12150,1183,12155,3411,12140,1611,12135,1817
2020-06-11 10:08:31.46,12245.67,12150,2683,12155,1911,12140,1611,12135,1817
2020-06-11 10:08:32.23,12245.67,12150,1183,12155,3411,12140,1603,12135,1817
2020-06-11 10:08:33.57,12245.67,12150,1183,12155,3411,12145,1344,12140,1603
2020-06-11 10:08:38.88,12256.1,12150,2683,12155,1911,12140,1603,12135,1817
2020-06-11 10:08:39.13,12256.1,12150,2673,12155,1911,12140,1603,12135,1817
2020-06-11 10:08:39.47,12256.1,12150,1173,12155,3411,12140,1603,12135,1817
2020-06-11 10:08:40.47,12256.1,12155,3411,12160,1400,12145,1344,12140,1603
2020-06-11 10:08:40.69,12256.1,12155,3411,12160,1400,12145,1344,12140,1603
2020-06-11 10:08:41.46,12256.1,12150,1173,12155,3411,12140,1603,12135,1817
2020-06-11 10:08:41.99,12256.1,12150,1175,12155,3411,12140,1603,12135,1817
2020-06-11 10:08:44.06,12256.1,12150,1175,12155,3411,12145,1344,12140,1603
2020-06-11 10:08:44.36,12252.89,12150,2,12155,3411,12145,1344,12140,1603
2020-06-11 10:08:45.08,12252.89,12150,2,12155,3411,12145,1344,12140,1603
2020-06-11 10:08:45.46,12252.89,12150,1175,12155,3411,12145,1044,12140,1603
2020-06-11 10:08:49.39,12252.89,12150,1175,12155,3411,12140,1603,12135,1817
2020-06-11 10:08:49.80,12252.89,12150,1175,12155,3411,12140,1603,12135,1817
2020-06-11 10:08:50.47,12252.89,12150,2675,12155,1911,12140,1603,12135,1817
2020-06-11 10:08:51.63,12252.89,12145,1344,12150,2675,12140,1603,12135,1817
2020-06-11 10:08:52.56,12252.89,12150,2675,12155,1911,12140,1603,12135,1817
2020-06-11 10:08:54.91,12249.24,12150,1175,12155,3411,12140,1603,12135,1817
2020-06-11 10:08:56.73,12249.24,12150,1175,12155,3411,12145,1430,12140,1595
2020-06-11 10:08:58.92,12249.24,12150,2675,12155,1911,12140,1595,12135,1817
2020-06-11 10:09:02.57,12249.24,12150,1175,12155,3411,12140,1595,12135,1817
2020-06-11 10:09:02.82,12249.24,12150,1175,12155,3411,12140,1595,12135,1817
2020-06-11 10:09:05.89,12251.83,12150,2675,12155,1911,12140,1595,12135,1817
2020-06-11 10:09:06.37,12251.83,12150,1175,12155,3411,12140,1595,12135,1817
2020-06-11 10:09:09.79,12251.83,12150,1175,12155,3411,12145,1430,12140,1595
2020-06-11 10:09:10.51,12251.83,12150,1175,12155,3411,12145,1430,12140,1595
2020-06-11 10:09:12.49,12251.83,12150,1174,12155,3411,12145,1430,12140,1595
2020-06-11 10:09:14.12,12251.83,12150,1174,12155,3411,12145,1430,12140,1595
2020-06-11 10:09:17.35,12249.12,12150,1174,12155,3411,12140,1595,12135,1817
2020-06-11 10:09:17.60,12249.12,12150,2674,12155,1911,12140,1595,12135,1817
2020-06-11 10:09:18.66,12249.12,12150,1174,12155,3411,12140,1595,12135,1817
2020-06-11 10:09:19.48,12249.12,12150,1174,12155,3411,12140,1595,12135,1817
2020-06-11 10:09:19.85,12249.12,12150,1174,12155,3411,12145,1430,12140,1595
2020-06-11 10:09:21.49,12249.12,12150,1174,12155,3411,12140,1595,12135,1817
2020-06-11 10:09:22.60,12249.12,12150,1174,12155,3411,12145,1430,12140,1595
2020-06-11 10:09:22.82,12249.12,12150,1174,12155,3411,12145,1430,12140,1595
2020-06-11 10:09:23.65,12249.12,12150,1,12155,3411,12145,1430,12140,1595
2020-06-11 10:09:24.72,12246.78,12150,1,12155,3411,12145,1430,12140,1595
2020-06-11 10:09:25.94,12246.78,12155,3411,12160,1400,12145,1430,12140,1595
2020-06-11 10:09:26.69,12246.78,12150,1173,12155,3411,12140,1595,12135,1817
2020-06-11 10:09:27.02,12246.78,12150,1173,12155,3411,12140,1595,12135,1817
2020-06-11 10:09:27.85,12246.78,12155,3411,12160,1400,12145,1430,12140,1595
2020-06-11 10:09:28.22,12246.78,12155,3411,12160,1400,12145,1423,12140,1595
2020-06-11 10:09:29.88,12246.78,12155,3411,12160,1400,12145,1423,12140,1595
2020-06-11 10:09:30.33,12246.78,12150,1618,12155,3411,12145,1423,12140,1595
2020-06-11 10:09:30.80,12246.78,12150,1620,12155,3411,12145,1423,12140,1595
2020-06-11 10:09:32.14,12246.78,12150,2,12155,3411,12145,1423,12140,1595
2020-06-11 10:09:32.60,12246.78,12155,3411,12160,1400,12145,1423,12140,1595
2020-06-11 10:09:33.83,12246.78,12150,1618,12155,3411,12145,1423,12140,1595
2020-06-11 10:09:35.10,12252.46,12155,3411,12160,1400,12145,1423,12140,1595
2020-06-11 10:09:36.27,12252.46,12150,1618,12155,3411,12140,1595,12135,1817
2020-06-11 10:09:36.72,12252.46,12150,1618,12155,3411,12145,1423,12140,1595
2020-06-11 10:09:37.78,12252.46,12155,3411,12160,1400,12145,1423,12140,1595
2020-06-11 10:09:42.87,12252.46,12150,1618,12155,3411,12145,1423,12140,1595
