time,nav,sell1,sell1_cnt,sell2,sell2_cnt,buy1,buy1_cnt,buy2,buy2_cnt
2020-06-05 08:47:04.380000,0.0,6190,17394,6195,7665,6170,4377,6165,11885
2020-06-05 08:47:04.970000,0.0,6190,17394,6195,7665,6170,4377,6165,11885
2020-06-05 08:47:05.070000,0.0,6190,17394,6195,7665,6170,4377,6165,11885
2020-06-05 08:47:06.180000,0.0,6190,17394,6195,7665,6170,5377,6165,11885
2020-06-05 08:47:06.710000,0.0,6190,17394,6195,7665,6170,5387,6165,11885
2020-06-05 08:47:07.300000,0.0,6190,17394,6195,7665,6170,5387,6165,11885
2020-06-05 08:47:07.380000,0.0,6190,17394,6195,7665,6170,5387,6165,11885
2020-06-05 08:47:08.240000,0.0,6190,17394,6195,7665,6170,5387,6165,11885
2020-06-05 08:47:09.880000,0.0,6190,17394,6195,7665,6170,5387,6165,11885
2020-06-05 08:47:10.300000,0.0,6190,17394,6195,7665,6170,5388,6165,11885
2020-06-05 08:47:10.600000,0.0,6190,17394,6195,7665,6170,5388,6165,11885
2020-06-05 08:47:10.970000,0.0,6190,17394,6195,7665,6170,5388,6165,11885
2020-06-05 08:47:11.070000,0.0,6190,17394,6195,7665,6170,5388,6165,11885
2020-06-05 08:47:11.570000,0.0,6190,17394,6195,7665,6170,5388,6165,11885
2020-06-05 08:47:11.880000,0.0,6190,17394,6195,7665,6170,5388,6165,11885
2020-06-05 08:47:12.180000,0.0,6190,17394,6195,7665,6170,5388,6165,11885
2020-06-05 08:47:12.410000,0.0,6190,17394,6195,7665,6170,5388,6165,11885
2020-06-05 08:47:12.470000,0.0,6190,17394,6195,7665,6170,5398,6165,11885
2020-06-05 08:47:14.070000,0.0,6190,17394,6195,7665,6170,5398,6165,11885
2020-06-05 08:47:14.380000,0.0,6190,17394,6195,7665,6170,5398,6165,11885
2020-06-05 08:47:14.970000,0.0,6190,17394,6195,7665,6170,5398,6165,11885
2020-06-05 08:47:15.600000,0.0,6190,17394,6195,7665,6170,5398,6165,11885
2020-06-05 08:47:16.380000,0.0,6190,17394,6195,7665,6170,5398,6165,11885
2020-06-05 08:47:17.940000,0.0,6190,17394,6195,7665,6170,5398,6165,11885
2020-06-05 08:47:18.470000,0.0,6190,17394,6195,7665,6170,5398,6165,11885
2020-06-05 08:47:18.570000,0.0,6190,17394,6195,7665,6170,5398,6165,11885
2020-06-05 08:47:19.180000,0.0,6190,17394,6195,7665,6170,5398,6165,11885
2020-06-05 08:47:19.570000,0.0,6190,17394,6195,7665,6170,5398,6165,11885
2020-06-05 08:47:19.770000,0.0,6190,17394,6195,7665,6170,5398,6165,11885
2020-06-05 08:47:19.880000,0.0,6190,17394,6195,7665,6170,5398,6165,11885
2020-06-05 08:47:20.470000,0.0,6190,17394,6195,7665,6170,5398,6165,11885
2020-06-05 08:47:21.570000,0.0,6190,17394,6195,7665,6170,5398,6165,11885
2020-06-05 08:47:21.600000,0.0,6190,17394,6195,7665,6170,5398,6165,11885
2020-06-05 08:47:21.880000,0.0,6190,17394,6195,7665,6170,5398,6165,11885
2020-06-05 08:47:22.270000,0.0,6190,17394,6195,7665,6170,5398,6165,11885
2020-06-05 08:47:22.380000,0.0,6190,17394,6195,7665,6170,5398,6165,7885
2020-06-05 08:47:22.470000,0.0,6190,17394,6195,7665,6170,5398,6165,7885
2020-06-05 08:47:23.180000,0.0,6190,17394,6195,7665,6170,5398,6165,7885
2020-06-05 08:47:23.500000,0.0,6190,17394,6195,7665,6170,5398,6165,7885
2020-06-05 08:47:23.970000,0.0,6190,17394,6195,7665,6170,5398,6165,7885
2020-06-05 08:47:24.880000,0.0,6190,17394,6195,7665,6170,5398,6165,7885
2020-06-05 08:47:25.470000,0.0,6190,17394,6195,7665,6170,5398,6165,7885
2020-06-05 08:47:25.710000,0.0,6190,17394,6195,7665,6170,5398,6165,7885
2020-06-05 08:47:26.180000,0.0,6190,17394,6195,7665,6170,5398,6165,7885
2020-06-05 08:47:26.470000,0.0,6190,17394,6195,7665,6170,5398,6165,7885
2020-06-05 08:47:26.570000,0.0,6190,17394,6195,7665,6170,5398,6165,7885
2020-06-05 08:47:26.600000,0.0,6190,17394,6195,7665,6170,5398,6165,7885
2020-06-05 08:47:26.680000,0.0,6190,17394,6195,7665,6170,5398,6165,7885
2020-06-05 08:47:27.180000,0.0,6190,17394,6195,7665,6170,5398,6165,7885
2020-06-05 08:47:27.300000,0.0,6190,17394,6195,7665,6170,5398,6165,7885
2020-06-05 08:47:27.330000,0.0,6190,17394,6195,7665,6170,5398,6165,7885
2020-06-05 08:47:27.570000,0.0,6190,17394,6195,7665,6170,5398,6165,7885
2020-06-05 08:47:27.750000,0.0,6190,17394,6195,7665,6170,5398,6165,7885
2020-06-05 08:47:28.330000,0.0,6190,17394,6195,7665,6170,5398,6165,7885
2020-06-05 08:47:30.000000,0.0,6190,17394,6195,7665,6170,5398,6165,7885
2020-06-05 08:47:30.250000,0.0,6190,17394,6195,7665,6170,5398,6165,7885
2020-06-05 08:47:30.320000,0.0,6190,17394,6195,7665,6170,8418,6165,4885
2020-06-05 08:47:30.880000,0.0,6190,17394,6195,7665,6170,8418,6165,4885
2020-06-05 08:47:31.350000,0.0,6190,17394,6195,7665,6170,8418,6165,4885
2020-06-05 08:47:31.470000,0.0,6190,17394,6195,7665,6170,8418,6165,4885
2020-06-05 08:47:31.500000,0.0,6190,17394,6195,7665,6170,8118,6165,4885
2020-06-05 08:47:32.440000,0.0,6190,17394,6195,7665,6170,8118,6165,4885
2020-06-05 08:47:32.670000,0.0,6190,17394,6195,7665,6170,8118,6165,4885
2020-06-05 08:47:33.880000,0.0,6190,17394,6195,7665,6170,8118,6165,4885
2020-06-05 08:47:34.560000,0.0,6190,17394,6195,7665,6170,8118,6165,4885
2020-06-05 08:47:34.770000,0.0,6190,17394,6195,7665,6170,8118,6165,4885
2020-06-05 08:47:34.800000,0.0,6190,17394,6195,7665,6170,8118,6165,4885
2020-06-05 08:47:34.830000,0.0,6190,17394,6195,7665,6170,8118,6165,4885
2020-06-05 08:47:35.060000,0.0,6190,17394,6195,7665,6170,8118,6165,4885
2020-06-05 08:47:35.550000,0.0,6190,17394,6195,7665,6170,8118,6165,4885
2020-06-05 08:47:35.580000,0.0,6190,17394,6195,7665,6170,8118,6165,4885
2020-06-05 08:47:35.770000,0.0,6190,17394,6195,7665,6170,8118,6165,4885
2020-06-05 08:47:36.630000,0.0,6190,17394,6195,7665,6170,8118,6165,4885
2020-06-05 08:47:36.970000,0.0,6190,17394,6195,7665,6170,8118,6165,4885
2020-06-05 08:47:37.470000,0.0,6190,17394,6195,7665,6170,8118,6165,4885
2020-06-05 08:47:37.880000,0.0,6190,17394,6195,7665,6170,8118,6165,4885
2020-06-05 08:47:38.170000,0.0,6190,17394,6195,7665,6170,8118,6165,4885
2020-06-05 08:47:39.170000,0.0,6190,17394,6195,7665,6170,8118,6165,4885
2020-06-05 08:47:39.770000,0.0,6190,17394,6195,7665,6170,8118,6165,4885
2020-06-05 08:47:39.860000,0.0,6190,17394,6195,7665,6170,8118,6165,4885
2020-06-05 08:47:40.080000,0.0,6190,17394,6195,7665,6170,8118,6165,4885
2020-06-05 08:47:40.970000,0.0,6190,17394,6195,7665,6170,8118,6165,4885
2020-06-05 08:47:42.070000,0.0,6190,17394,6195,7665,6170,8118,6165,4885
2020-06-05 08:47:42.170000,0.0,6190,17394,6195,7665,6170,8118,6165,4885
2020-06-05 08:47:42.780000,0.0,6190,17394,6195,7665,6170,8118,6165,4885
2020-06-05 08:47:43.480000,0.0,6190,17394,6195,7665,6170,8118,6165,4890
2020-06-05 08:47:43.980000,0.0,6190,17394,6195,7665,6170,15488,6165,4890
2020-06-05 08:47:44.100000,0.0,6190,17394,6195,7665,6170,15488,6165,4890
2020-06-05 08:47:47.130000,0.0,6190,17394,6195,7665,6170,15612,6165,4890
2020-06-05 08:47:47.170000,0.0,6190,17394,6195,7665,6170,15612,6165,4890
2020-06-05 08:47:47.370000,0.0,6190,17394,6195,7665,6170,15612,6165,4890
2020-06-05 08:47:47.570000,0.0,6190,17394,6195,7665,6170,15612,6165,4890
2020-06-05 08:47:48.180000,0.0,6190,17394,6195,7665,6170,15612,6165,4890
2020-06-05 08:47:49.260000,0.0,6190,17394,6195,7665,6170,15612,6165,4890
2020-06-05 08:47:49.290000,0.0,6190,17394,6195,7665,6170,15670,6165,4890
2020-06-05 08:47:52.400000,0.0,6190,17394,6195,7665,6170,15670,6165,4890
2020-06-05 08:47:54.020000,0.0,6190,17394,6195,7665,6170,15710,6165,4890
2020-06-05 08:47:54.050000,0.0,6190,17394,6195,7665,6170,15710,6165,4890
2020-06-05 08:47:54.370000,0.0,6190,17394,6195,7665,6170,15710,6165,4890
2020-06-05 08:47:56.100000,0.0,6190,17394,6195,7665,6170,15710,6165,4890
2020-06-05 08:47:56.770000,0.0,6190,17394,6195,7665,6170,15710,6165,4890
2020-06-05 08:48:00.330000,0.0,6190,17394,6195,7665,6170,15710,6165,4890
2020-06-05 08:48:00.460000,0.0,6190,17394,6195,7665,6170,15710,6165,4890
2020-06-05 08:48:00.770000,0.0,6190,17394,6195,7665,6170,15715,6165,4890
2020-06-05 08:48:01.100000,0.0,6190,17394,6195,7665,6170,15715,6165,4890
2020-06-05 08:48:04.070000,0.0,6190,17394,6195,7665,6170,16115,6165,4890
2020-06-05 08:48:04.270000,0.0,6190,17394,6195,7665,6170,16115,6165,4890
2020-06-05 08:48:06.570000,0.0,6190,17394,6195,7665,6170,16116,6165,4890
2020-06-05 08:48:06.680000,0.0,6190,17394,6195,7665,6170,16116,6165,4890
2020-06-05 08:48:07.270000,0.0,6190,17394,6195,7665,6170,16166,6165,4890
2020-06-05 08:48:07.570000,0.0,6190,17394,6195,7665,6170,16166,6165,4890
2020-06-05 08:48:09.080000,0.0,6190,17394,6195,7665,6170,16166,6165,4890
2020-06-05 08:48:09.380000,0.0,6190,17394,6195,7665,6170,16166,6165,4890
2020-06-05 08:48:10.170000,0.0,6190,17394,6195,7665,6170,16166,6165,4890
2020-06-05 08:48:10.470000,0.0,6190,17394,6195,7665,6170,16166,6165,4890
2020-06-05 08:48:10.670000,0.0,6190,17394,6195,7665,6170,16166,6165,4890
2020-06-05 08:48:10.710000,0.0,6190,17394,6195,7665,6170,16166,6165,4890
2020-06-05 08:48:11.700000,0.0,6190,17394,6195,7665,6170,16166,6165,4890
2020-06-05 08:48:15.630000,0.0,6190,17394,6195,7665,6170,16216,6165,4890
2020-06-05 08:48:17.200000,0.0,6190,17394,6195,7665,6170,16226,6165,4890
2020-06-05 08:48:17.440000,0.0,6190,17394,6195,7665,6170,17226,6165,4890
2020-06-05 08:48:18.280000,0.0,6190,17394,6195,7665,6170,17226,6165,4890
2020-06-05 08:48:19.300000,0.0,6190,17394,6195,7665,6170,17226,6165,4890
2020-06-05 08:48:19.330000,0.0,6190,17394,6195,7665,6170,17226,6165,4890
2020-06-05 08:48:20.390000,0.0,6190,17394,6195,7665,6170,17226,6165,4890
2020-06-05 08:48:23.770000,0.0,6190,17394,6195,7665,6170,17226,6165,4890
2020-06-05 08:48:27.480000,0.0,6190,17394,6195,7665,6170,17218,6165,4890
2020-06-05 08:48:28.180000,0.0,6190,17394,6195,7665,6170,17218,6165,4890
2020-06-05 08:48:28.770000,0.0,6190,17394,6195,7665,6170,17218,6165,4890
2020-06-05 08:48:29.270000,0.0,6190,17394,6195,7665,6170,17718,6165,4890
2020-06-05 08:48:29.290000,0.0,6190,17394,6195,7665,6170,17718,6165,4890
2020-06-05 08:48:29.380000,0.0,6190,17394,6195,7665,6170,17718,6165,4890
2020-06-05 08:48:29.770000,0.0,6190,17394,6195,7665,6170,17717,6165,4890
2020-06-05 08:48:32.490000,0.0,6190,17394,6195,7665,6170,17717,6165,4890
2020-06-05 08:48:33.070000,0.0,6190,17394,6195,7665,6170,17717,6165,4890
2020-06-05 08:48:33.600000,0.0,6190,17394,6195,7665,6170,17717,6165,4890
2020-06-05 08:48:38.810000,0.0,6190,17394,6195,7665,6170,17717,6165,4890
2020-06-05 08:48:41.170000,0.0,6190,17394,6195,7665,6170,17717,6165,4890
2020-06-05 08:48:42.110000,0.0,6190,17394,6195,7665,6170,17717,6165,4890
2020-06-05 08:48:46.630000,0.0,6190,17394,6195,7665,6170,17717,6165,4890
2020-06-05 08:48:49.500000,0.0,6190,17394,6195,7665,6170,17677,6165,4890
2020-06-05 08:48:56.480000,0.0,6190,17394,6195,7665,6170,17877,6165,4890
2020-06-05 08:48:57.540000,0.0,6190,17394,6195,7665,6170,17877,6165,4890
2020-06-05 08:48:57.630000,0.0,6190,17394,6195,7665,6170,17877,6165,4890
2020-06-05 08:48:57.700000,0.0,6190,17394,6195,7665,6170,17877,6165,4890
2020-06-05 08:49:00.370000,0.0,6190,17394,6195,7665,6170,17877,6165,4890
2020-06-05 08:49:01.470000,0.0,6190,17394,6195,7665,6170,17877,6165,4890
2020-06-05 08:49:01.530000,0.0,6190,17394,6195,7665,6170,17877,6165,4890
2020-06-05 08:49:02.270000,0.0,6190,17394,6195,7665,6170,17877,6165,4890
2020-06-05 08:49:03.170000,0.0,6190,17394,6195,7665,6170,17877,6165,4890
2020-06-05 08:49:03.690000,0.0,6190,17394,6195,7665,6170,17877,6165,4890
2020-06-05 08:49:05.720000,0.0,6190,17394,6195,7665,6170,17877,6165,4890
2020-06-05 08:49:05.800000,0.0,6190,17394,6195,7665,6170,17877,6165,4890
2020-06-05 08:49:06.670000,0.0,6190,17394,6195,7665,6170,17884,6165,4890
2020-06-05 08:49:08.200000,0.0,6190,17394,6195,7665,6170,17884,6165,4890
2020-06-05 08:49:10.410000,0.0,6190,17394,6195,7665,6170,17884,6165,4890
2020-06-05 08:49:10.780000,0.0,6190,17394,6195,7665,6170,17884,6165,4890
2020-06-05 08:49:11.340000,0.0,6190,17394,6195,7665,6170,17884,6165,4890
2020-06-05 08:49:11.670000,0.0,6190,17394,6195,7665,6170,17884,6165,4890
2020-06-05 08:49:14.450000,0.0,6190,17394,6195,7665,6170,17884,6165,4890
2020-06-05 08:49:14.670000,0.0,6190,17394,6195,7665,6170,17884,6165,4890
2020-06-05 08:49:14.870000,0.0,6190,17394,6195,7665,6170,17884,6165,4890
2020-06-05 08:49:15.500000,0.0,6190,17394,6195,7665,6170,17884,6165,4890
2020-06-05 08:49:15.530000,0.0,6190,17394,6195,7665,6170,17760,6165,4890
2020-06-05 08:49:16.370000,0.0,6190,17394,6195,7665,6170,17760,6165,4890
2020-06-05 08:49:19.780000,0.0,6190,17394,6195,7665,6170,17760,6165,4890
2020-06-05 08:49:20.070000,0.0,6190,17394,6195,7665,6170,17860,6165,4890
2020-06-05 08:49:20.730000,0.0,6190,17394,6195,7665,6170,17860,6165,4890
2020-06-05 08:49:20.870000,0.0,6190,17394,6195,7665,6170,17860,6165,4890
2020-06-05 08:49:21.840000,0.0,6190,17394,6195,7665,6170,17860,6165,4890
2020-06-05 08:49:22.460000,0.0,6190,17394,6195,7665,6170,17860,6165,4890
2020-06-05 08:49:22.990000,0.0,6190,17394,6195,7665,6170,17860,6165,4890
2020-06-05 08:49:24.070000,0.0,6190,17394,6195,7665,6170,17860,6165,4890
2020-06-05 08:49:27.100000,0.0,6190,17394,6195,7665,6170,17860,6165,4890
2020-06-05 08:49:27.170000,0.0,6190,17394,6195,7665,6170,17860,6165,4890
2020-06-05 08:49:27.480000,0.0,6190,17394,6195,7665,6170,26044,6165,4890
2020-06-05 08:49:30.290000,0.0,6190,17394,6195,7665,6170,26044,6165,4890
2020-06-05 08:49:30.370000,0.0,6190,17394,6195,7665,6170,26094,6165,4890
2020-06-05 08:49:30.870000,0.0,6190,17394,6195,7665,6170,26094,6165,4890
2020-06-05 08:49:31.300000,0.0,6190,17394,6195,7665,6170,26094,6165,4890
2020-06-05 08:49:31.340000,0.0,6190,17394,6195,7665,6170,29732,6165,4890
2020-06-05 08:49:32.160000,0.0,6190,17394,6195,7665,6170,29732,6165,4890
2020-06-05 08:49:32.570000,0.0,6190,17394,6195,7665,6170,29732,6165,4890
2020-06-05 08:49:33.070000,0.0,6190,17394,6195,7665,6170,29732,6165,4890
2020-06-05 08:49:36.710000,0.0,6190,17394,6195,7665,6170,29732,6165,4890
2020-06-05 08:49:37.710000,0.0,6190,17394,6195,7665,6170,29732,6165,4890
2020-06-05 08:49:38.070000,0.0,6190,17394,6195,7665,6170,29732,6165,4890
2020-06-05 08:49:38.180000,0.0,6190,17394,6195,7665,6170,29732,6165,4890
2020-06-05 08:49:39.770000,0.0,6190,17394,6195,7665,6170,29732,6165,4890
2020-06-05 08:49:39.800000,0.0,6190,17394,6195,7665,6170,29735,6165,4890
2020-06-05 08:49:40.860000,0.0,6190,17444,6195,7665,6170,29735,6165,4890
2020-06-05 08:49:42.020000,0.0,6190,17444,6195,7665,6170,29735,6165,4890
2020-06-05 08:49:42.220000,0.0,6190,17444,6195,7665,6170,29735,6165,4890
2020-06-05 08:49:42.860000,0.0,6190,17444,6195,7665,6170,29735,6165,4890
2020-06-05 08:49:44.070000,0.0,6190,17444,6195,7665,6170,29735,6165,4890
2020-06-05 08:49:44.380000,0.0,6190,17444,6195,7665,6170,29735,6165,4890
2020-06-05 08:49:45.050000,0.0,6190,17444,6195,7665,6170,29735,6165,4890
2020-06-05 08:49:46.320000,0.0,6180,601,6190,17444,6170,29735,6165,4890
2020-06-05 08:49:47.250000,0.0,6180,601,6190,17444,6170,29735,6165,4890
2020-06-05 08:49:49.380000,0.0,6180,601,6190,17444,6170,29735,6165,4890
2020-06-05 08:49:51.530000,0.0,6180,601,6190,17444,6170,29735,6165,4890
2020-06-05 08:49:52.420000,0.0,6180,601,6190,17444,6170,29735,6165,4890
2020-06-05 08:49:52.550000,0.0,6180,601,6190,17444,6170,29735,6165,4890
2020-06-05 08:49:53.270000,0.0,6180,601,6190,17444,6170,30235,6165,4890
2020-06-05 08:49:54.880000,0.0,6180,601,6190,17444,6170,30235,6165,4890
2020-06-05 08:49:56.200000,0.0,6180,601,6190,17444,6170,30235,6165,4890
2020-06-05 08:49:57.160000,0.0,6180,601,6190,17444,6170,30235,6165,4890
2020-06-05 08:49:58.020000,0.0,6180,601,6190,17444,6170,30235,6165,4890
2020-06-05 08:49:59.700000,0.0,6180,601,6190,17444,6170,30113,6165,4890
2020-06-05 08:49:59.760000,0.0,6180,601,6190,17444,6170,29296,6165,4890
2020-06-05 08:50:00.660000,0.0,6180,601,6190,17444,6170,29296,6165,4890
2020-06-05 08:50:00.690000,0.0,6180,601,6190,17444,6170,29776,6165,4890
2020-06-05 08:50:01.340000,0.0,6180,601,6190,17444,6170,30422,6165,4890
2020-06-05 08:50:02.040000,0.0,6180,601,6190,17444,6170,30422,6165,4890
2020-06-05 08:50:02.210000,0.0,6180,601,6190,17444,6170,30422,6165,4890
2020-06-05 08:50:02.800000,0.0,6180,601,6190,17444,6170,30242,6165,4890
2020-06-05 08:50:03.300000,0.0,6190,17444,6195,7665,6180,768,6175,7752
2020-06-05 08:50:03.330000,0.0,6190,15100,6195,7665,6185,3159,6180,9044
2020-06-05 08:50:03.580000,0.0,6190,15100,6195,7665,6185,3159,6180,9044
2020-06-05 08:50:05.080000,0.0,6190,15100,6195,7665,6185,3159,6180,9044
2020-06-05 08:50:06.580000,0.0,6190,15100,6195,7665,6185,3159,6180,9044
2020-06-05 08:50:08.020000,0.0,6190,15000,6195,7665,6185,3159,6180,9044
2020-06-05 08:50:09.070000,0.0,6190,12210,6195,7665,6185,3159,6180,9044
2020-06-05 08:50:09.180000,0.0,6190,11877,6195,7665,6185,3159,6180,9044
2020-06-05 08:50:09.360000,0.0,6190,10877,6195,7665,6185,3159,6180,9044
2020-06-05 08:50:10.180000,0.0,6190,10877,6195,7665,6185,3159,6180,9044
2020-06-05 08:50:10.360000,0.0,6190,10877,6195,7665,6185,3159,6180,9044
2020-06-05 08:50:11.190000,0.0,6190,10877,6195,7665,6185,3159,6180,9044
2020-06-05 08:50:11.360000,0.0,6190,10877,6195,7665,6185,3159,6180,9044
2020-06-05 08:50:12.210000,0.0,6190,10877,6195,7665,6185,3159,6180,9044
2020-06-05 08:50:12.240000,0.0,6190,10877,6195,7665,6185,3159,6180,9044
2020-06-05 08:50:12.300000,0.0,6190,9788,6195,7665,6185,3159,6180,9044
2020-06-05 08:50:12.680000,0.0,6190,9788,6195,4437,6185,3159,6180,9044
2020-06-05 08:50:13.600000,0.0,6190,9788,6195,4437,6185,3159,6180,9044
2020-06-05 08:50:14.470000,0.0,6190,17444,6195,4437,6185,2631,6180,9044
2020-06-05 08:50:14.770000,0.0,6190,17444,6195,4437,6185,2631,6180,9044
2020-06-05 08:50:15.390000,0.0,6190,17444,6195,4437,6185,2661,6180,9044
2020-06-05 08:50:15.460000,0.0,6190,17444,6195,4437,6185,2661,6180,9044
2020-06-05 08:50:16.460000,0.0,6190,17444,6195,4437,6185,2561,6180,9044
2020-06-05 08:50:16.520000,0.0,6190,17444,6195,4437,6185,2561,6180,9044
2020-06-05 08:50:16.550000,0.0,6190,17444,6195,4437,6185,2561,6180,9044
2020-06-05 08:50:16.600000,0.0,6190,17444,6195,4437,6185,2561,6180,9044
2020-06-05 08:50:16.720000,0.0,6190,17444,6195,4437,6185,2561,6180,9044
2020-06-05 08:50:17.770000,0.0,6190,17444,6195,4437,6185,2561,6180,9044
2020-06-05 08:50:18.970000,0.0,6190,17444,6195,4437,6185,2561,6180,9044
2020-06-05 08:50:19.000000,0.0,6190,17444,6195,4437,6185,2561,6180,9044
2020-06-05 08:50:19.170000,0.0,6190,17444,6195,4437,6185,2561,6180,9044
2020-06-05 08:50:19.660000,0.0,6190,17448,6195,4437,6185,2561,6180,9044
2020-06-05 08:50:19.770000,0.0,6190,17448,6195,4437,6185,2561,6180,9044
2020-06-05 08:50:20.690000,0.0,6190,17448,6195,4437,6185,2561,6180,9044
2020-06-05 08:50:21.720000,0.0,6190,17448,6195,4437,6185,2561,6180,9044
2020-06-05 08:50:22.770000,0.0,6190,17448,6195,4437,6185,2571,6180,9044
2020-06-05 08:50:23.080000,0.0,6190,17448,6195,4437,6185,2571,6180,9044
2020-06-05 08:50:23.770000,0.0,6190,17448,6195,4437,6185,2571,6180,9044
2020-06-05 08:50:23.800000,0.0,6190,17448,6195,4437,6185,2571,6180,9044
2020-06-05 08:50:24.080000,0.0,6190,17448,6195,4437,6185,2571,6180,9044
2020-06-05 08:50:24.300000,0.0,6190,17448,6195,4437,6185,2571,6180,9044
2020-06-05 08:50:25.470000,0.0,6190,17448,6195,4437,6185,2571,6180,9044
2020-06-05 08:50:25.950000,0.0,6190,17448,6195,4437,6185,2571,6180,9044
2020-06-05 08:50:26.020000,0.0,6190,17448,6195,4437,6185,2571,6180,9044
2020-06-05 08:50:26.200000,0.0,6190,17448,6195,4437,6185,2571,6180,9044
2020-06-05 08:50:26.300000,0.0,6190,17448,6195,4437,6185,2571,6180,9044
2020-06-05 08:50:26.670000,0.0,6190,17448,6195,4437,6185,2571,6180,9044
2020-06-05 08:50:26.760000,0.0,6190,17448,6195,4437,6185,2571,6180,9044
2020-06-05 08:50:27.870000,0.0,6190,17444,6195,4437,6185,2567,6180,9044
2020-06-05 08:50:28.170000,0.0,6190,17444,6195,4437,6185,2567,6180,9044
2020-06-05 08:50:28.640000,0.0,6190,17444,6195,4437,6185,2567,6180,9044
2020-06-05 08:50:29.670000,0.0,6190,17444,6195,4437,6185,2567,6180,9054
2020-06-05 08:50:29.970000,0.0,6190,17444,6195,4437,6185,2567,6180,9054
2020-06-05 08:50:30.080000,0.0,6190,17444,6195,4437,6185,2567,6180,9054
2020-06-05 08:50:30.900000,0.0,6190,17444,6195,4437,6185,2567,6180,9054
2020-06-05 08:50:31.000000,0.0,6190,17444,6195,4437,6185,2567,6180,9054
2020-06-05 08:50:32.080000,0.0,6190,17444,6195,4437,6185,2567,6180,9054
2020-06-05 08:50:32.900000,0.0,6190,17444,6195,4437,6185,2567,6180,9054
2020-06-05 08:50:33.280000,0.0,6190,17444,6195,4437,6185,2567,6180,9054
2020-06-05 08:50:33.900000,0.0,6190,17444,6195,4437,6185,2567,6180,9054
2020-06-05 08:50:33.930000,0.0,6190,17444,6195,4437,6185,2567,6180,9054
2020-06-05 08:50:33.970000,0.0,6190,17444,6195,4437,6185,2567,6180,9054
2020-06-05 08:50:34.000000,0.0,6190,17444,6195,4437,6185,2567,6180,9054
2020-06-05 08:50:34.930000,0.0,6190,17444,6195,4437,6185,2567,6180,9054
2020-06-05 08:50:34.970000,0.0,6190,17444,6195,4437,6185,2567,6180,9054
2020-06-05 08:50:36.010000,0.0,6190,17444,6195,4437,6185,2567,6180,9054
2020-06-05 08:50:36.070000,0.0,6190,17444,6195,4437,6185,2567,6180,9054
2020-06-05 08:50:36.110000,0.0,6190,17444,6195,4437,6185,2567,6180,9054
2020-06-05 08:50:36.280000,0.0,6190,17444,6195,4437,6185,2567,6180,9054
2020-06-05 08:50:37.970000,0.0,6190,17444,6195,4437,6185,2567,6180,9054
2020-06-05 08:50:38.380000,0.0,6190,17444,6195,4437,6185,2567,6180,9054
2020-06-05 08:50:38.570000,0.0,6190,17444,6195,4437,6185,2567,6180,9054
2020-06-05 08:50:40.830000,0.0,6190,17444,6195,4437,6185,2567,6180,9054
2020-06-05 08:50:40.890000,0.0,6190,17444,6195,4437,6185,2567,6180,9054
2020-06-05 08:50:40.970000,0.0,6190,17444,6195,4437,6185,2567,6180,9054
2020-06-05 08:50:42.070000,0.0,6190,17444,6195,4437,6185,2567,6180,9054
2020-06-05 08:50:42.970000,0.0,6190,17444,6195,4437,6185,2567,6180,9054
2020-06-05 08:50:43.270000,0.0,6190,17444,6195,4437,6185,2567,6180,9054
2020-06-05 08:50:43.970000,0.0,6190,17444,6195,4437,6185,2567,6180,9054
2020-06-05 08:50:44.070000,0.0,6190,17444,6195,4437,6185,2567,6180,9054
2020-06-05 08:50:44.090000,0.0,6190,17444,6195,4437,6185,2567,6180,9054
2020-06-05 08:50:44.370000,0.0,6190,17444,6195,4437,6185,2567,6180,9054
2020-06-05 08:50:45.280000,0.0,6190,17444,6195,4437,6185,2567,6180,9054
2020-06-05 08:50:46.070000,0.0,6190,17444,6195,4437,6185,2567,6180,9054
2020-06-05 08:50:46.200000,0.0,6190,17444,6195,4437,6185,2567,6180,9054
2020-06-05 08:50:48.280000,0.0,6190,17444,6195,4437,6185,2567,6180,9054
2020-06-05 08:50:49.100000,0.0,6190,17444,6195,4437,6185,2567,6180,9054
2020-06-05 08:50:50.370000,0.0,6190,17444,6195,4437,6185,2567,6180,9054
2020-06-05 08:50:50.890000,0.0,6190,16046,6195,4437,6185,3169,6180,9054
2020-06-05 08:50:51.900000,0.0,6190,16046,6195,4437,6185,3169,6180,9054
2020-06-05 08:50:51.930000,0.0,6190,16046,6195,4437,6185,3169,6180,9054
2020-06-05 08:50:52.600000,0.0,6190,16046,6195,4437,6185,3169,6180,9054
2020-06-05 08:50:52.870000,0.0,6190,16046,6195,4437,6185,3169,6180,9054
2020-06-05 08:50:53.870000,0.0,6190,16046,6195,4437,6185,3169,6180,9054
2020-06-05 08:50:54.980000,0.0,6190,16046,6195,4437,6185,3169,6180,9054
2020-06-05 08:50:55.770000,0.0,6190,16046,6195,4437,6185,3169,6180,9054
2020-06-05 08:50:56.630000,0.0,6190,16046,6195,4437,6185,3169,6180,9054
2020-06-05 08:50:57.270000,0.0,6190,16046,6195,4437,6185,3169,6180,9054
2020-06-05 08:50:57.870000,0.0,6190,16368,6195,4437,6185,3169,6180,9054
2020-06-05 08:50:58.790000,0.0,6190,16368,6195,4437,6185,3169,6180,9054
2020-06-05 08:50:59.160000,0.0,6190,16368,6195,4437,6185,3169,6180,9054
2020-06-05 08:51:00.070000,0.0,6190,16368,6195,4437,6185,3169,6180,9054
2020-06-05 08:51:01.180000,0.0,6195,4437,6200,7579,6190,8132,6185,3169
2020-06-05 08:51:01.270000,0.0,6195,4437,6200,7579,6190,8133,6185,3169
2020-06-05 08:51:01.930000,0.0,6195,4437,6200,7579,6190,8133,6185,3169
2020-06-05 08:51:02.080000,0.0,6195,4437,6200,7579,6190,8133,6185,3169
2020-06-05 08:51:04.070000,0.0,6195,4437,6200,7579,6190,8133,6185,3169
2020-06-05 08:51:05.100000,0.0,6195,4437,6200,7579,6190,8133,6185,3169
2020-06-05 08:51:05.190000,0.0,6195,4437,6200,7579,6190,11364,6185,3169
2020-06-05 08:51:05.260000,0.0,6195,4437,6200,7579,6190,11364,6185,3169
2020-06-05 08:51:05.360000,0.0,6195,4437,6200,7579,6190,11364,6185,3169
2020-06-05 08:51:07.240000,0.0,6195,4437,6200,7579,6190,11364,6185,3169
2020-06-05 08:51:07.680000,0.0,6195,4437,6200,7579,6190,11364,6185,3169
2020-06-05 08:51:09.380000,0.0,6195,4437,6200,7579,6190,11364,6185,3169
2020-06-05 08:51:09.570000,0.0,6195,4437,6200,7579,6190,11364,6185,3169
2020-06-05 08:51:09.860000,0.0,6195,4437,6200,7579,6190,19548,6185,3169
2020-06-05 08:51:12.260000,0.0,6195,4437,6200,7579,6190,19648,6185,3169
2020-06-05 08:51:12.280000,0.0,6195,4437,6200,7579,6190,19748,6185,3169
2020-06-05 08:51:12.370000,0.0,6195,4437,6200,7579,6190,19848,6185,3169
2020-06-05 08:51:12.470000,0.0,6195,4437,6200,7579,6190,20048,6185,3169
2020-06-05 08:51:12.580000,0.0,6195,4437,6200,7579,6190,20148,6185,3169
2020-06-05 08:51:12.670000,0.0,6195,4437,6200,7579,6190,20248,6185,3169
2020-06-05 08:51:12.760000,0.0,6195,4437,6200,7579,6190,20348,6185,3169
2020-06-05 08:51:13.090000,0.0,6195,4437,6200,7579,6190,23986,6185,3169
2020-06-05 08:51:13.470000,0.0,6195,4437,6200,7579,6190,23986,6185,3169
2020-06-05 08:51:13.670000,0.0,6195,4437,6200,7579,6190,23986,6185,3169
2020-06-05 08:51:14.470000,0.0,6195,4437,6200,7579,6190,23986,6185,3169
2020-06-05 08:51:15.080000,0.0,6195,4437,6200,7579,6190,23986,6185,3169
2020-06-05 08:51:15.700000,0.0,6195,4437,6200,7579,6190,23986,6185,3169
2020-06-05 08:51:15.890000,0.0,6195,4437,6200,7579,6190,23986,6185,3169
2020-06-05 08:51:16.000000,0.0,6195,4437,6200,7579,6190,23986,6185,3169
2020-06-05 08:51:16.010000,0.0,6195,4437,6200,7579,6190,23986,6185,3169
2020-06-05 08:51:17.970000,0.0,6195,18,6200,11998,6190,23986,6185,3169
2020-06-05 08:51:18.610000,0.0,6195,18,6200,11998,6190,23986,6185,3169
2020-06-05 08:51:19.370000,0.0,6195,18,6200,11998,6190,23986,6185,3169
2020-06-05 08:51:19.400000,0.0,6195,18,6200,11998,6190,23932,6185,3169
2020-06-05 08:51:19.560000,0.0,6195,18,6200,11998,6190,23932,6185,3169
2020-06-05 08:51:20.510000,0.0,6195,18,6200,11998,6190,23932,6185,3169
2020-06-05 08:51:20.590000,0.0,6195,18,6200,11998,6190,23932,6185,3169
2020-06-05 08:51:20.700000,0.0,6195,18,6200,11998,6190,23932,6185,3169
2020-06-05 08:51:21.670000,0.0,6195,18,6200,7579,6190,23932,6185,3169
2020-06-05 08:51:22.650000,0.0,6195,18,6200,7579,6190,23932,6185,3169
2020-06-05 08:51:22.750000,0.0,6195,18,6200,7579,6190,23932,6185,3169
2020-06-05 08:51:23.620000,0.0,6195,18,6200,7579,6190,23932,6185,3169
2020-06-05 08:51:24.670000,0.0,6195,18,6200,7579,6190,23932,6185,3169
2020-06-05 08:51:26.820000,0.0,6195,18,6200,7579,6190,23932,6185,3169
2020-06-05 08:51:26.850000,0.0,6195,18,6200,7579,6190,23932,6185,3169
2020-06-05 08:51:26.880000,0.0,6195,18,6200,7579,6190,23932,6185,3169
2020-06-05 08:51:26.920000,0.0,6195,18,6200,7579,6190,23932,6185,3169
2020-06-05 08:51:26.950000,0.0,6195,18,6200,7579,6190,23932,6185,3169
2020-06-05 08:51:26.980000,0.0,6195,18,6200,7579,6190,23932,6185,3169
2020-06-05 08:51:27.070000,0.0,6195,18,6200,7579,6190,23932,6185,3169
2020-06-05 08:51:27.400000,0.0,6195,18,6200,7579,6190,23932,6185,3169
2020-06-05 08:51:27.670000,0.0,6195,18,6200,7579,6190,23932,6185,3169
2020-06-05 08:51:27.960000,0.0,6195,18,6200,7579,6190,23932,6185,3169
2020-06-05 08:51:28.510000,0.0,6195,18,6200,7579,6190,23932,6185,3169
2020-06-05 08:51:28.570000,0.0,6195,18,6200,7579,6190,23932,6185,3169
2020-06-05 08:51:29.670000,0.0,6195,18,6200,7579,6190,23932,6185,3169
2020-06-05 08:51:29.980000,0.0,6195,18,6200,7579,6190,23932,6185,3169
2020-06-05 08:51:31.010000,0.0,6195,18,6200,7579,6190,23932,6185,3169
2020-06-05 08:51:31.070000,0.0,6195,18,6200,7579,6190,23932,6185,3169
2020-06-05 08:51:31.270000,0.0,6195,18,6200,7579,6190,23599,6185,3169
2020-06-05 08:51:32.150000,0.0,6195,18,6200,7579,6190,23436,6185,3169
2020-06-05 08:51:32.570000,0.0,6195,18,6200,7579,6190,23436,6185,3649
2020-06-05 08:51:32.700000,0.0,6195,18,6200,7579,6190,23436,6185,3649
2020-06-05 08:51:34.160000,0.0,6195,18,6200,7579,6190,23436,6185,3649
2020-06-05 08:51:34.690000,0.0,6195,18,6200,7579,6190,23436,6185,3649
2020-06-05 08:51:38.060000,0.0,6195,18,6200,7579,6190,23436,6185,3649
2020-06-05 08:51:38.170000,0.0,6195,18,6200,7579,6190,23436,6185,3649
2020-06-05 08:51:38.200000,0.0,6195,18,6200,7579,6190,23436,6185,3649
2020-06-05 08:51:38.270000,0.0,6195,18,6200,7579,6190,23436,6185,3649
2020-06-05 08:51:38.280000,0.0,6195,18,6200,7579,6190,23436,6185,3649
2020-06-05 08:51:38.380000,0.0,6195,18,6200,7579,6190,23436,6185,3649
2020-06-05 08:51:38.530000,0.0,6195,18,6200,7579,6190,23436,6185,3649
2020-06-05 08:51:38.560000,0.0,6195,18,6200,7579,6190,23436,6185,3649
2020-06-05 08:51:38.670000,0.0,6195,18,6200,7579,6190,23436,6185,3649
2020-06-05 08:51:39.080000,0.0,6195,18,6200,7579,6190,23436,6185,3649
2020-06-05 08:51:41.050000,0.0,6195,18,6200,7579,6190,23436,6185,3649
2020-06-05 08:51:42.260000,0.0,6195,18,6200,7579,6190,23436,6185,3649
2020-06-05 08:51:42.470000,0.0,6195,18,6200,7579,6190,23436,6185,3649
2020-06-05 08:51:43.260000,0.0,6195,18,6200,7579,6190,23436,6185,3649
2020-06-05 08:51:43.880000,0.0,6195,18,6200,7579,6190,23436,6185,3649
2020-06-05 08:51:43.980000,0.0,6195,18,6200,7579,6190,23436,6185,3649
2020-06-05 08:51:44.660000,0.0,6195,18,6200,7579,6190,23436,6185,3649
2020-06-05 08:51:45.660000,0.0,6195,18,6200,7579,6190,23436,6185,3649
2020-06-05 08:51:46.070000,0.0,6195,18,6200,7579,6190,23436,6185,3649
2020-06-05 08:51:46.450000,0.0,6195,18,6200,7579,6190,23436,6185,3649
2020-06-05 08:51:46.480000,0.0,6195,18,6200,7579,6190,23436,6185,3649
2020-06-05 08:51:46.770000,0.0,6195,18,6200,7579,6190,23436,6185,3669
2020-06-05 08:51:46.870000,0.0,6195,18,6200,7579,6190,23436,6185,3669
2020-06-05 08:51:47.510000,0.0,6195,18,6200,7579,6190,23916,6185,3669
2020-06-05 08:51:49.040000,0.0,6195,18,6200,7579,6190,23916,6185,3669
2020-06-05 08:51:49.160000,0.0,6195,18,6200,7579,6190,23916,6185,3669
2020-06-05 08:51:50.120000,0.0,6195,18,6200,7579,6190,23916,6185,3669
2020-06-05 08:51:53.240000,0.0,6195,18,6200,7579,6190,23916,6185,3669
2020-06-05 08:51:53.510000,0.0,6195,18,6200,7579,6190,35185,6185,3669
2020-06-05 08:51:53.770000,0.0,6195,18,6200,7579,6190,35186,6185,3669
2020-06-05 08:51:54.320000,0.0,6195,18,6200,7579,6190,35186,6185,3669
2020-06-05 08:51:55.360000,0.0,6195,18,6200,7579,6190,33186,6185,3669
2020-06-05 08:51:56.380000,0.0,6195,18,6200,7579,6190,36186,6185,3669
2020-06-05 08:51:56.410000,0.0,6195,18,6200,7579,6190,36186,6185,3669
2020-06-05 08:51:56.680000,0.0,6195,18,6200,7579,6190,36186,6185,3669
2020-06-05 08:51:56.970000,0.0,6195,18,6200,7579,6190,36186,6185,3669
2020-06-05 08:51:58.550000,0.0,6195,18,6200,7579,6190,37186,6185,3669
2020-06-05 08:51:59.380000,0.0,6195,18,6200,7579,6190,37187,6185,3669
2020-06-05 08:52:00.070000,0.0,6195,18,6200,7579,6190,37187,6185,3669
2020-06-05 08:52:00.580000,0.0,6195,18,6200,7579,6190,37187,6185,3669
2020-06-05 08:52:00.640000,0.0,6195,18,6200,7579,6190,37187,6185,3669
2020-06-05 08:52:00.690000,0.0,6195,18,6200,7579,6190,37387,6185,3669
2020-06-05 08:52:00.750000,0.0,6195,18,6200,7579,6190,37387,6185,3669
2020-06-05 08:52:00.780000,0.0,6195,18,6200,7579,6190,37387,6185,3669
2020-06-05 08:52:02.170000,0.0,6195,18,6200,7579,6190,37387,6185,3669
2020-06-05 08:52:04.070000,0.0,6195,18,6200,7579,6190,37387,6185,3669
2020-06-05 08:52:04.570000,0.0,6195,18,6200,7579,6190,37387,6185,3669
2020-06-05 08:52:05.370000,0.0,6195,18,6200,7579,6190,37387,6185,3669
2020-06-05 08:52:07.570000,0.0,6195,18,6200,7579,6190,37404,6185,3669
2020-06-05 08:52:08.070000,0.0,6195,18,6200,7579,6190,37404,6185,3669
2020-06-05 08:52:08.400000,0.0,6195,18,6200,7579,6190,37404,6185,3669
2020-06-05 08:52:11.780000,0.0,6195,18,6200,7579,6190,37404,6185,3669
2020-06-05 08:52:11.930000,0.0,6195,18,6200,7579,6190,37404,6185,3669
2020-06-05 08:52:12.960000,0.0,6195,18,6200,7579,6190,37404,6185,3669
2020-06-05 08:52:14.370000,0.0,6195,18,6200,7579,6190,684,6185,3669
2020-06-05 08:52:14.880000,0.0,6195,18,6200,7579,6190,684,6185,3669
2020-06-05 08:52:15.960000,0.0,6195,18,6200,7579,6190,684,6185,3669
2020-06-05 08:52:16.020000,0.0,6195,18,6200,7579,6190,684,6185,3669
2020-06-05 08:52:17.570000,0.0,6195,18,6200,7579,6190,701,6185,3669
2020-06-05 08:52:18.480000,0.0,6195,18,6200,7579,6190,701,6185,3669
2020-06-05 08:52:18.540000,0.0,6195,18,6200,7579,6190,701,6185,3669
2020-06-05 08:52:19.980000,0.0,6195,18,6200,7579,6190,701,6185,3669
2020-06-05 08:52:20.380000,0.0,6195,18,6200,7579,6190,701,6185,3669
2020-06-05 08:52:20.690000,0.0,6195,18,6200,7579,6190,972,6185,3669
2020-06-05 08:52:25.570000,0.0,6195,18,6200,7579,6190,972,6185,3669
2020-06-05 08:52:25.680000,0.0,6195,18,6200,7579,6190,972,6185,3669
2020-06-05 08:52:26.600000,0.0,6195,18,6200,7579,6190,982,6185,3659
2020-06-05 08:52:27.970000,0.0,6195,18,6200,7579,6190,982,6185,3659
2020-06-05 08:52:28.630000,0.0,6195,18,6200,7579,6190,982,6185,3639
2020-06-05 08:52:28.860000,0.0,6195,18,6200,7579,6190,982,6185,3639
2020-06-05 08:52:29.660000,0.0,6195,18,6200,7579,6190,982,6185,3639
2020-06-05 08:52:29.750000,0.0,6195,18,6200,7579,6190,982,6185,3639
2020-06-05 08:52:29.970000,0.0,6195,18,6200,7579,6190,982,6185,3639
2020-06-05 08:52:31.700000,0.0,6195,18,6200,7579,6190,982,6185,3639
2020-06-05 08:52:31.970000,0.0,6195,18,6200,7579,6190,982,6185,3639
2020-06-05 08:52:33.080000,0.0,6195,18,6200,7579,6190,982,6185,3639
2020-06-05 08:52:34.530000,0.0,6195,18,6200,7579,6190,982,6185,3639
2020-06-05 08:52:34.870000,0.0,6195,18,6200,7579,6190,982,6185,3639
2020-06-05 08:52:36.570000,0.0,6195,18,6200,7579,6190,982,6185,3639
2020-06-05 08:52:36.870000,0.0,6195,18,6200,7579,6190,982,6185,3639
2020-06-05 08:52:37.070000,0.0,6195,18,6200,7579,6190,984,6185,3639
2020-06-05 08:52:38.270000,0.0,6195,18,6200,7579,6190,984,6185,3639
2020-06-05 08:52:38.740000,0.0,6195,18,6200,7579,6190,984,6185,3639
2020-06-05 08:52:39.840000,0.0,6195,18,6200,7579,6190,984,6185,3639
2020-06-05 08:52:40.070000,0.0,6195,18,6200,7579,6190,984,6185,3639
2020-06-05 08:52:40.840000,0.0,6195,18,6200,7579,6190,4215,6185,3639
2020-06-05 08:52:41.900000,0.0,6195,18,6200,7579,6190,4215,6185,3639
2020-06-05 08:52:42.660000,0.0,6195,18,6200,7579,6190,4215,6185,3639
2020-06-05 08:52:43.570000,0.0,6195,18,6200,7579,6190,4215,6185,3639
2020-06-05 08:52:44.040000,0.0,6195,18,6200,4351,6190,4215,6185,3639
2020-06-05 08:52:45.370000,0.0,6195,18,6200,4351,6190,4215,6185,3639
2020-06-05 08:52:47.070000,0.0,6195,18,6200,4351,6190,4215,6185,3639
2020-06-05 08:52:47.470000,0.0,6195,18,6200,4351,6190,4215,6185,3639
2020-06-05 08:52:48.760000,0.0,6195,18,6200,4351,6190,4215,6185,3639
2020-06-05 08:52:50.180000,0.0,6195,18,6200,4351,6190,4215,6185,3639
2020-06-05 08:52:50.210000,0.0,6195,18,6200,4351,6190,4215,6185,3639
2020-06-05 08:52:51.010000,0.0,6195,18,6200,4351,6190,4515,6185,3639
2020-06-05 08:52:51.970000,0.0,6195,18,6200,4351,6190,4514,6185,3639
2020-06-05 08:52:53.080000,0.0,6195,18,6200,4351,6190,4554,6185,3639
2020-06-05 08:52:53.170000,0.0,6195,18,6200,4351,6190,4554,6185,3639
2020-06-05 08:52:53.670000,0.0,6195,18,6200,4351,6190,4554,6185,3639
2020-06-05 08:52:56.670000,0.0,6195,18,6200,4351,6190,4554,6185,3639
2020-06-05 08:52:56.760000,0.0,6195,18,6200,4351,6190,4554,6185,3639
2020-06-05 08:52:57.360000,0.0,6195,18,6200,4351,6190,4554,6185,3639
2020-06-05 08:52:58.420000,0.0,6195,18,6200,4351,6190,4554,6185,3639
2020-06-05 08:52:58.700000,0.0,6195,18,6200,4351,6190,4554,6185,3639
2020-06-05 08:52:58.810000,0.0,6195,18,6200,4351,6190,4554,6185,3639
2020-06-05 08:52:59.570000,0.0,6195,18,6200,4351,6190,4554,6185,3639
2020-06-05 08:52:59.600000,0.0,6195,18,6200,4351,6190,4554,6185,3639
2020-06-05 08:52:59.700000,0.0,6195,18,6200,4351,6190,4554,6185,3639
2020-06-05 08:52:59.730000,0.0,6195,18,6200,4351,6190,4554,6185,3639
2020-06-05 08:52:59.760000,0.0,6195,18,6200,4351,6190,4554,6185,3639
2020-06-05 08:52:59.900000,0.0,6195,18,6200,4351,6190,4554,6185,3639
2020-06-05 08:52:59.930000,0.0,6195,18,6200,4351,6190,4554,6185,3639
2020-06-05 08:52:59.960000,0.0,6195,18,6200,4351,6190,4554,6185,3639
2020-06-05 08:53:00.090000,0.0,6195,18,6200,4351,6190,4554,6185,3639
2020-06-05 08:53:00.370000,0.0,6195,18,6200,4351,6190,4554,6185,3639
2020-06-05 08:53:01.170000,0.0,6195,18,6200,4351,6190,4554,6185,3639
2020-06-05 08:53:02.070000,0.0,6195,18,6200,4351,6190,4554,6185,3639
2020-06-05 08:53:03.150000,0.0,6195,18,6200,4351,6190,4554,6185,3639
2020-06-05 08:53:03.210000,0.0,6195,18,6200,4351,6190,4554,6185,3639
2020-06-05 08:53:03.240000,0.0,6195,18,6200,4351,6190,4554,6185,3639
2020-06-05 08:53:03.280000,0.0,6195,18,6200,4351,6190,4554,6185,3639
2020-06-05 08:53:03.370000,0.0,6195,18,6200,4351,6190,4554,6185,3639
2020-06-05 08:53:03.460000,0.0,6195,18,6200,4351,6190,4554,6185,3639
2020-06-05 08:53:03.600000,0.0,6195,18,6200,4351,6190,4554,6185,3639
2020-06-05 08:53:03.670000,0.0,6195,18,6200,4351,6190,4554,6185,3639
2020-06-05 08:53:04.200000,0.0,6195,18,6200,4351,6190,4554,6185,2639
2020-06-05 08:53:04.570000,0.0,6195,18,6200,4351,6190,4554,6185,2639
2020-06-05 08:53:05.860000,0.0,6195,18,6200,4351,6190,4554,6185,2639
2020-06-05 08:53:06.180000,0.0,6195,18,6200,4351,6190,4554,6185,2639
2020-06-05 08:53:06.570000,0.0,6195,18,6200,4351,6190,4554,6185,2639
2020-06-05 08:53:07.500000,0.0,6195,18,6200,4351,6190,4554,6185,2639
2020-06-05 08:53:07.570000,0.0,6195,18,6200,4351,6190,4554,6185,2639
2020-06-05 08:53:08.430000,0.0,6195,18,6200,4351,6190,4553,6185,2639
2020-06-05 08:53:10.570000,0.0,6195,18,6200,4351,6190,4553,6185,2639
2020-06-05 08:53:10.670000,0.0,6195,18,6200,4351,6190,4553,6185,2639
2020-06-05 08:53:12.460000,0.0,6195,18,6200,4351,6190,4553,6185,2639
2020-06-05 08:53:13.170000,0.0,6195,18,6200,4351,6190,4573,6185,2639
2020-06-05 08:53:14.170000,0.0,6195,18,6200,4351,6190,4573,6185,2639
2020-06-05 08:53:14.290000,0.0,6195,18,6200,4351,6190,4573,6185,2639
2020-06-05 08:53:14.960000,0.0,6195,18,6200,4351,6190,4573,6185,2639
2020-06-05 08:53:15.070000,0.0,6195,18,6200,4351,6190,4573,6185,2639
2020-06-05 08:53:16.070000,0.0,6195,18,6200,4351,6190,4773,6185,2639
2020-06-05 08:53:17.570000,0.0,6195,18,6200,4351,6190,4773,6185,2639
2020-06-05 08:53:18.190000,0.0,6195,18,6200,4351,6190,4773,6185,2639
2020-06-05 08:53:20.070000,0.0,6195,18,6200,4351,6190,4774,6185,2639
2020-06-05 08:53:20.180000,0.0,6195,18,6200,4351,6190,4774,6185,2639
2020-06-05 08:53:20.800000,0.0,6195,18,6200,4351,6190,4774,6185,2639
2020-06-05 08:53:21.820000,0.0,6195,18,6200,4351,6190,4774,6185,2639
2020-06-05 08:53:21.880000,0.0,6195,18,6200,4351,6190,4773,6185,2639
2020-06-05 08:53:21.910000,0.0,6195,18,6200,4351,6190,4773,6185,2639
2020-06-05 08:53:23.270000,0.0,6195,18,6200,4351,6190,4773,6185,2639
2020-06-05 08:53:23.570000,0.0,6195,18,6200,4351,6190,4773,6185,2639
2020-06-05 08:53:26.170000,0.0,6195,18,6200,4351,6190,41493,6185,2639
2020-06-05 08:53:26.470000,0.0,6195,18,6200,4351,6190,41493,6185,2639
2020-06-05 08:53:27.260000,0.0,6195,18,6200,4351,6190,41493,6185,2639
2020-06-05 08:53:28.760000,0.0,6195,18,6200,4351,6190,41643,6185,2639
2020-06-05 08:53:29.170000,0.0,6195,18,6200,4351,6190,41643,6185,2639
2020-06-05 08:53:29.430000,0.0,6195,18,6200,4351,6190,41643,6185,2639
2020-06-05 08:53:30.370000,0.0,6195,18,6200,4351,6190,41643,6185,2689
2020-06-05 08:53:31.270000,0.0,6195,18,6200,4351,6190,41648,6185,2689
2020-06-05 08:53:31.600000,0.0,6195,18,6200,4351,6190,41648,6185,2689
2020-06-05 08:53:32.540000,0.0,6195,18,6200,4351,6190,41653,6185,2689
2020-06-05 08:53:33.770000,0.0,6195,18,6200,4351,6190,41653,6185,2689
2020-06-05 08:53:34.770000,0.0,6195,260,6200,4351,6190,41895,6185,2689
2020-06-05 08:53:35.630000,0.0,6195,260,6200,4351,6190,41895,6185,2689
2020-06-05 08:53:35.690000,0.0,6195,260,6200,4351,6190,41895,6185,2689
2020-06-05 08:53:35.720000,0.0,6195,260,6200,4351,6190,41895,6185,2689
2020-06-05 08:53:35.970000,0.0,6195,260,6200,4351,6190,41895,6185,2689
2020-06-05 08:53:36.670000,0.0,6195,260,6200,4351,6190,41895,6185,2689
2020-06-05 08:53:37.970000,0.0,6195,260,6200,4351,6190,41895,6185,2689
2020-06-05 08:53:38.270000,0.0,6195,260,6200,4351,6190,41895,6185,2689
2020-06-05 08:53:38.780000,0.0,6195,260,6200,4351,6190,41895,6185,2689
2020-06-05 08:53:38.850000,0.0,6195,260,6200,4351,6190,41895,6185,2689
2020-06-05 08:53:38.970000,0.0,6195,260,6200,4351,6190,41895,6185,2689
2020-06-05 08:53:39.170000,0.0,6195,260,6200,4351,6190,41655,6185,2689
2020-06-05 08:53:40.350000,0.0,6195,260,6200,4351,6190,41655,6185,2689
2020-06-05 08:53:40.410000,0.0,6195,18,6200,4593,6190,41655,6185,2689
2020-06-05 08:53:43.770000,0.0,6195,18,6200,4593,6190,41655,6185,2689
2020-06-05 08:53:44.060000,0.0,6195,18,6200,4593,6190,41655,6185,2689
2020-06-05 08:53:45.060000,0.0,6195,18,6200,4593,6190,41655,6185,2689
2020-06-05 08:53:45.270000,0.0,6195,18,6200,4593,6190,41655,6185,2689
2020-06-05 08:53:47.760000,0.0,6195,18,6200,4593,6190,41655,6185,2689
2020-06-05 08:53:49.370000,0.0,6195,18,6200,4593,6190,41655,6185,2689
2020-06-05 08:53:49.670000,0.0,6195,18,6200,4593,6190,41655,6185,2689
2020-06-05 08:53:53.710000,0.0,6195,18,6200,4593,6190,41655,6185,2689
2020-06-05 08:53:53.980000,0.0,6195,18,6200,4593,6190,41655,6185,2689
2020-06-05 08:53:54.970000,0.0,6195,18,6200,4593,6190,41655,6185,2689
2020-06-05 08:53:55.270000,0.0,6195,18,6200,4593,6190,41655,6185,2689
2020-06-05 08:53:56.270000,0.0,6195,18,6200,4593,6190,41655,6185,2689
2020-06-05 08:53:56.360000,0.0,6195,18,6200,4693,6190,41655,6185,2689
2020-06-05 08:53:57.360000,0.0,6195,18,6200,4693,6190,41655,6185,2689
2020-06-05 08:53:57.860000,0.0,6195,18,6200,4693,6190,41655,6185,2689
2020-06-05 08:53:57.970000,0.0,6195,18,6200,4693,6190,41656,6185,2689
2020-06-05 08:53:59.070000,0.0,6195,18,6200,4693,6190,41656,6185,2689
2020-06-05 08:54:00.470000,0.0,6195,18,6200,4693,6190,41656,6185,2689
2020-06-05 08:54:01.470000,0.0,6195,18,6200,4693,6190,41656,6185,2689
2020-06-05 08:54:01.570000,0.0,6195,18,6200,4693,6190,41656,6185,2689
2020-06-05 08:54:01.770000,0.0,6195,18,6200,4693,6190,41656,6185,2689
2020-06-05 08:54:02.600000,0.0,6195,18,6200,4693,6190,41656,6185,2689
2020-06-05 08:54:02.970000,0.0,6195,18,6200,4693,6190,41656,6185,2689
2020-06-05 08:54:03.660000,0.0,6195,18,6200,4693,6190,41656,6185,2689
2020-06-05 08:54:03.750000,0.0,6195,18,6200,4693,6190,41656,6185,2689
2020-06-05 08:54:04.710000,0.0,6195,18,6200,4693,6190,41656,6185,2689
2020-06-05 08:54:05.070000,0.0,6195,18,6200,4693,6190,41656,6185,2689
2020-06-05 08:54:05.770000,0.0,6195,18,6200,4693,6190,41656,6185,2689
2020-06-05 08:54:05.860000,0.0,6195,18,6200,4693,6190,41656,6185,2689
2020-06-05 08:54:07.060000,0.0,6195,18,6200,4693,6190,41656,6185,2689
2020-06-05 08:54:07.170000,0.0,6195,18,6200,4693,6190,41710,6185,2689
2020-06-05 08:54:08.640000,0.0,6195,18,6200,4693,6190,41710,6185,2689
2020-06-05 08:54:08.760000,0.0,6195,18,6200,4693,6190,41710,6185,2689
2020-06-05 08:54:09.570000,0.0,6195,18,6200,4693,6190,41710,6185,2689
2020-06-05 08:54:11.280000,0.0,6195,18,6200,4693,6190,41710,6185,2689
2020-06-05 08:54:11.810000,0.0,6195,18,6200,4693,6190,41710,6185,2689
2020-06-05 08:54:11.840000,0.0,6195,18,6200,4693,6190,41710,6185,2689
2020-06-05 08:54:11.870000,0.0,6195,18,6200,4693,6190,41710,6185,2689
2020-06-05 08:54:13.930000,0.0,6195,18,6200,4693,6190,41710,6185,2689
2020-06-05 08:54:14.170000,0.0,6195,18,6200,4693,6190,41710,6185,2689
2020-06-05 08:54:14.770000,0.0,6195,18,6200,4693,6190,41710,6185,23689
2020-06-05 08:54:16.370000,0.0,6195,18,6200,4693,6190,41910,6185,23689
2020-06-05 08:54:16.660000,0.0,6195,18,6200,4693,6190,41990,6185,23689
2020-06-05 08:54:20.570000,0.0,6195,18,6200,4693,6190,41990,6185,23689
2020-06-05 08:54:21.230000,0.0,6195,18,6200,4693,6190,41990,6185,23689
2020-06-05 08:54:21.480000,0.0,6195,18,6200,4693,6190,41990,6185,23689
2020-06-05 08:54:22.320000,0.0,6195,18,6200,4693,6190,41990,6185,23689
2020-06-05 08:54:22.480000,0.0,6195,18,6200,4693,6190,41990,6185,23689
2020-06-05 08:54:22.570000,0.0,6195,18,6200,4693,6190,42990,6185,23689
2020-06-05 08:54:22.980000,0.0,6195,18,6200,4693,6190,42990,6185,23689
2020-06-05 08:54:23.430000,0.0,6195,18,6200,4693,6190,42990,6185,23689
2020-06-05 08:54:26.540000,0.0,6195,18,6200,4693,6190,42990,6185,23689
2020-06-05 08:54:27.020000,0.0,6195,18,6200,4693,6190,43007,6185,23689
2020-06-05 08:54:27.160000,0.0,6195,18,6200,9112,6190,43088,6185,23689
2020-06-05 08:54:27.470000,0.0,6195,18,6200,9112,6190,42991,6185,23689
2020-06-05 08:54:27.660000,0.0,6195,18,6200,9112,6190,42991,6185,23689
2020-06-05 08:54:28.270000,0.0,6195,18,6200,9112,6190,42991,6185,23689
2020-06-05 08:54:28.470000,0.0,6195,18,6200,9112,6190,42991,6185,23689
2020-06-05 08:54:28.660000,0.0,6195,18,6200,9112,6190,42991,6185,23689
2020-06-05 08:54:29.220000,0.0,6195,18,6200,9112,6190,42791,6185,23689
2020-06-05 08:54:32.470000,0.0,6195,18,6200,9112,6190,42791,6185,23689
2020-06-05 08:54:33.070000,0.0,6195,18,6200,9112,6190,42791,6185,23689
2020-06-05 08:54:34.470000,0.0,6195,18,6200,9112,6190,42791,6185,23689
2020-06-05 08:54:34.770000,0.0,6195,18,6200,9112,6190,42791,6185,23689
2020-06-05 08:54:35.970000,0.0,6195,18,6200,9112,6190,42991,6185,23689
2020-06-05 08:54:36.170000,0.0,6195,18,6200,9112,6190,42991,6185,23689
2020-06-05 08:54:37.170000,0.0,6195,18,6200,9112,6190,43008,6185,23689
2020-06-05 08:54:37.630000,0.0,6195,18,6200,9112,6190,43008,6185,23689
2020-06-05 08:54:37.690000,0.0,6195,18,6200,9112,6190,43008,6185,23689
2020-06-05 08:54:37.890000,0.0,6195,18,6200,9112,6190,43341,6185,23689
2020-06-05 08:54:37.950000,0.0,6195,18,6200,9112,6190,43341,6185,23689
2020-06-05 08:54:38.270000,0.0,6195,18,6200,9112,6190,43341,6185,23689
2020-06-05 08:54:39.060000,0.0,6200,9112,6205,3553,6195,89,6190,43534
2020-06-05 08:54:39.170000,0.0,6200,9112,6205,3553,6195,89,6190,43534
2020-06-05 08:54:39.770000,0.0,6200,9112,6205,3553,6195,89,6190,43534
2020-06-05 08:54:39.970000,0.0,6200,9112,6205,3553,6195,89,6190,43534
2020-06-05 08:54:40.270000,0.0,6200,9112,6205,3553,6195,89,6190,43534
2020-06-05 08:54:40.380000,0.0,6200,9112,6205,3553,6195,99,6190,43534
2020-06-05 08:54:41.340000,0.0,6200,9112,6205,3553,6195,99,6190,43534
2020-06-05 08:54:41.770000,0.0,6200,9112,6205,3553,6195,102,6190,43534
2020-06-05 08:54:42.390000,0.0,6200,9112,6205,3553,6195,102,6190,43534
2020-06-05 08:54:42.590000,0.0,6200,9112,6205,3553,6195,102,6190,43534
2020-06-05 08:54:42.690000,0.0,6200,9112,6205,3553,6195,102,6190,43534
2020-06-05 08:54:43.060000,0.0,6200,9112,6205,3553,6195,102,6190,43534
2020-06-05 08:54:44.060000,0.0,6200,9112,6205,3553,6195,202,6190,43534
2020-06-05 08:54:45.030000,0.0,6200,9112,6205,3553,6195,202,6190,43534
2020-06-05 08:54:46.060000,0.0,6200,9112,6205,3553,6195,202,6190,43534
2020-06-05 08:54:46.090000,0.0,6200,9112,6205,3553,6195,202,6190,43534
2020-06-05 08:54:46.970000,0.0,6200,9112,6205,3553,6195,202,6190,43534
2020-06-05 08:54:47.580000,0.0,6200,9112,6205,3553,6195,202,6190,43534
2020-06-05 08:54:48.190000,0.0,6200,9112,6205,3553,6195,202,6190,43534
2020-06-05 08:54:48.370000,0.0,6200,9112,6205,3553,6195,202,6190,43534
2020-06-05 08:54:49.260000,0.0,6200,9112,6205,3553,6195,202,6190,43534
2020-06-05 08:54:49.500000,0.0,6200,4693,6205,7972,6195,202,6190,43534
2020-06-05 08:54:49.670000,0.0,6200,4693,6205,7972,6195,202,6190,43534
2020-06-05 08:54:49.700000,0.0,6195,18,6200,4693,6190,41754,6185,23689
2020-06-05 08:54:50.290000,0.0,6195,18,6200,4693,6190,41754,6185,23689
2020-06-05 08:54:50.590000,0.0,6195,18,6200,4693,6190,41754,6185,23689
2020-06-05 08:54:50.970000,0.0,6195,18,6200,4693,6190,41754,6185,23689
2020-06-05 08:54:51.370000,0.0,6195,18,6200,4693,6190,41754,6185,23689
2020-06-05 08:54:51.480000,0.0,6195,18,6200,4693,6190,41754,6185,23689
2020-06-05 08:54:51.670000,0.0,6195,18,6200,4693,6190,41754,6185,23689
2020-06-05 08:54:51.680000,0.0,6195,18,6200,4693,6190,41754,6185,23689
2020-06-05 08:54:52.080000,0.0,6195,18,6200,4693,6190,41754,6185,23689
2020-06-05 08:54:52.420000,0.0,6195,18,6200,4693,6190,41754,6185,23689
2020-06-05 08:54:52.470000,0.0,6195,18,6200,4693,6190,41754,6185,23689
2020-06-05 08:54:52.670000,0.0,6195,18,6200,4693,6190,41754,6185,23689
2020-06-05 08:54:52.760000,0.0,6195,18,6200,4693,6190,41754,6185,23689
2020-06-05 08:54:52.780000,0.0,6195,18,6200,4693,6190,41754,6185,23689
2020-06-05 08:54:52.870000,0.0,6195,18,6200,7193,6190,41754,6185,23689
2020-06-05 08:54:52.970000,0.0,6195,18,6200,7193,6190,41754,6185,23689
2020-06-05 08:54:53.170000,0.0,6195,18,6200,7193,6190,41754,6185,23689
2020-06-05 08:54:53.950000,0.0,6195,18,6200,7193,6190,41754,6185,23689
2020-06-05 08:54:53.980000,0.0,6195,18,6200,7193,6190,41754,6185,23689
2020-06-05 08:54:54.010000,0.0,6195,18,6200,7193,6190,41754,6185,23689
2020-06-05 08:54:54.070000,0.0,6195,18,6200,7193,6190,41754,6185,23689
2020-06-05 08:54:54.200000,0.0,6195,18,6200,7193,6190,41754,6185,23689
2020-06-05 08:54:54.370000,0.0,6195,18,6200,7193,6190,41754,6185,23689
2020-06-05 08:54:55.030000,0.0,6195,18,6200,7193,6190,41754,6185,23689
2020-06-05 08:54:55.060000,0.0,6195,18,6200,7193,6190,41754,6185,23689
2020-06-05 08:54:55.090000,0.0,6195,18,6200,7193,6190,41754,6185,23689
2020-06-05 08:54:55.120000,0.0,6200,7193,6205,7972,6195,1202,6190,43534
2020-06-05 08:54:55.170000,0.0,6200,7193,6205,7972,6195,1202,6190,43534
2020-06-05 08:54:55.260000,0.0,6200,7193,6205,7972,6195,1502,6190,43534
2020-06-05 08:54:55.400000,0.0,6200,7193,6205,8466,6195,1502,6190,43534
2020-06-05 08:54:56.040000,0.0,6200,7193,6205,8466,6195,1502,6190,43534
2020-06-05 08:54:56.110000,0.0,6200,7193,6205,8466,6195,1502,6190,43534
2020-06-05 08:54:56.140000,0.0,6200,7193,6205,8466,6195,1502,6190,43534
2020-06-05 08:54:56.370000,0.0,6200,7193,6205,8466,6195,1502,6190,43534
2020-06-05 08:54:56.460000,0.0,6200,7193,6205,8466,6195,1502,6190,43534
2020-06-05 08:54:56.570000,0.0,6200,7193,6205,8466,6195,1502,6190,43534
2020-06-05 08:54:57.090000,0.0,6200,7193,6205,8466,6195,1502,6190,43534
2020-06-05 08:54:57.150000,0.0,6200,7193,6205,8466,6195,1502,6190,43534
2020-06-05 08:54:57.400000,0.0,6200,7193,6205,8466,6195,1502,6190,43534
2020-06-05 08:54:57.590000,0.0,6200,7193,6205,8466,6195,1502,6190,43534
2020-06-05 08:54:57.870000,0.0,6200,7193,6205,8466,6195,1502,6190,43534
2020-06-05 08:54:58.070000,0.0,6200,7193,6205,8466,6195,1502,6190,43534
2020-06-05 08:54:58.670000,0.0,6200,7193,6205,8466,6195,1018,6190,43534
2020-06-05 08:54:58.980000,0.0,6195,18,6200,7193,6190,36441,6185,23689
2020-06-05 08:54:59.280000,0.0,6195,18,6200,7193,6190,36441,6185,23689
2020-06-05 08:54:59.460000,0.0,6195,18,6200,7193,6190,36441,6185,23689
2020-06-05 08:54:59.680000,0.0,6195,18,6200,7193,6190,36441,6185,23689
2020-06-05 08:54:59.790000,0.0,6195,18,6200,7193,6190,36441,6185,23689
2020-06-05 08:54:59.960000,0.0,6195,18,6200,7193,6190,36441,6185,23689
2020-06-05 08:55:00.070000,0.0,6195,18,6200,7193,6190,36441,6185,23689
2020-06-05 08:55:00.370000,0.0,6195,18,6200,7193,6190,36441,6185,23689
2020-06-05 08:55:00.780000,0.0,6195,18,6200,7193,6190,36441,6185,23689
2020-06-05 08:55:00.810000,0.0,6195,18,6200,7193,6190,36441,6185,23689
2020-06-05 08:55:00.840000,0.0,6195,18,6200,7193,6190,36441,6185,23689
2020-06-05 08:55:01.070000,0.0,6195,18,6200,7193,6190,36441,6185,23689
2020-06-05 08:55:01.280000,0.0,6195,18,6200,7193,6190,36441,6185,23689
2020-06-05 08:55:01.460000,0.0,6195,18,6200,7193,6190,36441,6185,23689
2020-06-05 08:55:01.570000,0.0,6195,18,6200,7193,6190,36441,6185,23689
2020-06-05 08:55:01.670000,0.0,6195,18,6200,7193,6190,36441,6185,23689
2020-06-05 08:55:01.810000,0.0,6195,18,6200,7193,6190,36441,6185,23689
2020-06-05 08:55:02.070000,0.0,6195,18,6200,7193,6190,36441,6185,23689
2020-06-05 08:55:02.180000,0.0,6195,18,6200,7193,6190,36441,6185,23689
2020-06-05 08:55:02.280000,0.0,6195,18,6200,7193,6190,36441,6185,23689
2020-06-05 08:55:02.460000,0.0,6195,18,6200,7193,6190,36441,6185,23689
2020-06-05 08:55:02.950000,0.0,6195,18,6200,7193,6190,36441,6185,23689
2020-06-05 08:55:03.040000,0.0,6195,18,6200,7193,6190,36441,6185,23689
2020-06-05 08:55:03.100000,0.0,6195,18,6200,7193,6190,36441,6185,23689
2020-06-05 08:55:03.270000,0.0,6195,18,6200,7193,6190,36441,6185,23689
2020-06-05 08:55:03.570000,0.0,6195,18,6200,7193,6190,36441,6185,23689
2020-06-05 08:55:03.980000,0.0,6195,18,6200,7193,6190,36441,6185,23689
2020-06-05 08:55:04.070000,0.0,6195,18,6200,7193,6190,36441,6185,23689
2020-06-05 08:55:04.120000,0.0,6195,18,6200,7193,6190,36441,6185,23689
2020-06-05 08:55:04.270000,0.0,6195,18,6200,7193,6190,36441,6185,23689
2020-06-05 08:55:04.480000,0.0,6195,18,6200,7193,6190,36441,6185,23689
2020-06-05 08:55:04.770000,0.0,6195,18,6200,7193,6190,36441,6185,23689
2020-06-05 08:55:04.870000,0.0,6195,18,6200,7193,6190,36441,6185,23689
2020-06-05 08:55:04.990000,0.0,6195,18,6200,7193,6190,36441,6185,23689
2020-06-05 08:55:05.270000,0.0,6195,18,6200,7193,6190,36441,6185,23689
2020-06-05 08:55:05.460000,0.0,6195,18,6200,7193,6190,36441,6185,23689
2020-06-05 08:55:05.770000,0.0,6195,18,6200,7193,6190,36441,6185,23689
2020-06-05 08:55:06.060000,0.0,6195,18,6200,7193,6190,36441,6185,23689
2020-06-05 08:55:06.270000,0.0,6195,18,6200,7193,6190,36441,6185,23689
2020-06-05 08:55:07.480000,0.0,6195,18,6200,7193,6190,36441,6185,23689
2020-06-05 08:55:08.160000,0.0,6195,18,6200,7193,6190,36441,6185,23689
2020-06-05 08:55:08.200000,0.0,6195,18,6200,7193,6190,36441,6185,23689
2020-06-05 08:55:08.370000,0.0,6195,18,6200,7193,6190,36441,6185,23689
2020-06-05 08:55:08.660000,0.0,6195,18,6200,7193,6190,36441,6185,23689
2020-06-05 08:55:08.770000,0.0,6195,18,6200,7193,6190,36441,6185,23689
2020-06-05 08:55:08.960000,0.0,6195,18,6200,7193,6190,36441,6185,23689
2020-06-05 08:55:09.180000,0.0,6195,18,6200,7193,6190,36441,6185,23689
2020-06-05 08:55:09.490000,0.0,6195,18,6200,7193,6190,36441,6185,23689
2020-06-05 08:55:10.320000,0.0,6195,18,6200,7193,6190,36441,6185,23689
2020-06-05 08:55:10.570000,0.0,6195,18,6200,7193,6190,36541,6185,23689
2020-06-05 08:55:10.660000,0.0,6195,18,6200,7831,6190,36541,6185,23689
2020-06-05 08:55:11.070000,0.0,6195,18,6200,7831,6190,36541,6185,23689
2020-06-05 08:55:11.400000,0.0,6200,7831,6205,6200,6195,12989,6190,43534
2020-06-05 08:55:12.370000,0.0,6200,7831,6205,6200,6195,12989,6190,43534
2020-06-05 08:55:12.510000,0.0,6200,7831,6205,6200,6195,12989,6190,43534
2020-06-05 08:55:12.690000,0.0,6200,7831,6205,6200,6195,12989,6190,43534
2020-06-05 08:55:12.770000,0.0,6200,7831,6205,6200,6195,12989,6190,43534
2020-06-05 08:55:12.970000,0.0,6200,7831,6205,6200,6195,12989,6190,43534
2020-06-05 08:55:13.970000,0.0,6200,7831,6205,6200,6195,12989,6190,43534
2020-06-05 08:55:14.550000,0.0,6200,7831,6205,6200,6195,12502,6190,43534
2020-06-05 08:55:14.800000,0.0,6200,7831,6205,6200,6195,12502,6190,43534
2020-06-05 08:55:15.070000,0.0,6200,7831,6205,6200,6195,12502,6190,43534
2020-06-05 08:55:15.580000,0.0,6200,7831,6205,6200,6195,12502,6190,43534
2020-06-05 08:55:15.660000,0.0,6200,7831,6205,6254,6195,12502,6190,43534
2020-06-05 08:55:15.860000,0.0,6195,18,6200,7831,6190,36054,6185,23689
2020-06-05 08:55:17.060000,0.0,6195,18,6200,7831,6190,36154,6185,23689
2020-06-05 08:55:17.590000,0.0,6195,18,6200,7831,6190,36154,6185,23689
2020-06-05 08:55:17.970000,0.0,6195,18,6200,7831,6190,36154,6185,23689
2020-06-05 08:55:18.290000,0.0,6195,18,6200,7831,6190,36154,6185,23689
2020-06-05 08:55:18.480000,0.0,6195,18,6200,7831,6190,36154,6185,23689
2020-06-05 08:55:19.760000,0.0,6195,18,6200,7831,6190,36154,6185,23689
2020-06-05 08:55:20.650000,0.0,6195,18,6200,7831,6190,36154,6185,23689
2020-06-05 08:55:21.760000,0.0,6195,18,6200,7831,6190,36154,6185,23689
2020-06-05 08:55:22.110000,0.0,6195,18,6200,8325,6190,36154,6185,23689
2020-06-05 08:55:22.820000,0.0,6195,18,6200,8625,6190,36154,6185,23689
2020-06-05 08:55:22.920000,0.0,6195,18,6200,8625,6190,36154,6185,23789
2020-06-05 08:55:24.870000,0.0,6195,18,6200,8625,6190,36154,6185,23789
2020-06-05 08:55:25.460000,0.0,6195,18,6200,8625,6190,36154,6185,23789
2020-06-05 08:55:26.000000,0.0,6195,18,6200,8625,6190,36154,6185,23789
2020-06-05 08:55:26.060000,0.0,6195,18,6200,8625,6190,36154,6185,23789
2020-06-05 08:55:26.370000,0.0,6195,18,6200,8625,6190,36154,6185,23789
2020-06-05 08:55:26.980000,0.0,6195,818,6200,8625,6190,36154,6185,23789
2020-06-05 08:55:27.040000,0.0,6195,818,6200,8625,6190,36154,6185,23789
2020-06-05 08:55:27.370000,0.0,6195,818,6200,8625,6190,36154,6185,23789
2020-06-05 08:55:27.460000,0.0,6195,818,6200,8625,6190,36154,6185,23789
2020-06-05 08:55:28.700000,0.0,6195,818,6200,8625,6190,37154,6185,23789
2020-06-05 08:55:28.810000,0.0,6195,818,6200,9425,6190,37154,6185,23789
2020-06-05 08:55:29.620000,0.0,6195,818,6200,9425,6190,37154,6185,23789
2020-06-05 08:55:30.100000,0.0,6195,818,6200,8931,6190,37154,6185,23789
2020-06-05 08:55:30.570000,0.0,6195,818,6200,8931,6190,37154,6185,23789
2020-06-05 08:55:31.170000,0.0,6195,818,6200,8931,6190,37154,6185,23789
2020-06-05 08:55:31.260000,0.0,6195,818,6200,8931,6190,37154,6185,23789
2020-06-05 08:55:31.350000,0.0,6195,818,6200,8931,6190,37154,6185,23789
2020-06-05 08:55:32.320000,0.0,6195,818,6200,8931,6190,37154,6185,23789
2020-06-05 08:55:32.680000,0.0,6195,818,6200,8931,6190,37154,6185,23789
2020-06-05 08:55:33.350000,0.0,6195,818,6200,8931,6190,37154,6185,23789
2020-06-05 08:55:33.660000,0.0,6195,818,6200,8931,6190,37204,6185,23789
2020-06-05 08:55:34.370000,0.0,6195,818,6200,8931,6190,36204,6185,23789
2020-06-05 08:55:35.410000,0.0,6195,818,6200,8931,6190,35871,6185,23789
2020-06-05 08:55:36.490000,0.0,6195,818,6200,8931,6190,35871,6185,23789
2020-06-05 08:55:36.870000,0.0,6195,818,6200,8931,6190,37021,6185,23789
2020-06-05 08:55:37.370000,0.0,6195,818,6200,8931,6190,37121,6185,23789
2020-06-05 08:55:37.570000,0.0,6195,818,6200,8931,6190,37121,6185,23789
2020-06-05 08:55:38.160000,0.0,6195,818,6200,9331,6190,37121,6185,23789
2020-06-05 08:55:38.600000,0.0,6195,818,6200,11540,6190,37121,6185,23789
2020-06-05 08:55:39.650000,0.0,6195,818,6200,11540,6190,37121,6185,23789
2020-06-05 08:55:40.160000,0.0,6195,818,6200,11540,6190,37121,6185,23789
2020-06-05 08:55:40.740000,0.0,6195,818,6200,11540,6190,37121,6185,23789
2020-06-05 08:55:42.370000,0.0,6195,818,6200,11540,6190,37317,6185,23789
2020-06-05 08:55:44.770000,0.0,6195,818,6200,11540,6190,37317,6185,23789
2020-06-05 08:55:45.410000,0.0,6195,818,6200,11540,6190,37317,6185,23789
2020-06-05 08:55:45.470000,0.0,6195,818,6200,11540,6190,37317,6185,23789
2020-06-05 08:55:45.660000,0.0,6195,818,6200,11540,6190,37317,6185,23789
2020-06-05 08:55:47.490000,0.0,6195,818,6200,11540,6190,36500,6185,23789
2020-06-05 08:55:47.770000,0.0,6195,818,6200,11540,6190,36500,6185,23789
2020-06-05 08:55:48.580000,0.0,6195,818,6200,11540,6190,36600,6185,23789
2020-06-05 08:55:48.680000,0.0,6195,818,6200,11540,6190,36600,6185,23789
2020-06-05 08:55:48.800000,0.0,6195,818,6200,11540,6190,36600,6185,23789
2020-06-05 08:55:48.910000,0.0,6195,818,6200,11540,6190,37400,6185,23789
2020-06-05 08:55:50.190000,0.0,6195,818,6200,11540,6190,37400,6185,23789
2020-06-05 08:55:50.680000,0.0,6195,1818,6200,11540,6190,37400,6185,23789
2020-06-05 08:55:51.270000,0.0,6195,1818,6200,11540,6190,37400,6185,23790
2020-06-05 08:55:51.360000,0.0,6195,1818,6200,11540,6190,37400,6185,23790
2020-06-05 08:55:51.570000,0.0,6195,605,6200,11540,6190,45880,6185,23790
2020-06-05 08:55:52.490000,0.0,6195,605,6200,11540,6190,45880,6185,23790
2020-06-05 08:55:52.860000,0.0,6195,605,6200,12540,6190,45880,6185,23790
2020-06-05 08:55:53.360000,0.0,6195,605,6200,12540,6190,45880,6185,23790
2020-06-05 08:55:53.960000,0.0,6195,605,6200,12540,6190,45880,6185,23790
2020-06-05 08:55:53.990000,0.0,6195,605,6200,12540,6190,45880,6185,23790
2020-06-05 08:55:54.580000,0.0,6195,605,6200,12540,6190,45880,6185,23790
2020-06-05 08:55:54.700000,0.0,6195,605,6200,12540,6190,45880,6185,23790
2020-06-05 08:55:55.440000,0.0,6195,635,6200,12540,6190,45880,6185,23790
2020-06-05 08:55:55.470000,0.0,6195,635,6200,12540,6190,45880,6185,23790
2020-06-05 08:55:55.530000,0.0,6195,634,6200,12540,6190,45880,6185,23790
2020-06-05 08:55:55.630000,0.0,6195,634,6200,12540,6190,45880,6185,23790
2020-06-05 08:55:57.060000,0.0,6195,634,6200,12540,6190,45880,6185,23790
2020-06-05 08:55:57.550000,0.0,6195,634,6200,12540,6190,45880,6185,23790
2020-06-05 08:55:57.590000,0.0,6195,634,6200,12540,6190,45880,6185,23790
2020-06-05 08:55:57.660000,0.0,6195,634,6200,12540,6190,45880,6185,23790
2020-06-05 08:55:57.860000,0.0,6195,634,6200,10331,6190,45880,6185,23790
2020-06-05 08:55:58.580000,0.0,6195,634,6200,10331,6190,45880,6185,23790
2020-06-05 08:55:58.640000,0.0,6195,634,6200,10331,6190,45880,6185,23790
2020-06-05 08:56:00.730000,0.0,6195,634,6200,10331,6190,45880,6185,23790
2020-06-05 08:56:00.770000,0.0,6195,634,6200,10331,6190,45880,6185,23790
2020-06-05 08:56:01.720000,0.0,6195,634,6200,10331,6190,45880,6185,23790
2020-06-05 08:56:01.750000,0.0,6195,634,6200,10331,6190,45880,6185,23790
2020-06-05 08:56:01.780000,0.0,6195,634,6200,10331,6190,45880,6185,23790
2020-06-05 08:56:01.860000,0.0,6195,634,6200,10331,6190,45880,6185,23790
2020-06-05 08:56:01.970000,0.0,6195,634,6200,10331,6190,45880,6185,23790
2020-06-05 08:56:02.270000,0.0,6195,634,6200,10331,6190,45880,6185,23790
2020-06-05 08:56:02.760000,0.0,6195,634,6200,18331,6190,45880,6185,23790
2020-06-05 08:56:02.860000,0.0,6195,634,6200,18331,6190,45960,6185,23790
2020-06-05 08:56:03.060000,0.0,6195,634,6200,18331,6190,45960,6185,23790
2020-06-05 08:56:03.810000,0.0,6195,644,6200,18331,6190,45960,6185,23790
2020-06-05 08:56:03.890000,0.0,6195,644,6200,18331,6190,45960,6185,23790
2020-06-05 08:56:03.950000,0.0,6195,644,6200,18331,6190,45960,6185,25140
2020-06-05 08:56:04.260000,0.0,6195,644,6200,18331,6190,46729,6185,25140
2020-06-05 08:56:04.920000,0.0,6195,644,6200,18331,6190,46729,6185,25140
2020-06-05 08:56:05.050000,0.0,6195,644,6200,18331,6190,46729,6185,25140
2020-06-05 08:56:05.970000,0.0,6195,644,6200,18331,6190,46729,6185,25140
2020-06-05 08:56:06.370000,0.0,6195,644,6200,18331,6190,47729,6185,25140
2020-06-05 08:56:06.470000,0.0,6195,944,6200,18331,6190,47729,6185,25140
2020-06-05 08:56:07.000000,0.0,6195,944,6200,18331,6190,47729,6185,25140
2020-06-05 08:56:07.500000,0.0,6195,944,6200,18331,6190,47729,6185,25140
2020-06-05 08:56:08.370000,0.0,6195,944,6200,18331,6190,47729,6185,25140
2020-06-05 08:56:08.580000,0.0,6195,943,6200,18331,6190,47729,6185,25140
2020-06-05 08:56:09.000000,0.0,6195,943,6200,18631,6190,47729,6185,25140
2020-06-05 08:56:09.640000,0.0,6195,943,6200,18631,6190,47729,6185,25140
2020-06-05 08:56:10.670000,0.0,6195,943,6200,18631,6190,47729,6185,25140
2020-06-05 08:56:10.970000,0.0,6195,843,6200,18631,6190,47729,6185,25140
2020-06-05 08:56:11.070000,0.0,6195,843,6200,18631,6190,47729,6185,25140
2020-06-05 08:56:11.200000,0.0,6195,853,6200,18631,6190,47729,6185,25140
2020-06-05 08:56:11.290000,0.0,6195,853,6200,18631,6190,47729,6185,25140
2020-06-05 08:56:13.400000,0.0,6195,853,6200,18631,6190,47729,6185,25140
2020-06-05 08:56:13.460000,0.0,6195,853,6200,18631,6190,47729,6185,25140
2020-06-05 08:56:14.370000,0.0,6195,853,6200,18631,6190,47729,6185,25140
2020-06-05 08:56:14.670000,0.0,6195,853,6200,18631,6190,47729,6185,25140
2020-06-05 08:56:15.000000,0.0,6195,853,6200,18631,6190,47729,6185,25140
2020-06-05 08:56:15.760000,0.0,6195,853,6200,18631,6190,47729,6185,25140
2020-06-05 08:56:17.370000,0.0,6195,853,6200,20840,6190,47729,6185,25140
2020-06-05 08:56:18.170000,0.0,6195,853,6200,20840,6190,47703,6185,25140
2020-06-05 08:56:18.370000,0.0,6195,853,6200,20840,6190,47703,6185,25140
2020-06-05 08:56:18.460000,0.0,6195,853,6200,20840,6190,47703,6185,25140
2020-06-05 08:56:19.130000,0.0,6195,853,6200,20840,6190,47903,6185,25140
2020-06-05 08:56:19.200000,0.0,6195,853,6200,20840,6190,47903,6185,25140
2020-06-05 08:56:19.460000,0.0,6195,853,6200,20840,6190,47903,6185,25140
2020-06-05 08:56:21.670000,0.0,6195,853,6200,20840,6190,47903,6185,25140
2020-06-05 08:56:22.570000,0.0,6195,853,6200,20840,6190,47903,6185,25140
2020-06-05 08:56:22.870000,0.0,6195,853,6200,20840,6190,47903,6185,25140
2020-06-05 08:56:23.430000,0.0,6195,773,6200,20840,6190,47823,6185,25140
2020-06-05 08:56:23.570000,0.0,6195,1073,6200,20840,6190,47823,6185,25140
2020-06-05 08:56:23.770000,0.0,6195,1073,6200,20840,6190,47823,6185,25140
2020-06-05 08:56:24.770000,0.0,6200,16260,6205,14630,6195,4040,6190,47823
2020-06-05 08:56:26.590000,0.0,6200,16260,6205,12285,6195,4040,6190,47823
2020-06-05 08:56:26.770000,0.0,6200,16260,6205,12285,6195,4040,6190,47823
2020-06-05 08:56:27.070000,0.0,6200,16260,6205,12285,6195,4040,6190,47823
2020-06-05 08:56:27.160000,0.0,6200,16260,6205,12285,6195,4040,6190,47823
2020-06-05 08:56:27.460000,0.0,6200,16180,6205,12285,6195,4040,6190,47743
2020-06-05 08:56:27.570000,0.0,6200,16180,6205,12285,6195,4040,6190,47743
2020-06-05 08:56:27.660000,0.0,6200,16180,6205,12285,6195,4040,6190,47743
2020-06-05 08:56:28.980000,0.0,6200,16180,6205,12285,6195,4040,6190,47743
2020-06-05 08:56:31.070000,0.0,6200,16180,6205,12285,6195,4040,6190,47743
2020-06-05 08:56:31.370000,0.0,6200,16173,6205,12285,6195,4040,6190,47736
2020-06-05 08:56:32.070000,0.0,6200,16173,6205,12285,6195,4040,6190,47736
2020-06-05 08:56:32.190000,0.0,6200,16173,6205,12285,6195,4040,6190,47736
2020-06-05 08:56:33.180000,0.0,6200,16173,6205,12285,6195,4040,6190,47736
2020-06-05 08:56:34.190000,0.0,6200,16173,6205,12285,6195,4040,6190,47736
2020-06-05 08:56:34.360000,0.0,6200,16173,6205,12285,6195,4040,6190,47736
2020-06-05 08:56:35.220000,0.0,6200,16173,6205,12285,6195,4040,6190,47736
2020-06-05 08:56:36.870000,0.0,6200,16173,6205,12285,6195,4040,6190,47736
2020-06-05 08:56:37.970000,0.0,6200,16173,6205,12285,6195,4040,6190,47736
2020-06-05 08:56:38.500000,0.0,6200,16173,6205,11823,6195,4040,6190,47736
2020-06-05 08:56:38.560000,0.0,6200,16473,6205,11823,6195,4040,6190,47736
2020-06-05 08:56:38.870000,0.0,6200,16473,6205,11823,6195,4040,6190,47736
2020-06-05 08:56:39.560000,0.0,6200,16473,6205,11823,6195,4040,6190,47736
2020-06-05 08:56:39.870000,0.0,6200,16473,6205,11823,6195,4040,6190,47736
2020-06-05 08:56:40.580000,0.0,6200,16473,6205,11823,6195,4040,6190,47736
2020-06-05 08:56:41.170000,0.0,6200,16473,6205,11823,6195,4040,6190,47746
2020-06-05 08:56:41.470000,0.0,6200,16373,6205,11823,6195,4040,6190,47746
2020-06-05 08:56:41.580000,0.0,6200,16363,6205,11823,6195,4040,6190,47746
2020-06-05 08:56:42.170000,0.0,6200,16363,6205,11823,6195,4040,6190,47746
2020-06-05 08:56:43.510000,0.0,6200,16363,6205,11823,6195,4040,6190,47746
2020-06-05 08:56:43.690000,0.0,6200,16363,6205,11823,6195,4040,6190,47746
2020-06-05 08:56:43.770000,0.0,6200,6419,6205,11823,6195,4040,6190,47746
2020-06-05 08:56:44.270000,0.0,6200,6419,6205,11823,6195,4040,6190,47746
2020-06-05 08:56:44.570000,0.0,6200,6419,6205,11823,6195,4040,6190,47746
2020-06-05 08:56:45.770000,0.0,6200,6419,6205,11823,6195,4040,6190,47746
2020-06-05 08:56:46.170000,0.0,6200,6439,6205,11823,6195,4040,6190,47746
2020-06-05 08:56:46.260000,0.0,6200,6439,6205,11823,6195,4040,6190,47746
2020-06-05 08:56:47.260000,0.0,6200,6439,6205,11823,6195,4040,6190,46977
2020-06-05 08:56:48.510000,0.0,6200,6439,6205,11823,6195,4040,6190,46977
2020-06-05 08:56:51.260000,0.0,6200,6439,6205,11823,6195,4040,6190,46977
2020-06-05 08:56:51.560000,0.0,6200,6701,6205,11823,6195,4040,6190,46977
2020-06-05 08:56:52.070000,0.0,6200,6701,6205,11823,6195,4040,6190,46977
2020-06-05 08:56:52.780000,0.0,6200,6701,6205,11823,6195,4040,6190,46977
2020-06-05 08:56:53.070000,0.0,6200,6701,6205,11823,6195,4808,6190,46977
2020-06-05 08:56:53.170000,0.0,6200,6701,6205,11823,6195,4808,6190,46977
2020-06-05 08:56:53.700000,0.0,6200,6701,6205,11823,6195,4808,6190,46977
2020-06-05 08:56:55.090000,0.0,6200,6701,6205,11823,6195,4808,6190,47081
2020-06-05 08:56:55.850000,0.0,6200,6701,6205,11823,6195,4808,6190,47081
2020-06-05 08:56:57.370000,0.0,6200,6701,6205,11823,6195,4808,6190,47081
2020-06-05 08:56:57.990000,0.0,6200,6701,6205,11823,6195,4808,6190,47081
2020-06-05 08:56:58.900000,0.0,6200,6671,6205,11823,6195,4808,6190,47081
2020-06-05 08:56:59.490000,0.0,6200,6671,6205,11823,6195,4808,6190,47081
2020-06-05 08:57:00.270000,0.0,6200,6671,6205,11823,6195,4808,6190,47081
2020-06-05 08:57:00.300000,0.0,6200,14822,6205,11823,6195,4808,6190,47081
2020-06-05 08:57:01.070000,0.0,6200,21122,6205,11823,6195,1108,6190,47081
2020-06-05 08:57:01.330000,0.0,6200,21122,6205,12023,6195,1108,6190,47081
2020-06-05 08:57:01.890000,0.0,6200,21122,6205,12023,6195,2129,6190,47081
2020-06-05 08:57:02.770000,0.0,6200,21122,6205,12023,6195,2129,6190,47081
2020-06-05 08:57:02.870000,0.0,6200,21122,6205,12023,6195,2129,6190,47081
2020-06-05 08:57:03.200000,0.0,6200,21122,6205,12023,6195,2129,6190,47081
2020-06-05 08:57:04.090000,0.0,6200,21122,6205,12023,6195,2129,6190,47081
2020-06-05 08:57:04.900000,0.0,6200,21122,6205,12023,6195,2529,6190,47081
2020-06-05 08:57:05.000000,0.0,6200,21122,6205,12023,6195,2529,6190,47081
2020-06-05 08:57:05.560000,0.0,6200,21122,6205,12023,6195,2529,6190,47081
2020-06-05 08:57:05.760000,0.0,6200,21122,6205,12023,6195,2529,6190,47081
2020-06-05 08:57:05.870000,0.0,6195,7471,6200,21122,6190,47081,6185,25750
2020-06-05 08:57:05.970000,0.0,6195,7471,6200,21122,6190,47081,6185,25750
2020-06-05 08:57:07.140000,0.0,6195,7471,6200,21122,6190,47081,6185,25750
2020-06-05 08:57:07.170000,0.0,6195,7471,6200,21122,6190,47081,6185,25750
2020-06-05 08:57:07.370000,0.0,6195,7471,6200,21122,6190,47081,6185,25750
2020-06-05 08:57:08.040000,0.0,6195,7471,6200,21122,6190,47081,6185,25750
2020-06-05 08:57:08.080000,0.0,6195,7471,6200,21122,6190,47081,6185,25750
2020-06-05 08:57:08.250000,0.0,6195,7471,6200,21122,6190,47081,6185,25750
2020-06-05 08:57:09.180000,0.0,6195,7471,6200,21122,6190,47081,6185,25750
2020-06-05 08:57:09.370000,0.0,6195,40269,6200,21122,6190,19879,6185,25750
2020-06-05 08:57:09.500000,0.0,6190,40121,6195,40269,6185,25750,6180,17065
2020-06-05 08:57:09.570000,0.0,6190,49472,6195,40269,6185,5101,6180,17065
2020-06-05 08:57:09.700000,0.0,6190,49472,6195,40269,6185,5101,6180,17065
2020-06-05 08:57:09.760000,0.0,6190,49472,6195,40269,6185,5101,6180,17065
2020-06-05 08:57:10.000000,0.0,6190,49472,6195,40269,6185,5101,6180,17065
2020-06-05 08:57:10.730000,0.0,6190,49472,6195,40269,6185,5101,6180,17065
2020-06-05 08:57:11.170000,0.0,6190,49472,6195,40269,6185,5091,6180,17065
2020-06-05 08:57:12.290000,0.0,6190,49472,6195,40269,6185,5091,6180,17065
2020-06-05 08:57:12.620000,0.0,6190,49472,6195,40269,6185,5091,6180,17065
2020-06-05 08:57:13.260000,0.0,6190,49472,6195,40269,6185,5091,6180,17065
2020-06-05 08:57:14.070000,0.0,6190,49472,6195,40269,6185,5091,6180,17065
2020-06-05 08:57:14.180000,0.0,6190,49472,6195,40269,6185,5091,6180,17065
2020-06-05 08:57:14.290000,0.0,6190,49472,6195,40269,6185,5241,6180,17065
2020-06-05 08:57:14.950000,0.0,6190,40131,6195,40269,6185,25900,6180,17065
2020-06-05 08:57:15.040000,0.0,6190,49472,6195,40269,6185,5241,6180,17065
2020-06-05 08:57:15.290000,0.0,6190,49472,6195,40269,6185,5241,6180,17065
2020-06-05 08:57:17.100000,0.0,6190,49472,6195,40269,6185,5241,6180,17065
2020-06-05 08:57:18.130000,0.0,6190,49472,6195,40269,6185,5241,6180,17065
2020-06-05 08:57:18.290000,0.0,6190,49472,6195,40269,6185,5241,6180,17065
2020-06-05 08:57:18.320000,0.0,6190,49472,6195,40269,6185,5241,6180,17065
2020-06-05 08:57:18.870000,0.0,6190,49472,6195,40269,6185,5241,6180,17065
2020-06-05 08:57:19.670000,0.0,6190,49472,6195,40269,6185,5241,6180,17065
2020-06-05 08:57:20.870000,0.0,6190,49472,6195,40269,6185,5241,6180,17231
2020-06-05 08:57:21.240000,0.0,6190,49472,6195,40269,6185,5341,6180,17231
2020-06-05 08:57:21.460000,0.0,6190,49472,6195,40269,6185,5341,6180,17231
2020-06-05 08:57:21.490000,0.0,6190,49472,6195,40269,6185,6841,6180,17231
2020-06-05 08:57:22.430000,0.0,6190,49472,6195,40269,6185,6841,6180,17231
2020-06-05 08:57:22.770000,0.0,6190,49472,6195,40269,6185,6841,6180,17231
2020-06-05 08:57:23.570000,0.0,6190,49472,6195,40269,6185,6841,6180,17231
2020-06-05 08:57:24.460000,0.0,6190,49472,6195,40269,6185,6841,6180,17231
2020-06-05 08:57:25.900000,0.0,6190,49472,6195,40269,6185,6841,6180,17231
2020-06-05 08:57:26.590000,0.0,6190,49472,6195,40269,6185,6841,6180,17231
2020-06-05 08:57:26.770000,0.0,6190,49472,6195,40269,6185,6841,6180,17231
2020-06-05 08:57:26.930000,0.0,6190,49472,6195,40269,6185,6841,6180,17231
2020-06-05 08:57:27.740000,0.0,6190,49472,6195,40269,6185,6841,6180,17231
2020-06-05 08:57:28.760000,0.0,6190,49472,6195,40269,6185,6841,6180,17231
2020-06-05 08:57:28.910000,0.0,6190,49472,6195,40269,6185,7341,6180,17231
2020-06-05 08:57:29.630000,0.0,6190,49472,6195,40269,6185,6341,6180,18231
2020-06-05 08:57:30.300000,0.0,6190,49472,6195,40269,6185,6341,6180,18231
2020-06-05 08:57:31.290000,0.0,6190,49472,6195,40269,6185,6341,6180,18231
2020-06-05 08:57:31.320000,0.0,6190,49472,6195,40269,6185,6341,6180,18231
2020-06-05 08:57:32.330000,0.0,6190,49472,6195,40269,6185,6341,6180,18231
2020-06-05 08:57:32.400000,0.0,6190,49472,6195,40269,6185,6321,6180,18231
2020-06-05 08:57:33.410000,0.0,6190,49472,6195,47269,6185,6321,6180,18231
2020-06-05 08:57:33.660000,0.0,6190,49472,6195,49478,6185,6321,6180,18231
2020-06-05 08:57:34.430000,0.0,6190,49472,6195,49478,6185,5841,6180,18231
2020-06-05 08:57:34.520000,0.0,6190,49472,6195,49478,6185,5841,6180,18231
2020-06-05 08:57:35.460000,0.0,6190,49472,6195,49478,6185,5841,6180,18231
2020-06-05 08:57:35.860000,0.0,6190,49472,6195,49478,6185,5841,6180,18231
2020-06-05 08:57:36.600000,0.0,6190,49472,6195,49478,6185,5541,6180,18231
2020-06-05 08:57:37.630000,0.0,6190,49472,6195,49478,6185,5541,6180,18231
2020-06-05 08:57:37.770000,0.0,6190,49472,6195,49478,6185,5541,6180,18231
2020-06-05 08:57:37.970000,0.0,6190,49472,6195,49478,6185,5541,6180,18231
2020-06-05 08:57:38.640000,0.0,6190,39931,6195,49478,6185,26000,6180,18231
2020-06-05 08:57:38.770000,0.0,6190,39931,6195,49478,6185,26000,6180,18231
2020-06-05 08:57:39.750000,0.0,6190,39631,6195,49478,6185,26000,6180,18231
2020-06-05 08:57:40.070000,0.0,6190,39631,6195,49478,6185,26000,6180,18231
2020-06-05 08:57:40.560000,0.0,6190,39631,6195,49478,6185,26000,6180,18231
2020-06-05 08:57:40.770000,0.0,6190,39631,6195,49478,6185,26000,6180,18231
2020-06-05 08:57:41.250000,0.0,6190,39631,6195,49478,6185,26000,6180,18231
2020-06-05 08:57:41.380000,0.0,6190,39631,6195,49478,6185,26000,6180,18231
2020-06-05 08:57:41.690000,0.0,6190,39631,6195,49478,6185,26000,6180,18231
2020-06-05 08:57:42.360000,0.0,6190,38631,6195,49478,6185,26000,6180,18231
2020-06-05 08:57:42.420000,0.0,6190,38631,6195,49478,6185,26000,6180,18231
2020-06-05 08:57:42.550000,0.0,6190,38631,6195,51688,6185,26000,6180,18231
2020-06-05 08:57:42.670000,0.0,6190,38631,6195,51688,6185,26000,6180,18231
2020-06-05 08:57:43.200000,0.0,6190,38631,6195,51688,6185,26000,6180,18231
2020-06-05 08:57:43.700000,0.0,6190,38631,6195,51688,6185,26000,6180,18231
2020-06-05 08:57:44.380000,0.0,6190,38631,6195,51688,6185,26000,6180,18231
2020-06-05 08:57:44.490000,0.0,6190,38124,6195,51688,6185,26000,6180,18231
2020-06-05 08:57:45.060000,0.0,6190,38124,6195,51688,6185,26000,6180,18231
2020-06-05 08:57:45.490000,0.0,6190,38124,6195,51688,6185,26000,6180,18231
2020-06-05 08:57:46.470000,0.0,6190,38124,6195,51688,6185,26000,6180,18231
2020-06-05 08:57:46.550000,0.0,6190,38124,6195,51688,6185,26000,6180,18231
2020-06-05 08:57:46.580000,0.0,6190,38124,6195,51688,6185,26500,6180,18231
2020-06-05 08:57:46.890000,0.0,6190,38124,6195,51688,6185,26500,6180,18231
2020-06-05 08:57:47.590000,0.0,6190,38124,6195,51688,6185,26500,6180,18231
2020-06-05 08:57:47.860000,0.0,6190,38124,6195,51688,6185,26500,6180,18231
2020-06-05 08:57:48.000000,0.0,6190,38124,6195,51688,6185,26500,6180,18231
2020-06-05 08:57:48.590000,0.0,6190,38124,6195,51688,6185,26500,6180,18231
2020-06-05 08:57:48.660000,0.0,6190,38124,6195,51688,6185,26500,6180,18231
2020-06-05 08:57:48.720000,0.0,6190,38114,6195,51688,6185,26500,6180,18231
2020-06-05 08:57:48.810000,0.0,6190,38114,6195,51688,6185,26500,6180,18231
2020-06-05 08:57:49.720000,0.0,6190,37114,6195,51688,6185,26500,6180,18231
2020-06-05 08:57:49.780000,0.0,6190,37114,6195,51688,6185,26501,6180,18231
2020-06-05 08:57:49.940000,0.0,6190,37114,6195,51688,6185,26501,6180,18231
2020-06-05 08:57:50.760000,0.0,6190,37114,6195,51688,6185,26501,6180,18241
2020-06-05 08:57:50.920000,0.0,6190,37114,6195,51688,6185,26501,6180,18241
2020-06-05 08:57:50.950000,0.0,6190,37114,6195,51688,6185,26501,6180,18241
2020-06-05 08:57:50.980000,0.0,6190,37114,6195,51688,6185,26501,6180,18241
2020-06-05 08:57:51.200000,0.0,6190,37114,6195,51688,6185,26501,6180,18241
2020-06-05 08:57:52.310000,0.0,6190,48210,6195,51688,6185,26501,6180,18241
2020-06-05 08:57:52.400000,0.0,6190,48210,6195,47269,6185,26501,6180,18241
2020-06-05 08:57:52.500000,0.0,6190,48210,6195,47269,6185,26501,6180,18241
2020-06-05 08:57:52.580000,0.0,6190,41210,6195,47269,6185,26501,6180,18241
2020-06-05 08:57:52.970000,0.0,6190,41210,6195,47269,6185,26501,6180,18241
2020-06-05 08:57:53.090000,0.0,6190,41210,6195,47269,6185,26501,6180,18241
2020-06-05 08:57:53.310000,0.0,6190,41210,6195,47269,6185,26501,6180,18241
2020-06-05 08:57:53.470000,0.0,6190,38210,6195,47269,6185,26501,6180,18241
2020-06-05 08:57:53.590000,0.0,6190,38210,6195,47269,6185,26501,6180,18241
2020-06-05 08:57:54.360000,0.0,6190,38210,6195,47269,6185,26501,6180,18241
2020-06-05 08:57:54.450000,0.0,6190,38210,6195,47269,6185,26501,6180,38241
2020-06-05 08:57:54.970000,0.0,6190,38210,6195,47269,6185,26501,6180,38241
2020-06-05 08:57:55.450000,0.0,6190,38210,6195,47269,6185,26501,6180,38241
2020-06-05 08:57:55.870000,0.0,6190,40210,6195,47269,6185,26501,6180,38241
2020-06-05 08:57:55.970000,0.0,6190,40210,6195,47269,6185,26501,6180,38241
2020-06-05 08:57:56.480000,0.0,6190,40210,6195,47269,6185,26501,6180,38241
2020-06-05 08:57:56.510000,0.0,6190,40210,6195,47269,6185,26501,6180,38241
2020-06-05 08:57:56.620000,0.0,6190,40210,6195,47269,6185,26501,6180,38741
2020-06-05 08:57:56.680000,0.0,6190,40210,6195,47269,6185,26501,6180,38741
2020-06-05 08:57:56.790000,0.0,6190,40210,6195,47269,6185,26501,6180,38741
2020-06-05 08:57:56.930000,0.0,6190,40210,6195,47269,6185,26501,6180,38741
2020-06-05 08:57:57.470000,0.0,6190,40310,6195,47269,6185,26501,6180,38741
2020-06-05 08:57:57.560000,0.0,6190,40310,6195,47269,6185,26501,6180,38741
2020-06-05 08:57:57.870000,0.0,6190,40310,6195,47269,6185,26501,6180,38741
2020-06-05 08:57:58.780000,0.0,6190,40310,6195,49479,6185,26501,6180,38741
2020-06-05 08:57:58.870000,0.0,6190,40310,6195,51688,6185,26501,6180,38741
2020-06-05 08:57:59.700000,0.0,6190,40290,6195,51688,6185,26501,6180,38741
2020-06-05 08:57:59.780000,0.0,6190,40290,6195,51688,6185,26501,6180,38741
2020-06-05 08:57:59.840000,0.0,6190,40290,6195,51688,6185,26501,6180,38741
2020-06-05 08:58:00.000000,0.0,6190,40290,6195,51688,6185,26501,6180,38741
2020-06-05 08:58:00.710000,0.0,6190,35290,6195,51688,6185,26501,6180,38741
2020-06-05 08:58:00.810000,0.0,6190,35290,6195,51688,6185,26501,6180,38741
2020-06-05 08:58:01.070000,0.0,6190,35290,6195,51688,6185,26501,6180,38741
2020-06-05 08:58:01.370000,0.0,6190,35290,6195,51688,6185,26501,6180,38741
2020-06-05 08:58:01.480000,0.0,6190,44983,6195,51688,6185,26501,6180,38741
2020-06-05 08:58:01.870000,0.0,6190,44983,6195,51688,6185,26501,6180,38741
2020-06-05 08:58:02.370000,0.0,6190,44983,6195,51688,6185,26501,6180,38741
2020-06-05 08:58:02.790000,0.0,6190,44983,6195,51688,6185,26501,6180,38741
2020-06-05 08:58:03.070000,0.0,6190,44983,6195,51688,6185,26501,6180,38741
2020-06-05 08:58:03.900000,0.0,6190,44983,6195,51688,6185,26501,6180,38741
2020-06-05 08:58:04.030000,0.0,6190,44983,6195,51688,6185,26501,6180,38741
2020-06-05 08:58:04.170000,0.0,6190,44983,6195,51688,6185,26501,6180,38741
2020-06-05 08:58:04.370000,0.0,6190,44983,6195,51688,6185,26501,6180,38741
2020-06-05 08:58:04.960000,0.0,6190,49472,6195,51688,6185,25990,6180,38741
2020-06-05 08:58:05.200000,0.0,6190,49472,6195,51688,6185,25990,6180,38741
2020-06-05 08:58:05.370000,0.0,6190,49472,6195,51688,6185,25990,6180,38741
2020-06-05 08:58:05.960000,0.0,6190,49472,6195,51688,6185,25990,6180,38741
2020-06-05 08:58:06.170000,0.0,6190,49472,6195,51688,6185,28990,6180,38741
2020-06-05 08:58:07.130000,0.0,6190,49472,6195,51688,6185,28990,6180,38741
2020-06-05 08:58:07.230000,0.0,6190,49472,6195,51688,6185,27990,6180,38741
2020-06-05 08:58:08.180000,0.0,6190,49472,6195,51688,6185,27990,6180,38741
2020-06-05 08:58:08.260000,0.0,6190,49472,6195,51688,6185,27990,6180,38741
2020-06-05 08:58:08.430000,0.0,6190,49472,6195,51688,6185,27990,6180,38741
2020-06-05 08:58:09.310000,0.0,6190,49472,6195,51688,6185,27990,6180,38746
2020-06-05 08:58:09.570000,0.0,6190,49472,6195,51688,6185,27990,6180,38746
2020-06-05 08:58:10.260000,0.0,6190,49472,6195,51688,6185,27990,6180,38746
2020-06-05 08:58:10.490000,0.0,6190,49472,6195,51688,6185,27990,6180,38746
2020-06-05 08:58:11.460000,0.0,6190,49472,6195,51688,6185,27990,6180,38746
2020-06-05 08:58:12.240000,0.0,6190,49472,6195,51688,6185,27990,6180,38746
2020-06-05 08:58:12.340000,0.0,6190,49472,6195,51688,6185,28990,6180,38746
2020-06-05 08:58:12.590000,0.0,6190,49472,6195,51688,6185,29000,6180,38746
2020-06-05 08:58:13.320000,0.0,6190,49472,6195,51688,6185,29000,6180,38746
2020-06-05 08:58:13.870000,0.0,6190,49472,6195,51688,6185,29000,6180,38746
2020-06-05 08:58:15.270000,0.0,6190,49472,6195,51688,6185,29000,6180,38746
2020-06-05 08:58:16.370000,0.0,6190,49472,6195,51688,6185,29000,6180,38746
2020-06-05 08:58:16.990000,0.0,6190,49472,6195,51688,6185,29000,6180,38746
2020-06-05 08:58:17.660000,0.0,6190,49472,6195,51688,6185,29000,6180,38746
2020-06-05 08:58:18.540000,0.0,6190,49472,6195,51688,6185,27990,6180,39746
2020-06-05 08:58:18.630000,0.0,6190,49472,6195,51688,6185,28144,6180,39746
2020-06-05 08:58:18.690000,0.0,6190,49472,6195,51688,6185,28144,6180,39746
2020-06-05 08:58:19.580000,0.0,6190,49472,6195,51688,6185,28213,6180,39746
2020-06-05 08:58:19.710000,0.0,6190,49472,6195,51688,6185,28163,6180,39746
2020-06-05 08:58:20.660000,0.0,6190,49472,6195,51688,6185,28163,6180,39746
2020-06-05 08:58:20.720000,0.0,6190,49472,6195,51688,6185,28163,6180,39746
2020-06-05 08:58:20.850000,0.0,6190,49472,6195,51688,6185,28163,6180,39746
2020-06-05 08:58:21.990000,0.0,6190,49472,6195,51688,6185,28163,6180,39746
2020-06-05 08:58:22.220000,0.0,6190,49472,6195,51688,6185,28153,6180,39746
2020-06-05 08:58:22.360000,0.0,6190,49472,6195,51688,6185,28153,6180,39751
2020-06-05 08:58:23.290000,0.0,6190,49472,6195,51688,6185,28153,6180,39751
2020-06-05 08:58:23.540000,0.0,6190,49472,6195,51688,6185,28153,6180,39751
2020-06-05 08:58:24.770000,0.0,6190,49472,6195,51688,6185,28143,6180,39751
2020-06-05 08:58:25.390000,0.0,6190,49472,6195,51688,6185,28143,6180,44351
2020-06-05 08:58:25.520000,0.0,6190,48472,6195,51688,6185,27143,6180,44351
2020-06-05 08:58:25.660000,0.0,6190,48472,6195,51688,6185,27143,6180,44351
2020-06-05 08:58:26.100000,0.0,6190,48472,6195,51688,6185,27165,6180,44351
2020-06-05 08:58:26.330000,0.0,6190,48472,6195,51688,6185,27165,6180,44351
2020-06-05 08:58:27.050000,0.0,6190,48472,6195,51688,6185,27165,6180,44351
2020-06-05 08:58:27.220000,0.0,6190,48472,6195,51688,6185,27165,6180,44351
2020-06-05 08:58:28.140000,0.0,6190,48472,6195,51688,6185,27166,6180,44351
2020-06-05 08:58:28.370000,0.0,6190,48472,6195,51688,6185,27187,6180,44351
2020-06-05 08:58:28.500000,0.0,6190,48472,6195,51688,6185,27187,6180,44351
2020-06-05 08:58:29.180000,0.0,6190,48472,6195,51698,6185,27187,6180,44351
2020-06-05 08:58:29.470000,0.0,6190,48472,6195,51698,6185,28187,6180,44351
2020-06-05 08:58:30.170000,0.0,6190,42797,6195,51698,6185,29512,6180,44351
2020-06-05 08:58:30.230000,0.0,6190,44003,6195,51698,6185,29512,6180,44351
2020-06-05 08:58:30.320000,0.0,6190,44003,6195,51698,6185,29512,6180,44351
2020-06-05 08:58:30.460000,0.0,6190,44003,6195,51698,6185,29512,6180,44351
2020-06-05 08:58:31.500000,0.0,6190,23983,6195,51698,6185,29512,6180,44351
2020-06-05 08:58:31.760000,0.0,6190,23983,6195,51698,6185,29512,6180,44351
2020-06-05 08:58:32.290000,0.0,6190,23983,6195,51698,6185,29512,6180,44351
2020-06-05 08:58:32.320000,0.0,6190,23973,6195,51698,6185,29512,6180,44351
2020-06-05 08:58:32.670000,0.0,6190,23973,6195,51698,6185,29512,6180,44351
2020-06-05 08:58:33.670000,0.0,6190,23973,6195,51698,6185,29512,6180,44351
2020-06-05 08:58:34.390000,0.0,6190,23943,6195,51698,6185,29512,6180,44351
2020-06-05 08:58:34.420000,0.0,6190,23943,6195,51698,6185,29512,6180,44351
2020-06-05 08:58:34.510000,0.0,6190,23943,6195,51698,6185,29512,6180,44351
2020-06-05 08:58:35.070000,0.0,6190,23942,6195,51698,6185,29512,6180,44351
2020-06-05 08:58:35.490000,0.0,6190,23942,6195,51698,6185,29512,6180,44351
2020-06-05 08:58:35.600000,0.0,6190,23942,6195,51698,6185,29512,6180,44351
2020-06-05 08:58:35.960000,0.0,6190,23942,6195,51698,6185,29512,6180,44351
2020-06-05 08:58:37.070000,0.0,6190,23942,6195,51698,6185,29512,6180,44851
2020-06-05 08:58:38.090000,0.0,6190,23942,6195,51698,6185,29512,6180,44851
2020-06-05 08:58:38.150000,0.0,6190,23939,6195,51698,6185,29512,6180,44851
2020-06-05 08:58:38.270000,0.0,6190,23939,6195,51698,6185,29512,6180,44761
2020-06-05 08:58:39.210000,0.0,6190,23939,6195,51698,6185,29512,6180,44761
2020-06-05 08:58:39.320000,0.0,6190,15584,6195,51698,6185,29512,6180,44761
2020-06-05 08:58:39.350000,0.0,6190,15584,6195,51698,6185,29512,6180,44761
2020-06-05 08:58:39.490000,0.0,6190,15584,6195,51698,6185,29512,6180,44761
2020-06-05 08:58:40.340000,0.0,6190,15584,6195,51698,6185,29512,6180,44761
2020-06-05 08:58:40.510000,0.0,6190,15584,6195,51698,6185,29512,6180,44761
2020-06-05 08:58:40.680000,0.0,6190,15581,6195,51698,6185,29512,6180,44761
2020-06-05 08:58:41.290000,0.0,6190,10831,6195,51698,6185,29512,6180,44761
2020-06-05 08:58:41.710000,0.0,6190,10828,6195,51698,6185,29512,6180,44761
2020-06-05 08:58:42.490000,0.0,6190,10828,6195,51698,6185,29512,6180,44761
2020-06-05 08:58:42.700000,0.0,6190,10825,6195,51698,6185,29512,6180,44761
2020-06-05 08:58:43.410000,0.0,6190,10825,6195,51698,6185,29512,6180,44766
2020-06-05 08:58:43.590000,0.0,6195,30109,6200,49953,6190,57589,6185,29512
2020-06-05 08:58:43.800000,0.0,6195,109,6200,49953,6190,57589,6185,29512
2020-06-05 08:58:44.440000,0.0,6195,109,6200,49953,6190,57589,6185,29512
2020-06-05 08:58:44.480000,0.0,6190,10822,6195,51698,6185,29512,6180,44766
2020-06-05 08:58:44.730000,0.0,6190,10822,6195,51698,6185,29512,6180,44766
2020-06-05 08:58:45.760000,0.0,6190,10822,6195,51698,6185,29512,6180,44766
2020-06-05 08:58:46.660000,0.0,6190,10822,6195,51698,6185,29512,6180,49766
2020-06-05 08:58:47.070000,0.0,6190,10822,6195,51698,6185,29512,6180,49766
2020-06-05 08:58:47.830000,0.0,6190,10822,6195,51698,6185,29512,6180,49766
2020-06-05 08:58:47.880000,0.0,6190,10822,6195,51698,6185,29512,6180,49766
2020-06-05 08:58:48.160000,0.0,6190,13822,6195,51698,6185,29512,6180,49766
2020-06-05 08:58:48.680000,0.0,6190,13822,6195,51698,6185,29512,6180,49766
2020-06-05 08:58:48.790000,0.0,6190,13772,6195,51698,6185,29512,6180,49766
2020-06-05 08:58:48.900000,0.0,6190,3772,6195,51698,6185,29512,6180,49766
2020-06-05 08:58:50.130000,0.0,6190,3772,6195,51698,6185,29512,6180,49766
2020-06-05 08:58:50.270000,0.0,6190,3772,6195,51698,6185,29512,6180,49766
2020-06-05 08:58:50.850000,0.0,6190,3772,6195,51698,6185,29512,6180,49766
2020-06-05 08:58:50.880000,0.0,6190,1772,6195,51698,6185,29512,6180,49766
2020-06-05 08:58:51.010000,0.0,6190,1772,6195,51698,6185,29517,6180,49766
2020-06-05 08:58:52.860000,0.0,6190,1772,6195,51698,6185,29517,6180,49776
2020-06-05 08:58:52.900000,0.0,6190,1847,6195,51698,6185,29517,6180,49776
2020-06-05 08:58:54.190000,0.0,6190,1847,6195,51698,6185,29517,6180,49776
2020-06-05 08:58:54.390000,0.0,6190,1847,6195,51698,6185,29517,6180,49876
2020-06-05 08:58:55.720000,0.0,6190,1847,6195,51698,6185,29517,6180,49876
2020-06-05 08:58:56.270000,0.0,6190,1847,6195,51698,6185,29517,6180,49876
2020-06-05 08:58:57.070000,0.0,6190,847,6195,51698,6185,29517,6180,48876
2020-06-05 08:58:58.110000,0.0,6190,847,6195,51698,6185,29527,6180,48876
2020-06-05 08:58:58.470000,0.0,6190,847,6195,51698,6185,30132,6180,48876
2020-06-05 08:58:59.240000,0.0,6190,797,6195,51698,6185,30132,6180,48876
2020-06-05 08:58:59.360000,0.0,6195,51698,6200,49953,6190,29203,6185,30132
2020-06-05 08:59:00.390000,0.0,6195,51698,6200,49953,6190,29203,6185,30132
2020-06-05 08:59:00.560000,0.0,6195,51698,6200,49953,6190,29203,6185,30132
2020-06-05 08:59:01.360000,0.0,6195,51698,6200,49953,6190,29203,6185,30132
2020-06-05 08:59:02.310000,0.0,6195,51698,6200,49953,6190,29203,6185,30132
2020-06-05 08:59:02.350000,0.0,6195,51698,6200,49953,6190,29203,6185,30132
2020-06-05 08:59:02.410000,0.0,6195,51698,6200,49953,6190,29203,6185,30132
2020-06-05 08:59:03.420000,0.0,6195,51698,6200,49953,6190,29303,6185,30132
2020-06-05 08:59:03.830000,0.0,6195,51698,6200,48953,6190,29303,6185,30132
2020-06-05 08:59:04.470000,0.0,6195,51698,6200,48953,6190,29303,6185,30122
2020-06-05 08:59:04.560000,0.0,6195,51698,6200,48953,6190,29303,6185,30122
2020-06-05 08:59:04.590000,0.0,6195,51698,6200,48953,6190,29303,6185,30122
2020-06-05 08:59:05.770000,0.0,6195,51698,6200,48953,6190,29303,6185,30122
2020-06-05 08:59:06.610000,0.0,6195,51698,6200,48953,6190,31020,6185,30122
2020-06-05 08:59:06.700000,0.0,6195,51698,6200,48953,6190,31032,6185,30122
2020-06-05 08:59:08.000000,0.0,6195,52698,6200,48953,6190,31032,6185,30122
2020-06-05 08:59:08.640000,0.0,6195,52698,6200,48953,6190,31032,6185,30122
2020-06-05 08:59:09.170000,0.0,6195,52698,6200,48953,6190,31037,6185,30122
2020-06-05 08:59:09.730000,0.0,6195,52698,6200,48953,6190,31037,6185,30122
2020-06-05 08:59:10.060000,0.0,6195,52698,6200,48953,6190,31037,6185,30127
2020-06-05 08:59:10.750000,0.0,6195,52698,6200,48953,6190,31047,6185,30127
2020-06-05 08:59:10.970000,0.0,6195,52698,6200,48953,6190,31047,6185,30127
2020-06-05 08:59:11.050000,0.0,6195,52698,6200,48953,6190,31047,6185,30127
2020-06-05 08:59:11.170000,0.0,6195,52698,6200,48953,6190,31047,6185,30127
2020-06-05 08:59:11.330000,0.0,6195,52698,6200,48953,6190,31047,6185,30127
2020-06-05 08:59:11.560000,0.0,6195,52698,6200,48953,6190,31047,6185,30127
2020-06-05 08:59:11.980000,0.0,6195,52698,6200,48953,6190,31047,6185,30127
2020-06-05 08:59:12.200000,0.0,6195,52698,6200,48953,6190,31547,6185,30137
2020-06-05 08:59:12.900000,0.0,6195,52698,6200,48953,6190,31547,6185,30137
2020-06-05 08:59:12.970000,0.0,6195,52698,6200,48953,6190,31547,6185,30137
2020-06-05 08:59:13.030000,0.0,6195,48279,6200,53372,6190,31547,6185,30137
2020-06-05 08:59:13.440000,0.0,6195,48279,6200,53372,6190,31547,6185,30137
2020-06-05 08:59:13.760000,0.0,6195,48279,6200,53372,6190,21854,6185,30137
2020-06-05 08:59:14.510000,0.0,6195,48279,6200,53372,6190,20854,6185,30137
2020-06-05 08:59:14.580000,0.0,6195,48279,6200,53372,6190,20854,6185,30137
2020-06-05 08:59:14.790000,0.0,6195,48279,6200,53372,6190,20864,6185,30137
2020-06-05 08:59:15.500000,0.0,6195,48279,6200,53572,6190,20864,6185,30137
2020-06-05 08:59:15.560000,0.0,6195,48279,6200,53572,6190,3064,6185,30137
2020-06-05 08:59:15.730000,0.0,6195,48279,6200,53572,6190,3064,6185,30137
2020-06-05 08:59:16.000000,0.0,6195,48279,6200,53572,6190,2964,6185,30137
2020-06-05 08:59:17.110000,0.0,6195,48279,6200,53572,6190,2969,6185,30137
2020-06-05 08:59:17.200000,0.0,6195,48281,6200,53572,6190,2972,6185,30137
2020-06-05 08:59:17.290000,0.0,6195,48281,6200,53572,6190,2972,6185,30137
2020-06-05 08:59:18.120000,0.0,6195,48281,6200,53572,6190,2972,6185,30137
2020-06-05 08:59:18.710000,0.0,6195,48281,6200,53574,6190,2972,6185,30137
2020-06-05 08:59:19.210000,0.0,6195,48281,6200,53574,6190,3972,6185,30137
2020-06-05 08:59:19.250000,0.0,6195,48281,6200,53574,6190,3972,6185,30137
2020-06-05 08:59:20.000000,0.0,6195,52700,6200,49155,6190,3972,6185,30137
2020-06-05 08:59:20.260000,0.0,6195,52700,6200,49155,6190,4133,6185,30137
2020-06-05 08:59:20.820000,0.0,6195,52700,6200,49155,6190,4133,6185,30137
2020-06-05 08:59:21.870000,0.0,6195,52700,6200,49155,6190,4133,6185,30137
2020-06-05 08:59:21.930000,0.0,6195,52700,6200,49155,6190,4133,6185,30140
2020-06-05 08:59:22.210000,0.0,6195,52700,6200,49155,6190,4133,6185,30140
2020-06-05 08:59:22.980000,0.0,6195,54314,6200,49155,6190,5273,6185,30140
2020-06-05 08:59:23.260000,0.0,6195,54314,6200,49155,6190,5273,6185,30140
2020-06-05 08:59:23.920000,0.0,6195,54314,6200,49155,6190,4949,6185,30140
2020-06-05 08:59:23.980000,0.0,6195,54314,6200,49155,6190,4949,6185,30140
2020-06-05 08:59:24.290000,0.0,6195,54314,6200,49155,6190,6099,6185,30140
2020-06-05 08:59:24.990000,0.0,6195,52700,6200,50769,6190,6107,6185,30140
2020-06-05 08:59:25.030000,0.0,6195,52700,6200,50769,6190,6107,6185,30140
2020-06-05 08:59:26.070000,0.0,6195,52700,6200,50769,6190,6107,6185,30140
2020-06-05 08:59:26.430000,0.0,6195,52700,6200,50769,6190,9307,6185,30140
2020-06-05 08:59:27.060000,0.0,6195,52700,6200,50769,6190,5307,6185,30140
2020-06-05 08:59:27.180000,0.0,6195,52700,6200,50769,6190,5307,6185,30190
2020-06-05 08:59:28.100000,0.0,6195,52700,6200,50769,6190,5307,6185,30190
2020-06-05 08:59:28.160000,0.0,6195,52700,6200,50769,6190,5307,6185,30190
2020-06-05 08:59:29.180000,0.0,6195,52700,6200,50769,6190,4307,6185,30190
2020-06-05 08:59:29.510000,0.0,6195,52700,6200,50769,6190,3707,6185,30190
2020-06-05 08:59:30.200000,0.0,6195,52700,6200,50769,6190,3707,6185,30190
2020-06-05 08:59:30.350000,0.0,6195,52700,6200,50769,6190,4300,6185,30290
2020-06-05 08:59:31.290000,0.0,6195,52700,6200,50769,6190,4300,6185,30290
2020-06-05 08:59:31.570000,0.0,6195,52700,6200,50769,6190,4300,6185,30290
2020-06-05 08:59:31.870000,0.0,6195,52700,6200,50769,6190,4300,6185,30290
2020-06-05 08:59:32.410000,0.0,6195,52700,6200,50769,6190,4300,6185,30790
2020-06-05 08:59:32.570000,0.0,6195,52700,6200,50769,6190,4507,6185,30790
2020-06-05 08:59:33.380000,0.0,6195,52700,6200,50769,6190,9507,6185,30790
2020-06-05 08:59:33.440000,0.0,6195,52700,6200,50769,6190,9507,6185,30790
2020-06-05 08:59:33.540000,0.0,6195,52700,6200,50769,6190,5681,6185,30790
2020-06-05 08:59:33.790000,0.0,6195,52700,6200,50769,6190,4084,6185,30790
2020-06-05 08:59:34.430000,0.0,6195,48281,6200,55188,6190,4084,6185,30790
2020-06-05 08:59:34.520000,0.0,6195,48281,6200,55188,6190,1264,6185,30790
2020-06-05 08:59:34.760000,0.0,6195,48281,6200,55188,6190,2072,6185,30790
2020-06-05 08:59:35.480000,0.0,6195,48281,6200,55188,6190,1972,6185,30790
2020-06-05 08:59:35.930000,0.0,6195,48281,6200,55188,6190,1972,6185,30790
2020-06-05 08:59:36.270000,0.0,6195,48281,6200,55188,6190,1972,6185,30790
2020-06-05 08:59:36.630000,0.0,6195,48381,6200,55188,6190,2072,6185,30790
2020-06-05 08:59:37.570000,0.0,6190,4928,6195,48381,6185,30790,6180,52128
2020-06-05 08:59:37.630000,0.0,6190,4928,6195,48381,6185,30790,6180,52128
2020-06-05 08:59:37.800000,0.0,6190,4928,6195,48381,6185,30790,6180,52128
2020-06-05 08:59:38.650000,0.0,6190,4928,6195,48381,6185,30790,6180,52128
2020-06-05 08:59:38.770000,0.0,6190,4928,6195,48381,6185,30790,6180,52128
2020-06-05 08:59:39.660000,0.0,6195,48381,6200,55688,6190,54,6185,30790
2020-06-05 08:59:39.760000,0.0,6195,48381,6200,55688,6190,54,6185,30790
2020-06-05 08:59:40.080000,0.0,6195,48381,6200,55688,6190,54,6185,30790
2020-06-05 08:59:40.690000,0.0,6195,48381,6200,55688,6190,54,6185,30790
2020-06-05 08:59:40.970000,0.0,6190,2941,6195,48381,6185,30790,6180,52128
2020-06-05 08:59:41.740000,0.0,6195,48381,6200,55688,6190,2592,6185,30790
2020-06-05 08:59:41.830000,0.0,6195,48381,6200,55688,6190,2592,6185,30790
2020-06-05 08:59:41.970000,0.0,6195,48381,6200,55688,6190,2592,6185,30790
2020-06-05 08:59:42.850000,0.0,6195,48381,6200,55688,6190,1592,6185,30790
2020-06-05 08:59:42.940000,0.0,6195,48381,6200,55688,6190,1592,6185,30790
2020-06-05 08:59:43.050000,0.0,6195,48381,6200,55688,6190,1592,6185,30790
2020-06-05 08:59:43.390000,0.0,6195,48381,6200,55688,6190,3092,6185,30790
2020-06-05 08:59:44.470000,0.0,6195,48381,6200,55688,6190,3092,6185,30790
2020-06-05 08:59:45.460000,0.0,6195,48381,6200,55688,6190,3087,6185,34002
2020-06-05 08:59:45.800000,0.0,6195,48381,6200,53188,6190,26087,6185,34002
2020-06-05 08:59:46.630000,0.0,6195,48381,6200,53188,6190,23267,6185,34002
2020-06-05 08:59:46.830000,0.0,6195,48381,6200,53188,6190,23267,6185,34002
2020-06-05 08:59:47.570000,0.0,6195,48381,6200,53188,6190,22367,6185,34002
2020-06-05 08:59:47.750000,0.0,6195,48381,6200,53188,6190,22867,6185,33397
2020-06-05 08:59:48.610000,0.0,6195,48381,6200,53188,6190,22867,6185,33397
2020-06-05 08:59:48.740000,0.0,6195,48381,6200,53188,6190,22235,6185,33397
2020-06-05 08:59:50.220000,0.0,6195,48381,6200,53188,6190,22708,6185,33397
2020-06-05 08:59:50.450000,0.0,6195,48381,6200,53188,6190,22708,6185,33397
2020-06-05 08:59:51.490000,0.0,6195,48381,6200,53188,6190,25888,6185,33397
2020-06-05 08:59:52.280000,0.0,6195,48381,6200,53188,6190,25888,6185,33397
2020-06-05 08:59:52.740000,0.0,6195,48381,6200,53188,6190,7173,6185,33397
2020-06-05 08:59:53.280000,0.0,6195,48381,6200,53188,6190,7173,6185,33397
2020-06-05 08:59:53.830000,0.0,6195,48381,6200,53188,6190,7173,6185,33397
2020-06-05 08:59:54.910000,0.0,6195,48381,6200,53188,6190,6773,6185,33397
2020-06-05 08:59:55.220000,0.0,6195,48381,6200,53188,6190,6778,6185,33397
2020-06-05 08:59:56.090000,0.0,6195,48381,6200,53188,6190,6278,6185,33397
2020-06-05 08:59:57.110000,0.0,6195,48381,6200,53188,6190,9033,6185,33397
2020-06-05 08:59:57.700000,0.0,6195,48681,6200,53188,6190,29036,6185,33397
2020-06-05 08:59:58.970000,0.0,6190,44642,6195,48681,6185,33397,6180,77143
2020-06-05 09:00:00.630000,0.0,6190,47183,6195,48681,6185,33397,6180,77143
2020-06-05 09:00:01.760000,0.0,6190,50867,6195,48681,6185,33397,6180,77143
2020-06-05 09:00:02.520000,0.0,6190,94947,6195,48681,6185,33397,6180,77143
2020-06-05 09:00:03.660000,0.0,6190,94947,6195,53102,6185,33399,6180,77143
2020-06-05 09:00:04.600000,0.0,6190,95147,6195,53102,6185,33599,6180,77643
2020-06-05 09:00:05.710000,0.0,6190,94947,6195,53102,6185,33599,6180,77653
2020-06-05 09:00:06.690000,0.0,6190,101937,6195,53102,6185,44821,6180,77653
2020-06-05 09:00:09.410000,0.0,6190,101937,6195,53102,6185,44821,6180,77653
2020-06-05 09:00:09.820000,0.0,6190,101837,6195,53102,6185,44821,6180,77653
2020-06-05 09:00:11.260000,0.0,6190,101842,6195,53102,6185,44821,6180,77653
2020-06-05 09:00:12.070000,0.0,6190,71792,6195,53102,6185,44821,6180,77653
2020-06-05 09:00:13.130000,0.0,6195,53102,6200,55079,6190,284,6185,50205
2020-06-05 09:00:13.520000,0.0,6195,58103,6200,55079,6190,24860,6185,45553
2020-06-05 09:00:14.710000,0.0,6195,58806,6200,56221,6190,14291,6185,45553
2020-06-05 09:00:15.020000,0.0,6195,58806,6200,56221,6190,9167,6185,45553
2020-06-05 09:00:17.780000,0.0,6195,43907,6200,56221,6190,9167,6185,45553
2020-06-05 09:00:18.850000,0.0,6195,43907,6200,56221,6190,5563,6185,45553
2020-06-05 09:00:20.350000,0.0,6195,43907,6200,56221,6190,55217,6185,45553
2020-06-05 09:00:20.570000,0.0,6195,43907,6200,56545,6190,56517,6185,45553
2020-06-05 09:00:20.970000,0.0,6195,43907,6200,56545,6190,56722,6185,45353
2020-06-05 09:00:21.210000,0.0,6195,44369,6200,56083,6190,56859,6185,45353
2020-06-05 09:00:21.600000,0.0,6195,44269,6200,56083,6190,57859,6185,45353
2020-06-05 09:00:22.360000,0.0,6195,9269,6200,56083,6190,57859,6185,50409
2020-06-05 09:00:23.130000,0.0,6195,38026,6200,56083,6190,57859,6185,45353
2020-06-05 09:00:23.930000,0.0,6195,38021,6200,56083,6190,57854,6185,45353
2020-06-05 09:00:24.750000,0.0,6195,37921,6200,56085,6190,57856,6185,45353
2020-06-05 09:00:25.610000,0.0,6195,37921,6200,56085,6190,57849,6185,45353
2020-06-05 09:00:26.570000,0.0,6190,9235,6195,37921,6185,45353,6180,76155
2020-06-05 09:00:27.410000,0.0,6190,31618,6195,38021,6185,45353,6180,76155
2020-06-05 09:00:29.660000,0.0,6190,37260,6195,46820,6185,46259,6180,76155
2020-06-05 09:00:30.930000,0.0,6190,37260,6195,46822,6185,51588,6180,76155
2020-06-05 09:00:32.440000,0.0,6190,37042,6195,46822,6185,53485,6180,76255
2020-06-05 09:00:32.780000,0.0,6190,37042,6195,46822,6185,49206,6180,76255
2020-06-05 09:00:34.070000,0.0,6195,19822,6200,39844,6190,487,6185,51487
2020-06-05 09:00:34.390000,0.0,6190,4013,6195,32742,6185,50887,6180,81339
2020-06-05 09:00:35.160000,0.0,6195,32742,6200,39844,6190,987,6185,50887
2020-06-05 09:00:36.170000,0.0,6195,23943,6200,48643,6190,987,6185,70887
2020-06-05 09:00:37.130000,0.0,6195,20376,6200,48643,6190,987,6185,88114
2020-06-05 09:00:37.470000,0.0,6190,2013,6195,29175,6185,83016,6180,81339
2020-06-05 09:00:38.280000,0.0,6190,9978,6195,29175,6185,83016,6180,76256
