time,nav,sell1,sell1_cnt,sell2,sell2_cnt,buy1,buy1_cnt,buy2,buy2_cnt
2020-06-03 09:16:52.990000,0.0,6095,27880,6100,99516,6090,51684,6085,102362
2020-06-03 09:16:53.670000,0.0,6095,27880,6100,99516,6090,57109,6085,103362
2020-06-03 09:16:54.810000,0.0,6095,30480,6100,99516,6090,53274,6085,103362
2020-06-03 09:16:55.740000,6097.24,6095,30980,6100,99516,6090,49354,6085,103312
2020-06-03 09:16:56.780000,6098.32,6095,35932,6100,120067,6090,23640,6085,103357
2020-06-03 09:16:57.760000,6096.7,6095,35932,6100,127074,6090,27210,6085,103357
2020-06-03 09:16:58.760000,6097.24,6095,30934,6100,129993,6090,28099,6085,103360
2020-06-03 09:16:59.760000,6098.86,6095,30034,6100,111429,6090,54511,6085,91658
2020-06-03 09:17:00.850000,6098.86,6095,3751,6100,100757,6090,72409,6085,91958
2020-06-03 09:17:02.290000,6098.86,6100,95757,6105,78618,6095,65791,6090,70441
2020-06-03 09:17:03.120000,6098.86,6100,98657,6105,78618,6095,76555,6090,66739
2020-06-03 09:17:04.280000,6098.86,6100,60498,6105,51352,6095,99581,6090,60839
2020-06-03 09:17:05.380000,6098.86,6105,63052,6110,74575,6100,28450,6095,106683
2020-06-03 09:17:06.530000,6101.02,6105,63553,6110,74575,6100,13064,6095,93719
2020-06-03 09:17:07.660000,6107.5,6105,63553,6110,74575,6100,10743,6095,102933
2020-06-03 09:17:08.730000,6107.5,6100,38854,6105,79855,6095,71807,6090,67146
2020-06-03 09:17:09.820000,6107.5,6100,38854,6105,79855,6095,83912,6090,63196
2020-06-03 09:17:10.870000,6107.5,6100,20554,6105,69255,6095,110838,6090,63205
2020-06-03 09:17:11.960000,6104.8,6100,2961,6105,68755,6095,110838,6090,63406
2020-06-03 09:17:12.930000,6104.8,6105,63053,6110,74575,6100,50969,6095,110889
2020-06-03 09:17:13.930000,6104.8,6105,63053,6110,74575,6100,44499,6095,111989
2020-06-03 09:17:14.900000,6104.8,6105,49319,6110,74575,6100,59480,6095,112989
2020-06-03 09:17:15.960000,6104.8,6105,71378,6110,83600,6100,37650,6095,121714
2020-06-03 09:17:17.000000,6106.96,6105,71378,6110,83600,6100,40118,6095,121714
2020-06-03 09:17:18.030000,6108.04,6105,71378,6110,83600,6100,42313,6095,121714
2020-06-03 09:17:19.030000,6106.96,6105,73858,6110,84100,6100,46625,6095,121714
2020-06-03 09:17:20.100000,6107.5,6105,74008,6110,84100,6100,42725,6095,121714
2020-06-03 09:17:21.070000,6107.5,6105,75108,6110,84100,6100,18267,6095,121714
2020-06-03 09:17:22.170000,6107.5,6105,75158,6110,84100,6100,47227,6095,121814
2020-06-03 09:17:23.240000,6107.5,6105,62907,6110,84100,6100,47995,6095,121814
2020-06-03 09:17:23.920000,6107.5,6105,64307,6110,84100,6100,42991,6095,121814
2020-06-03 09:17:24.860000,6107.5,6105,64317,6110,84100,6100,42596,6095,121815
2020-06-03 09:17:25.920000,6107.5,6105,86416,6110,78398,6100,11646,6095,116863
2020-06-03 09:17:27.030000,6108.04,6105,80714,6110,84100,6100,35974,6095,115040
2020-06-03 09:17:28.080000,6107.5,6105,67314,6110,84100,6100,38474,6095,116820
2020-06-03 09:17:29.060000,6107.5,6105,69974,6110,84100,6100,16478,6095,116822
2020-06-03 09:17:30.090000,6107.5,6105,18225,6110,84100,6100,77133,6095,108827
2020-06-03 09:17:31.200000,6107.5,6105,17225,6110,84100,6100,71340,6095,114827
2020-06-03 09:17:32.320000,6107.5,6105,17225,6110,84163,6100,59750,6095,116827
2020-06-03 09:17:33.380000,6107.5,6105,4325,6110,84163,6100,72355,6095,114827
2020-06-03 09:17:34.330000,6107.5,6105,4325,6110,84163,6100,73355,6095,114832
2020-06-03 09:17:35.330000,6107.5,6105,11725,6110,84163,6100,61125,6095,116832
2020-06-03 09:17:36.330000,6109.66,6105,27190,6110,84163,6100,61225,6095,116832
2020-06-03 09:17:37.360000,6108.04,6105,27160,6110,84163,6100,65266,6095,116848
2020-06-03 09:17:38.390000,6108.04,6105,27160,6110,84163,6100,65266,6095,116849
2020-06-03 09:17:39.460000,6108.04,6105,14510,6110,84163,6100,77866,6095,114859
2020-06-03 09:17:40.490000,6108.04,6110,71199,6115,63065,6105,13726,6100,74169
2020-06-03 09:17:41.550000,6108.04,6110,54897,6115,68767,6105,36756,6100,91246
2020-06-03 09:17:42.610000,6108.04,6110,69557,6115,63065,6105,22226,6100,91246
2020-06-03 09:17:43.640000,6108.04,6110,69607,6115,63065,6105,8907,6100,91246
2020-06-03 09:17:44.660000,6108.04,6110,65905,6115,66767,6105,32318,6100,91246
2020-06-03 09:17:45.670000,6108.04,6110,65905,6115,66767,6105,36018,6100,88146
2020-06-03 09:17:46.720000,6111.28,6110,65905,6115,66767,6105,37106,6100,88246
2020-06-03 09:17:47.330000,6111.28,6105,23650,6110,77107,6100,74982,6095,106150
2020-06-03 09:17:48.360000,6110.74,6105,27076,6110,77107,6100,74982,6095,106150
2020-06-03 09:17:49.330000,6110.74,6105,27076,6110,72107,6100,87946,6095,106151
2020-06-03 09:17:50.450000,6110.74,6110,72181,6115,63115,6100,88027,6095,106151
2020-06-03 09:17:51.480000,6110.74,6110,77781,6115,63115,6100,88131,6095,106151
2020-06-03 09:17:52.550000,6110.74,6110,72181,6115,63115,6100,88131,6095,96940
2020-06-03 09:17:53.580000,6110.74,6105,27071,6110,77181,6100,91177,6095,96940
2020-06-03 09:17:54.650000,6110.74,6105,27071,6110,77181,6100,91107,6095,96940
2020-06-03 09:17:55.120000,6110.74,6105,27071,6110,82781,6100,88707,6095,96940
2020-06-03 09:17:56.230000,6110.74,6105,44421,6110,82781,6100,86326,6095,96941
2020-06-03 09:17:57.260000,6110.2,6105,40963,6110,82781,6100,87326,6095,96941
2020-06-03 09:17:58.250000,6109.66,6105,43903,6110,82781,6100,71446,6095,96941
2020-06-03 09:17:58.760000,6110.2,6105,43329,6110,95745,6100,52268,6095,106643
2020-06-03 09:17:59.840000,6109.66,6105,48550,6110,95745,6100,34577,6095,108643
2020-06-03 09:18:00.980000,6109.66,6105,49050,6110,95745,6100,34497,6095,108643
2020-06-03 09:18:02.010000,6109.66,6105,49050,6110,95745,6100,34670,6095,108743
2020-06-03 09:18:03.010000,6109.66,6105,65323,6110,95745,6100,31670,6095,108743
2020-06-03 09:18:03.960000,6109.66,6105,64823,6110,95745,6100,31520,6095,108746
2020-06-03 09:18:04.630000,6109.66,6105,67169,6110,95745,6100,33651,6095,108746
2020-06-03 09:18:05.670000,6109.66,6105,71765,6110,95745,6100,33654,6095,108746
2020-06-03 09:18:06.680000,6108.04,6105,71765,6110,95745,6100,40704,6095,106769
2020-06-03 09:18:07.710000,6108.04,6105,71956,6110,95745,6100,45814,6095,106773
2020-06-03 09:18:08.730000,6108.04,6105,75706,6110,95745,6100,43043,6095,106773
2020-06-03 09:18:09.790000,6108.04,6100,36111,6105,64706,6095,108773,6090,78692
2020-06-03 09:18:10.790000,6108.04,6105,62708,6110,83245,6100,33022,6095,100887
2020-06-03 09:18:11.870000,6108.04,6105,62708,6110,83245,6100,42295,6095,106231
2020-06-03 09:18:12.960000,6108.04,6105,71957,6110,83245,6100,42334,6095,106231
2020-06-03 09:18:13.960000,6108.04,6105,71957,6110,83245,6100,46465,6095,106231
2020-06-03 09:18:14.990000,6108.04,6105,68657,6110,83245,6100,48466,6095,106231
2020-06-03 09:18:16.010000,6106.96,6105,63567,6110,83245,6100,63676,6095,105709
2020-06-03 09:18:17.080000,6107.5,6105,64767,6110,83245,6100,56681,6095,107709
2020-06-03 09:18:17.630000,6106.42,6105,65538,6110,70281,6100,69731,6095,99709
2020-06-03 09:18:18.660000,6108.58,6105,65538,6110,83245,6100,58078,6095,105717
2020-06-03 09:18:19.740000,6108.58,6105,65538,6110,83245,6100,58902,6095,105717
2020-06-03 09:18:20.360000,6108.58,6105,63038,6110,70281,6100,70602,6095,100545
2020-06-03 09:18:21.360000,6108.58,6105,59733,6110,70281,6100,79855,6095,96843
2020-06-03 09:18:22.330000,6108.58,6105,59733,6110,70281,6100,84828,6095,96843
2020-06-03 09:18:23.350000,6108.58,6105,59733,6110,70281,6100,81126,6095,100545
2020-06-03 09:18:24.350000,6108.58,6105,59733,6110,70281,6100,81126,6095,100545
2020-06-03 09:18:25.410000,6108.58,6105,59733,6110,70281,6100,81126,6095,100545
2020-06-03 09:18:25.860000,6108.58,6105,58728,6110,70281,6100,78127,6095,100545
2020-06-03 09:18:27.030000,6110.2,6105,62592,6110,70281,6100,75073,6095,100545
2020-06-03 09:18:28.130000,6110.2,6105,62792,6110,70281,6100,68339,6095,100545
2020-06-03 09:18:29.130000,6110.2,6105,62792,6110,70281,6100,66037,6095,102843
2020-06-03 09:18:30.170000,6110.2,6105,62792,6110,70281,6100,68285,6095,100546
2020-06-03 09:18:30.770000,6110.2,6105,62706,6110,70281,6100,68290,6095,100546
2020-06-03 09:18:31.770000,6110.2,6105,62506,6110,83245,6100,57543,6095,106546
2020-06-03 09:18:32.800000,6110.2,6105,62606,6110,83245,6100,63143,6095,106546
2020-06-03 09:18:33.840000,6110.2,6105,62606,6110,83245,6100,57549,6095,106546
2020-06-03 09:18:34.920000,6110.2,6105,62606,6110,83245,6100,50649,6095,108546
2020-06-03 09:18:36.020000,6110.2,6105,66606,6110,83245,6100,43468,6095,108547
2020-06-03 09:18:37.080000,6108.58,6105,71706,6110,83245,6100,33543,6095,108547
2020-06-03 09:18:38.120000,6108.58,6105,73056,6110,83245,6100,33543,6095,108547
2020-06-03 09:18:39.170000,6108.58,6105,75556,6110,83245,6100,33543,6095,108547
2020-06-03 09:18:40.250000,6108.58,6105,75593,6110,83245,6100,33543,6095,108552
2020-06-03 09:18:40.860000,6108.58,6105,66693,6110,83245,6100,45111,6095,106662
2020-06-03 09:18:41.860000,6108.58,6105,66653,6110,70281,6100,53432,6095,102960
2020-06-03 09:18:42.940000,6108.58,6105,66653,6110,83245,6100,44131,6095,106662
2020-06-03 09:18:43.950000,6108.58,6105,65782,6110,83245,6100,44181,6095,106662
2020-06-03 09:18:44.920000,6108.58,6105,70882,6110,83245,6100,35946,6095,107663
2020-06-03 09:18:45.930000,6108.58,6105,70882,6110,83245,6100,30956,6095,111763
2020-06-03 09:18:47.000000,6108.58,6105,70857,6110,83245,6100,27706,6095,111763
2020-06-03 09:18:47.500000,6109.12,6105,71157,6110,83245,6100,26676,6095,111763
2020-06-03 09:18:48.530000,6108.58,6105,72057,6110,83245,6100,25946,6095,111773
2020-06-03 09:18:49.620000,6108.58,6105,74951,6110,83245,6100,27233,6095,111773
2020-06-03 09:18:50.120000,6108.58,6105,78051,6110,83245,6100,9718,6095,111773
2020-06-03 09:18:51.230000,6108.58,6105,83251,6110,83245,6100,3584,6095,113573
2020-06-03 09:18:52.260000,6108.58,6100,2500,6105,85241,6095,112773,6090,78840
2020-06-03 09:18:53.310000,6108.58,6100,18700,6105,85241,6095,112773,6090,78840
2020-06-03 09:18:54.320000,6108.58,6100,37555,6105,88944,6095,112783,6090,78840
2020-06-03 09:18:55.380000,6108.58,6100,36599,6105,90894,6095,112784,6090,78840
2020-06-03 09:18:56.400000,6108.58,6105,85053,6110,83245,6100,50639,6095,111960
2020-06-03 09:18:56.930000,6106.42,6105,86353,6110,81245,6100,20189,6095,111961
2020-06-03 09:18:58.020000,6106.96,6100,35755,6105,79055,6095,111961,6090,79684
2020-06-03 09:18:58.990000,6106.96,6100,30755,6105,79055,6095,111961,6090,79684
2020-06-03 09:18:59.630000,6106.96,6100,30754,6105,75353,6095,112790,6090,79684
2020-06-03 09:19:00.660000,6106.96,6100,10351,6105,73353,6095,111590,6090,79684
2020-06-03 09:19:01.620000,6106.96,6100,457,6105,73353,6095,111590,6090,79684
2020-06-03 09:19:02.730000,6106.96,6105,82653,6110,83245,6100,41462,6095,111690
2020-06-03 09:19:03.760000,6106.96,6105,67653,6110,70281,6100,61081,6095,109691
2020-06-03 09:19:04.760000,6106.96,6105,67653,6110,70281,6100,62081,6095,109691
2020-06-03 09:19:05.830000,6106.96,6105,67653,6110,83245,6100,62081,6095,109691
2020-06-03 09:19:06.800000,6106.42,6105,67673,6110,83245,6100,62081,6095,109691
2020-06-03 09:19:07.430000,6106.96,6105,67773,6110,83245,6100,55897,6095,110877
2020-06-03 09:19:08.440000,6108.58,6105,82473,6110,83245,6100,38901,6095,110877
2020-06-03 09:19:09.410000,6108.58,6105,82673,6110,83245,6100,36063,6095,110877
2020-06-03 09:19:10.500000,6108.58,6100,900,6105,72973,6095,110877,6090,84934
2020-06-03 09:19:11.540000,6108.58,6100,24852,6105,78675,6095,110877,6090,84954
2020-06-03 09:19:12.020000,6108.58,6100,32182,6105,89325,6095,91913,6090,90954
2020-06-03 09:19:13.080000,6108.58,6100,31771,6105,102289,6095,82867,6090,94656
2020-06-03 09:19:14.080000,6108.58,6100,31671,6105,89325,6095,93997,6090,88656
2020-06-03 09:19:14.630000,6108.58,6100,31570,6105,102289,6095,87994,6090,94656
2020-06-03 09:19:15.670000,6108.58,6100,31444,6105,83725,6095,97704,6090,85417
2020-06-03 09:19:16.670000,6106.42,6100,19846,6105,89325,6095,97704,6090,85417
2020-06-03 09:19:17.720000,6104.8,6100,11841,6105,83725,6095,98004,6090,85417
2020-06-03 09:19:18.770000,6104.8,6100,11456,6105,83725,6095,97964,6090,85427
2020-06-03 09:19:19.190000,6104.26,6100,11456,6105,89325,6095,97964,6090,85365
2020-06-03 09:19:20.390000,6104.26,6100,16455,6105,89325,6095,105040,6090,85365
2020-06-03 09:19:21.390000,6104.26,6100,11454,6105,83725,6095,105095,6090,85365
2020-06-03 09:19:21.860000,6104.26,6105,75023,6110,89865,6095,121059,6090,85375
2020-06-03 09:19:23.020000,6104.26,6105,74013,6110,91865,6100,18087,6095,121065
2020-06-03 09:19:24.050000,6104.26,6105,74013,6110,91865,6100,18087,6095,121065
2020-06-03 09:19:24.590000,6104.26,6105,74013,6110,91865,6100,18087,6095,121065
2020-06-03 09:19:25.590000,6104.26,6105,74013,6110,91865,6100,18075,6095,121070
2020-06-03 09:19:26.560000,6104.26,6105,74013,6110,91865,6100,18075,6095,121070
2020-06-03 09:19:27.200000,6106.96,6105,76013,6110,89865,6100,16,6095,121070
2020-06-03 09:19:28.220000,6107.5,6105,76013,6110,89865,6100,5991,6095,121070
2020-06-03 09:19:29.280000,6107.5,6100,27120,6105,85715,6095,108106,6090,85328
2020-06-03 09:19:30.310000,6107.5,6100,27020,6105,85715,6095,108106,6090,85328
2020-06-03 09:19:31.340000,6107.5,6100,26510,6105,85715,6095,108106,6090,85328
2020-06-03 09:19:32.260000,6107.5,6100,34501,6105,85715,6095,108106,6090,85328
2020-06-03 09:19:32.870000,6107.5,6100,34101,6105,85715,6095,108106,6090,85226
2020-06-03 09:19:33.970000,6107.5,6100,33246,6105,91315,6095,108102,6090,85226
2020-06-03 09:19:34.950000,6107.5,6100,33246,6105,91315,6095,108082,6090,85226
2020-06-03 09:19:36.000000,6107.5,6100,32836,6105,85715,6095,108182,6090,84362
2020-06-03 09:19:37.040000,6107.5,6100,2000,6105,77013,6095,121176,6090,85953
2020-06-03 09:19:38.060000,6107.5,6105,77013,6110,82974,6100,1016,6095,121176
2020-06-03 09:19:39.100000,6106.42,6100,12833,6105,80715,6095,88496,6090,86253
2020-06-03 09:19:39.400000,6106.42,6100,19274,6105,80715,6095,88496,6090,89253
2020-06-03 09:19:40.330000,6106.42,6100,44724,6105,80715,6095,88496,6090,89253
2020-06-03 09:19:41.260000,6106.42,6100,44734,6105,91315,6095,75532,6090,89253
2020-06-03 09:19:42.330000,6106.42,6100,44234,6105,91315,6095,75431,6090,89253
2020-06-03 09:19:43.400000,6106.42,6100,44213,6105,91720,6095,75595,6090,89253
2020-06-03 09:19:44.350000,6106.42,6100,44438,6105,91315,6095,75759,6090,89253
2020-06-03 09:19:45.500000,6106.42,6100,18537,6105,77013,6095,88723,6090,88429
2020-06-03 09:19:46.020000,6106.42,6100,18039,6105,77013,6095,100043,6090,88429
2020-06-03 09:19:47.110000,6105.88,6105,77013,6110,82974,6100,12964,6095,89143
2020-06-03 09:19:48.230000,6108.04,6105,75013,6110,84974,6100,53850,6095,89153
2020-06-03 09:19:49.290000,6108.58,6105,64901,6110,84974,6100,69371,6095,87203
2020-06-03 09:19:50.250000,6108.58,6105,60040,6110,72010,6100,79073,6095,77501
2020-06-03 09:19:51.260000,6108.58,6105,60040,6110,72010,6100,73081,6095,83501
2020-06-03 09:19:52.310000,6108.58,6105,60040,6110,72010,6100,78926,6095,81203
2020-06-03 09:19:53.360000,6108.58,6105,57542,6110,72010,6100,82628,6095,79501
2020-06-03 09:19:53.970000,6108.58,6105,57492,6110,72010,6100,85628,6095,79501
2020-06-03 09:19:54.930000,6108.58,6105,57009,6110,72010,6100,85628,6095,79501
2020-06-03 09:19:55.950000,6108.58,6105,60029,6110,72010,6100,56378,6095,85501
2020-06-03 09:19:57.030000,6109.12,6105,60029,6110,84974,6100,52677,6095,89203
2020-06-03 09:19:58.070000,6109.12,6105,46737,6110,84974,6100,54077,6095,90203
2020-06-03 09:19:59.120000,6109.12,6105,46737,6110,72010,6100,64600,6095,80501
2020-06-03 09:19:59.560000,6109.66,6105,51737,6110,84974,6100,51408,6095,90204
2020-06-03 09:20:00.730000,6109.66,6105,51587,6110,84974,6100,52408,6095,90204
2020-06-03 09:20:01.840000,6109.66,6105,55303,6110,84974,6100,39811,6095,92204
2020-06-03 09:20:02.930000,6109.66,6105,56303,6110,84974,6100,52161,6095,92204
2020-06-03 09:20:03.790000,6109.66,6105,55308,6110,84974,6100,50238,6095,92204
2020-06-03 09:20:04.840000,6109.66,6105,55284,6110,84974,6100,50239,6095,92204
2020-06-03 09:20:05.480000,6109.66,6105,55282,6110,84974,6100,50239,6095,92204
2020-06-03 09:20:06.460000,6109.12,6105,55282,6110,84974,6100,15589,6095,93204
2020-06-03 09:20:07.540000,6108.04,6105,55282,6110,84974,6100,51039,6095,94204
2020-06-03 09:20:08.130000,6107.5,6105,55282,6110,84974,6100,50889,6095,94204
2020-06-03 09:20:09.090000,6107.5,6105,55282,6110,84974,6100,50889,6095,94206
2020-06-03 09:20:10.150000,6107.5,6105,44752,6110,72010,6100,73081,6095,88504
2020-06-03 09:20:11.180000,6107.5,6105,44752,6110,72010,6100,92163,6095,82504
2020-06-03 09:20:12.180000,6107.5,6105,44762,6110,72010,6100,92163,6095,82504
2020-06-03 09:20:13.180000,6107.5,6105,44962,6110,72010,6100,92163,6095,82504
2020-06-03 09:20:13.600000,6107.5,6105,44962,6110,72010,6100,92163,6095,82514
2020-06-03 09:20:14.400000,6107.5,6105,44962,6110,72010,6100,92163,6095,82514
2020-06-03 09:20:16.460000,6106.96,6105,44962,6110,72010,6100,92163,6095,82514
2020-06-03 09:20:17.210000,6110.2,6110,67610,6115,64069,6105,46982,6100,91727
2020-06-03 09:20:18.230000,6110.74,6110,54708,6115,69771,6105,46677,6100,93400
2020-06-03 09:20:19.170000,6114.52,6110,42442,6115,56807,6105,61222,6100,85400
2020-06-03 09:20:20.180000,6114.52,6110,42442,6115,69771,6105,43125,6100,91410
2020-06-03 09:20:21.200000,6114.52,6110,53511,6115,69771,6105,24997,6100,91776
2020-06-03 09:20:22.260000,6114.52,6110,53511,6115,69771,6105,24836,6100,91826
2020-06-03 09:20:23.340000,6114.52,6110,55521,6115,67781,6105,5356,6100,93192
2020-06-03 09:20:23.930000,6114.52,6105,23094,6110,56223,6100,85210,6095,82214
2020-06-03 09:20:24.930000,6114.52,6105,19018,6110,51821,6100,86909,6095,82214
2020-06-03 09:20:25.950000,6114.52,6105,19009,6110,55523,6100,86909,6095,82214
2020-06-03 09:20:26.950000,6112.36,6105,25463,6110,55523,6100,85556,6095,82214
2020-06-03 09:20:28.070000,6112.36,6105,34188,6110,60523,6100,82391,6095,82214
2020-06-03 09:20:28.600000,6111.28,6105,34188,6110,60523,6100,82391,6095,82219
2020-06-03 09:20:29.680000,6111.28,6105,7554,6110,54223,6100,92255,6095,82220
2020-06-03 09:20:30.730000,6111.28,6105,7554,6110,50521,6100,92355,6095,82120
2020-06-03 09:20:31.760000,6111.28,6105,26017,6110,55923,6100,83512,6095,82120
2020-06-03 09:20:32.820000,6110.74,6105,31724,6110,65923,6100,59598,6095,88172
2020-06-03 09:20:33.790000,6110.74,6105,34224,6110,64823,6100,64092,6095,88182
2020-06-03 09:20:34.900000,6110.74,6105,34224,6110,64723,6100,65047,6095,88182
2020-06-03 09:20:35.960000,6110.74,6105,30601,6110,59123,6100,71077,6095,82182
2020-06-03 09:20:37.010000,6110.74,6105,5518,6110,50421,6100,88641,6095,72182
2020-06-03 09:20:37.980000,6109.66,6110,50421,6115,68281,6100,89042,6095,72182
2020-06-03 09:20:38.430000,6109.66,6110,48421,6115,70281,6105,511,6100,89047
2020-06-03 09:20:39.600000,6111.82,6110,48421,6115,70281,6105,21740,6100,89047
2020-06-03 09:20:40.220000,6111.82,6110,48421,6115,70281,6105,21689,6100,89047
2020-06-03 09:20:41.100000,6111.82,6110,48491,6115,70281,6105,22023,6100,89047
2020-06-03 09:20:42.220000,6111.82,6110,48541,6115,70281,6105,23023,6100,89047
2020-06-03 09:20:43.210000,6111.82,6110,48541,6115,70281,6105,33445,6100,86917
2020-06-03 09:20:44.220000,6111.82,6110,48541,6115,70281,6105,33695,6100,86917
2020-06-03 09:20:44.720000,6111.82,6110,48541,6115,70281,6105,42432,6100,87167
2020-06-03 09:20:45.850000,6111.82,6110,47169,6115,46717,6105,75974,6100,77519
2020-06-03 09:20:46.860000,6111.28,6110,10276,6115,55442,6105,75974,6100,78619
2020-06-03 09:20:47.820000,6113.44,6110,10276,6115,55442,6105,82534,6100,74269
2020-06-03 09:20:48.160000,6115.6,6115,62540,6120,65907,6110,24162,6105,90226
2020-06-03 09:20:49.090000,6115.6,6115,57240,6120,65907,6110,21991,6105,88128
2020-06-03 09:20:50.030000,6115.6,6115,59240,6120,63907,6110,20291,6105,86028
2020-06-03 09:20:51.100000,6115.6,6115,58421,6120,63907,6110,20291,6105,86128
2020-06-03 09:20:52.200000,6115.6,6115,62123,6120,60205,6110,32,6105,86128
2020-06-03 09:20:53.230000,6115.6,6115,56421,6120,65907,6105,88727,6100,74305
2020-06-03 09:20:53.790000,6115.6,6115,52854,6120,65907,6110,27326,6105,88677
2020-06-03 09:20:54.810000,6115.6,6115,52854,6120,65907,6110,27171,6105,88677
2020-06-03 09:20:55.840000,6115.6,6115,55923,6120,65977,6110,26961,6105,88677
2020-06-03 09:20:56.900000,6115.6,6115,56423,6120,66007,6110,26971,6105,88677
2020-06-03 09:20:57.930000,6117.76,6115,56423,6120,66007,6110,26981,6105,88677
2020-06-03 09:20:58.370000,6117.76,6115,57623,6120,66007,6110,25981,6105,88677
2020-06-03 09:20:59.510000,6116.68,6110,22249,6115,68325,6105,75384,6100,74410
2020-06-03 09:21:00.520000,6116.68,6110,24744,6115,63325,6105,83343,6100,74410
2020-06-03 09:21:01.540000,6116.68,6110,24694,6115,53943,6105,86343,6100,71410
2020-06-03 09:21:02.570000,6116.68,6115,53943,6120,66007,6110,10374,6105,86521
2020-06-03 09:21:03.630000,6116.68,6115,53943,6120,66007,6110,18869,6105,91521
2020-06-03 09:21:04.160000,6116.68,6115,53963,6120,66007,6110,12803,6105,91521
2020-06-03 09:21:05.210000,6116.68,6110,28361,6115,59665,6105,91521,6100,67344
2020-06-03 09:21:06.240000,6116.68,6110,28082,6115,55963,6105,86521,6100,67344
2020-06-03 09:21:07.270000,6116.14,6115,53963,6120,66007,6110,6707,6105,89521
2020-06-03 09:21:07.710000,6116.14,6110,35175,6115,59665,6105,83526,6100,73444
2020-06-03 09:21:08.860000,6117.22,6110,31786,6115,70265,6105,70562,6100,73444
2020-06-03 09:21:09.900000,6117.22,6110,4336,6115,57665,6105,89531,6100,67444
2020-06-03 09:21:10.830000,6117.22,6110,7411,6115,53963,6105,89531,6100,67444
2020-06-03 09:21:11.190000,6117.22,6110,7400,6115,61164,6105,89520,6100,67444
2020-06-03 09:21:12.140000,6117.22,6110,43575,6115,69866,6105,76556,6100,67444
2020-06-03 09:21:13.060000,6117.22,6110,38126,6115,75466,6105,72954,6100,71171
2020-06-03 09:21:14.150000,6117.22,6110,37626,6115,75476,6105,66954,6100,77171
2020-06-03 09:21:15.090000,6117.22,6110,37772,6115,78976,6105,66954,6100,77171
2020-06-03 09:21:16.170000,6115.6,6110,38272,6115,87045,6105,66954,6100,77171
2020-06-03 09:21:16.530000,6116.68,6110,39047,6115,82045,6105,88620,6100,67469
2020-06-03 09:21:17.430000,6116.68,6110,42091,6115,87045,6105,65954,6100,77171
2020-06-03 09:21:18.330000,6115.06,6110,42091,6115,87045,6105,65959,6100,77171
2020-06-03 09:21:19.400000,6115.06,6110,42091,6115,87045,6105,65959,6100,77275
2020-06-03 09:21:19.900000,6114.52,6110,42111,6115,87025,6105,66159,6100,77276
2020-06-03 09:21:20.930000,6114.52,6110,41667,6115,99989,6105,66168,6100,77176
2020-06-03 09:21:21.970000,6114.52,6110,39672,6115,87025,6105,66168,6100,77176
2020-06-03 09:21:22.410000,6114.52,6110,39672,6115,99989,6105,49318,6100,78355
2020-06-03 09:21:23.570000,6114.52,6110,38872,6115,97989,6105,49208,6100,78355
2020-06-03 09:21:24.630000,6114.52,6110,38872,6115,97989,6105,43208,6100,78375
2020-06-03 09:21:25.000000,6114.52,6110,39022,6115,97989,6105,43208,6100,80375
2020-06-03 09:21:26.080000,6114.52,6110,38862,6115,97989,6105,43208,6100,80375
2020-06-03 09:21:26.470000,6114.52,6110,38862,6115,97989,6105,43208,6100,80375
2020-06-03 09:21:27.330000,6112.9,6110,38862,6115,97989,6105,50208,6100,78375
2020-06-03 09:21:28.270000,6112.9,6110,38862,6115,97989,6105,50208,6100,78375
2020-06-03 09:21:29.380000,6112.9,6110,38852,6115,97989,6105,50208,6100,78375
2020-06-03 09:21:30.310000,6112.9,6110,33852,6115,74425,6105,88616,6100,71682
2020-06-03 09:21:31.360000,6112.9,6110,5187,6115,70243,6105,88626,6100,71682
2020-06-03 09:21:31.830000,6112.9,6115,70243,6120,65067,6105,90126,6100,71682
2020-06-03 09:21:33.020000,6112.9,6115,68243,6120,67067,6110,23450,6105,90136
2020-06-03 09:21:33.590000,6112.9,6115,68243,6120,67067,6110,23539,6105,90136
2020-06-03 09:21:34.630000,6112.9,6115,68143,6120,67067,6110,42845,6105,90136
2020-06-03 09:21:35.590000,6112.9,6115,68143,6120,67067,6110,39545,6105,90136
2020-06-03 09:21:36.590000,6112.9,6115,68143,6120,67067,6110,35728,6105,90136
2020-06-03 09:21:37.090000,6115.6,6115,68143,6120,67067,6110,36058,6105,90136
2020-06-03 09:21:38.250000,6118.3,6115,68143,6120,67067,6110,36058,6105,90136
2020-06-03 09:21:38.670000,6118.3,6115,68103,6120,67067,6110,36058,6105,90156
2020-06-03 09:21:39.470000,6118.3,6115,68363,6120,67067,6110,54663,6105,82157
2020-06-03 09:21:40.390000,6118.3,6115,68363,6120,67067,6110,48633,6105,88157
2020-06-03 09:21:41.450000,6118.3,6115,54638,6120,48503,6110,71234,6105,78455
2020-06-03 09:21:42.470000,6118.3,6115,52138,6120,54203,6110,52436,6105,84455
2020-06-03 09:21:42.760000,6118.3,6115,52258,6120,54083,6110,52436,6105,84465
2020-06-03 09:21:43.500000,6118.3,6115,52258,6120,54083,6110,52356,6105,84470
2020-06-03 09:21:44.640000,6118.3,6115,52258,6120,67047,6110,52362,6105,84470
2020-06-03 09:21:45.030000,6118.3,6115,52258,6120,67047,6110,52362,6105,84470
2020-06-03 09:21:46.150000,6118.3,6115,65367,6120,67047,6110,48661,6105,88172
2020-06-03 09:21:46.700000,6119.38,6115,68087,6120,67047,6110,48661,6105,88182
2020-06-03 09:21:47.760000,6119.38,6115,68087,6120,67047,6110,43081,6105,88182
2020-06-03 09:21:48.730000,6118.84,6115,68087,6120,67047,6110,36081,6105,90172
2020-06-03 09:21:49.250000,6118.84,6115,68057,6120,67147,6110,37637,6105,90172
2020-06-03 09:21:50.350000,6118.84,6115,67283,6120,72147,6110,30053,6105,90172
2020-06-03 09:21:51.350000,6118.84,6115,67283,6120,72147,6110,24453,6105,90172
2020-06-03 09:21:52.390000,6118.84,6115,67263,6120,72147,6110,29431,6105,90172
2020-06-03 09:21:52.870000,6118.84,6115,62263,6120,72147,6110,41038,6105,90172
2020-06-03 09:21:54.030000,6118.84,6115,62263,6120,59183,6110,70524,6105,78470
2020-06-03 09:21:55.070000,6118.84,6115,62263,6120,59183,6110,61964,6105,88772
2020-06-03 09:21:56.120000,6117.76,6115,62263,6120,59183,6110,71666,6105,79070
2020-06-03 09:21:57.100000,6118.3,6115,62263,6120,59183,6110,65676,6105,85070
2020-06-03 09:21:57.460000,6119.92,6115,72263,6120,53583,6110,65773,6105,85070
2020-06-03 09:21:58.430000,6120.46,6115,64154,6120,48583,6110,84738,6105,79070
2020-06-03 09:21:59.430000,6120.46,6115,64154,6120,53583,6110,65774,6105,85071
2020-06-03 09:22:00.410000,6120.46,6115,63954,6120,59183,6110,71874,6105,79071
2020-06-03 09:22:01.440000,6120.46,6115,63954,6120,59183,6110,66874,6105,85087
2020-06-03 09:22:02.460000,6121.0,6115,63954,6120,59183,6110,66808,6105,85087
2020-06-03 09:22:03.580000,6121.0,6115,63954,6120,53583,6110,77808,6105,79087
2020-06-03 09:22:03.970000,6121.0,6115,63954,6120,53583,6110,77828,6105,79287
2020-06-03 09:22:05.140000,6121.0,6115,63954,6120,53583,6110,71828,6105,85287
2020-06-03 09:22:06.140000,6121.0,6115,63953,6120,46583,6110,90527,6105,79287
2020-06-03 09:22:07.190000,6119.92,6115,61106,6120,46583,6110,90557,6105,79297
2020-06-03 09:22:07.630000,6120.46,6115,61105,6120,46583,6110,90557,6105,82397
2020-06-03 09:22:08.780000,6120.46,6115,30374,6120,51606,6110,90457,6105,82397
2020-06-03 09:22:09.300000,6122.62,6120,55908,6125,95873,6115,50239,6110,102609
2020-06-03 09:22:10.310000,6122.62,6120,66208,6125,95873,6115,48584,6110,102809
2020-06-03 09:22:11.450000,6122.62,6120,64107,6125,95873,6115,67023,6110,94809
2020-06-03 09:22:12.030000,6122.62,6125,93534,6130,73821,6120,13430,6115,77488
2020-06-03 09:22:13.000000,6122.62,6125,86932,6130,77527,6120,26394,6115,82699
2020-06-03 09:22:14.050000,6122.62,6125,82832,6130,79627,6120,26395,6115,84699
2020-06-03 09:22:15.110000,6122.62,6125,82830,6130,79627,6120,41416,6115,84699
2020-06-03 09:22:15.530000,6122.62,6125,81930,6130,79627,6120,43926,6115,84699
2020-06-03 09:22:16.670000,6123.7,6125,85530,6130,77227,6120,41026,6115,84699
2020-06-03 09:22:17.720000,6126.4,6125,76637,6130,79227,6120,44158,6115,84699
2020-06-03 09:22:18.140000,6127.48,6125,78933,6130,77227,6120,44158,6115,84699
2020-06-03 09:22:19.330000,6127.48,6125,27309,6130,87627,6120,66349,6115,82253
2020-06-03 09:22:19.950000,6126.4,6125,31121,6130,87627,6120,54765,6115,82353
2020-06-03 09:22:20.900000,6126.4,6125,26515,6130,81925,6120,26615,6115,83358
2020-06-03 09:22:21.900000,6126.4,6125,31115,6130,81925,6120,19461,6115,83358
2020-06-03 09:22:22.960000,6126.4,6125,49195,6130,82325,6120,17761,6115,83363
2020-06-03 09:22:23.960000,6126.4,6125,55680,6130,82325,6120,16961,6115,83363
2020-06-03 09:22:24.370000,6126.4,6120,10910,6125,82371,6115,75899,6110,101179
2020-06-03 09:22:25.230000,6126.4,6120,9867,6125,82371,6115,50458,6110,110841
2020-06-03 09:22:26.150000,6126.4,6120,14957,6125,82371,6115,55248,6110,112841
2020-06-03 09:22:27.190000,6125.86,6120,11577,6125,82371,6115,68148,6110,104841
2020-06-03 09:22:27.720000,6123.7,6120,200,6125,82371,6115,68148,6110,104841
2020-06-03 09:22:28.820000,6123.7,6125,81971,6130,81435,6115,79000,6110,104641
2020-06-03 09:22:29.400000,6124.78,6120,23850,6125,81971,6115,83214,6110,101439
2020-06-03 09:22:30.410000,6124.78,6120,23288,6125,81971,6115,79512,6110,105141
2020-06-03 09:22:31.410000,6124.78,6120,23288,6125,69007,6115,79612,6110,105141
2020-06-03 09:22:32.460000,6124.78,6120,23178,6125,69007,6115,83324,6110,101439
2020-06-03 09:22:33.020000,6124.78,6120,444,6125,69007,6115,83334,6110,101449
2020-06-03 09:22:34.070000,6124.78,6125,69007,6130,81485,6115,82354,6110,101449
2020-06-03 09:22:35.050000,6124.78,6120,19692,6125,69007,6115,82454,6110,101449
2020-06-03 09:22:36.020000,6124.78,6125,68007,6130,81485,6120,5000,6115,82454
2020-06-03 09:22:36.330000,6124.78,6125,68507,6130,81485,6120,6040,6115,82454
2020-06-03 09:22:37.190000,6125.32,6125,74063,6130,106673,6120,902,6115,82359
2020-06-03 09:22:38.220000,6124.78,6120,18790,6125,74063,6115,78657,6110,105171
2020-06-03 09:22:38.600000,6125.32,6120,18044,6125,74063,6115,78657,6110,105171
2020-06-03 09:22:39.780000,6123.7,6120,24009,6125,88527,6115,67472,6110,105176
2020-06-03 09:22:40.330000,6123.7,6120,29009,6125,98527,6115,67472,6110,105176
2020-06-03 09:22:41.300000,6123.7,6120,29909,6125,98527,6115,67277,6110,105176
2020-06-03 09:22:42.390000,6123.7,6120,28955,6125,98527,6115,63677,6110,105196
2020-06-03 09:22:42.720000,6123.7,6120,28805,6125,98532,6115,62636,6110,105196
2020-06-03 09:22:43.730000,6123.7,6120,28799,6125,99032,6115,55565,6110,107196
2020-06-03 09:22:44.700000,6123.7,6120,31159,6125,99032,6115,55565,6110,108206
2020-06-03 09:22:45.650000,6123.7,6120,33617,6125,99032,6115,49565,6110,114206
2020-06-03 09:22:46.320000,6123.7,6120,42099,6125,91974,6115,36635,6110,114206
2020-06-03 09:22:47.310000,6123.7,6120,42099,6125,91774,6115,13185,6110,101242
2020-06-03 09:22:48.340000,6122.08,6120,34387,6125,95486,6115,36635,6110,114206
2020-06-03 09:22:49.300000,6122.08,6120,34387,6125,95486,6115,36735,6110,114221
2020-06-03 09:22:49.630000,6120.46,6120,45074,6125,91784,6115,15092,6110,101245
2020-06-03 09:22:50.460000,6120.46,6120,40074,6125,91784,6115,39599,6110,114209
2020-06-03 09:22:51.410000,6120.46,6120,40074,6125,91784,6115,47711,6110,114209
2020-06-03 09:22:52.440000,6120.46,6120,36332,6125,95486,6115,47731,6110,114209
2020-06-03 09:22:53.440000,6120.46,6120,34332,6125,97486,6115,54151,6110,108209
2020-06-03 09:22:53.870000,6120.46,6120,34332,6125,97486,6115,48151,6110,114209
2020-06-03 09:22:55.020000,6120.46,6120,34078,6125,97486,6115,48151,6110,114309
2020-06-03 09:22:55.570000,6120.46,6120,34098,6125,97486,6115,48401,6110,114309
2020-06-03 09:22:56.680000,6121.0,6120,34098,6125,97486,6115,51075,6110,114314
2020-06-03 09:22:57.690000,6122.08,6120,34098,6125,97486,6115,51175,6110,114365
2020-06-03 09:22:58.720000,6122.08,6120,35948,6125,97486,6115,52242,6110,114365
2020-06-03 09:22:59.180000,6122.08,6120,35948,6125,97486,6115,57343,6110,108365
2020-06-03 09:23:00.300000,6122.08,6120,35948,6125,97486,6115,57343,6110,108365
2020-06-03 09:23:01.320000,6122.08,6120,35948,6125,97486,6115,57343,6110,108366
2020-06-03 09:23:02.350000,6122.08,6120,35131,6125,97486,6115,48363,6110,114366
2020-06-03 09:23:03.330000,6122.08,6120,30031,6125,84522,6115,84314,6110,102664
2020-06-03 09:23:03.670000,6122.08,6125,79122,6130,107873,6115,83006,6110,103654
2020-06-03 09:23:04.520000,6122.08,6125,79122,6130,107873,6115,83006,6110,103654
2020-06-03 09:23:05.530000,6122.08,6125,84722,6130,107873,6115,83006,6110,103655
2020-06-03 09:23:05.960000,6122.62,6125,84722,6130,107873,6120,50,6115,83006
2020-06-03 09:23:06.830000,6122.62,6120,30309,6125,97686,6115,79304,6110,107357
2020-06-03 09:23:07.690000,6124.78,6120,28509,6125,97686,6115,79304,6110,107357
2020-06-03 09:23:08.690000,6124.78,6120,28709,6125,97686,6115,61004,6110,113357
2020-06-03 09:23:09.780000,6122.08,6120,31663,6125,97686,6115,51125,6110,113357
2020-06-03 09:23:10.810000,6122.08,6120,31713,6125,97886,6115,57125,6110,107357
2020-06-03 09:23:11.170000,6122.08,6120,31613,6125,97886,6115,57125,6110,107357
2020-06-03 09:23:12.390000,6122.08,6120,36626,6125,97886,6115,50125,6110,113357
2020-06-03 09:23:13.410000,6122.08,6120,36621,6125,97179,6115,50125,6110,113357
2020-06-03 09:23:14.060000,6122.08,6120,38421,6125,95179,6115,50125,6110,113357
2020-06-03 09:23:15.090000,6122.08,6120,38421,6125,101689,6115,50145,6110,113357
2020-06-03 09:23:15.980000,6122.08,6120,36371,6125,102982,6115,50145,6110,113357
2020-06-03 09:23:17.130000,6121.54,6120,36371,6125,102982,6115,50145,6110,113357
2020-06-03 09:23:18.100000,6121.54,6120,69398,6125,97280,6115,49945,6110,113357
2020-06-03 09:23:19.160000,6122.08,6120,63696,6125,102982,6115,52525,6110,107367
2020-06-03 09:23:19.660000,6122.08,6120,53696,6125,102982,6115,55615,6110,107367
2020-06-03 09:23:20.760000,6122.08,6120,53696,6125,102982,6115,55615,6110,107367
2020-06-03 09:23:21.790000,6122.08,6120,53370,6125,102982,6115,52581,6110,113372
2020-06-03 09:23:22.760000,6122.08,6120,53370,6125,102982,6115,58581,6110,107372
2020-06-03 09:23:23.190000,6122.08,6120,53375,6125,102982,6115,58581,6110,107372
2020-06-03 09:23:24.400000,6122.08,6120,46406,6125,102982,6115,64281,6110,107372
2020-06-03 09:23:24.850000,6121.54,6120,41406,6125,90018,6115,85054,6110,101670
2020-06-03 09:23:25.930000,6121.54,6120,42406,6125,90028,6115,85054,6110,101670
2020-06-03 09:23:26.430000,6123.16,6120,42699,6125,90028,6115,85054,6110,101670
2020-06-03 09:23:27.580000,6122.62,6120,42579,6125,102992,6115,81552,6110,113361
2020-06-03 09:23:28.070000,6124.78,6120,47579,6125,102993,6115,57952,6110,121461
2020-06-03 09:23:29.160000,6122.62,6120,47580,6125,102993,6115,52881,6110,121461
2020-06-03 09:23:30.190000,6122.62,6120,53482,6125,97291,6115,50431,6110,121461
2020-06-03 09:23:31.210000,6122.62,6120,53442,6125,97291,6115,47470,6110,121461
2020-06-03 09:23:32.300000,6122.62,6120,49740,6125,100993,6115,47470,6110,121461
2020-06-03 09:23:33.330000,6122.62,6115,18259,6120,77006,6110,95195,6105,79172
2020-06-03 09:23:33.750000,6122.62,6115,20107,6120,77008,6110,90205,6105,79172
2020-06-03 09:23:34.930000,6122.62,6115,22860,6120,77008,6110,77805,6105,81172
2020-06-03 09:23:35.460000,6122.62,6115,22860,6120,77008,6110,66703,6105,87172
2020-06-03 09:23:36.460000,6121.0,6115,20058,6120,102196,6110,72703,6105,81172
2020-06-03 09:23:37.530000,6119.38,6115,18178,6120,102196,6110,64284,6105,86172
2020-06-03 09:23:38.560000,6117.22,6115,18178,6120,102196,6110,62284,6105,88172
2020-06-03 09:23:39.030000,6117.22,6115,18178,6120,102196,6110,65283,6105,88372
2020-06-03 09:23:40.080000,6117.22,6115,17208,6120,102196,6110,65283,6105,88372
2020-06-03 09:23:40.630000,6117.22,6115,28510,6120,96494,6110,57268,6105,88372
2020-06-03 09:23:41.740000,6117.22,6115,28510,6120,96494,6110,37222,6105,88372
2020-06-03 09:23:42.780000,6117.22,6115,28510,6120,96494,6110,39022,6105,88372
2020-06-03 09:23:43.130000,6117.22,6115,55325,6120,96494,6110,39022,6105,75408
2020-06-03 09:23:43.860000,6117.22,6115,58325,6120,93494,6110,36340,6105,75408
2020-06-03 09:23:44.910000,6117.22,6115,58325,6120,93494,6110,36340,6105,79702
2020-06-03 09:23:45.890000,6117.22,6115,54363,6120,93494,6110,36340,6105,79702
2020-06-03 09:23:46.500000,6116.14,6115,54363,6120,93594,6110,36340,6105,83404
2020-06-03 09:23:47.590000,6114.52,6115,37868,6120,97003,6110,68604,6105,96468
2020-06-03 09:23:48.640000,6116.14,6115,35866,6120,93403,6110,68599,6105,90868
2020-06-03 09:23:49.140000,6117.76,6115,35622,6120,93403,6110,68599,6105,90868
2020-06-03 09:23:50.200000,6117.76,6115,33061,6120,93403,6110,81328,6105,82368
2020-06-03 09:23:51.260000,6117.76,6120,80410,6125,90756,6115,67100,6110,91429
2020-06-03 09:23:51.830000,6117.76,6120,80409,6125,90756,6115,67283,6110,93429
2020-06-03 09:23:52.860000,6117.76,6120,93373,6125,90756,6115,45382,6110,89727
2020-06-03 09:23:53.890000,6117.76,6120,95845,6125,90756,6115,12206,6110,89727
2020-06-03 09:23:54.920000,6117.76,6115,22851,6120,108067,6110,95927,6105,87968
2020-06-03 09:23:55.340000,6117.76,6115,22520,6120,108167,6110,95927,6105,87968
2020-06-03 09:23:56.430000,6117.76,6115,22015,6120,108167,6110,95977,6105,90019
2020-06-03 09:23:57.030000,6119.92,6115,12782,6120,108167,6110,95977,6105,90020
2020-06-03 09:23:58.040000,6119.92,6120,93201,6125,96357,6115,5000,6110,96777
2020-06-03 09:23:59.120000,6119.92,6120,96201,6125,96357,6110,96707,6105,90070
2020-06-03 09:23:59.500000,6119.92,6120,106665,6125,96357,6115,10,6110,96707
2020-06-03 09:24:00.620000,6119.92,6115,17577,6120,106665,6110,84108,6105,83708
2020-06-03 09:24:01.740000,6119.92,6115,16135,6120,106665,6110,97028,6105,80887
2020-06-03 09:24:02.340000,6119.92,6120,93701,6125,96357,6115,8441,6110,101093
2020-06-03 09:24:03.290000,6119.92,6120,79899,6125,102059,6115,41749,6110,114082
2020-06-03 09:24:04.310000,6119.92,6120,79899,6125,102059,6115,55849,6110,108082
2020-06-03 09:24:05.340000,6119.92,6120,79899,6125,102059,6115,56327,6110,108082
2020-06-03 09:24:05.730000,6119.92,6120,79899,6125,102059,6115,51228,6110,108155
2020-06-03 09:24:06.520000,6117.76,6120,74899,6125,89095,6115,68932,6110,103553
2020-06-03 09:24:07.540000,6121.54,6120,74949,6125,102059,6115,68240,6110,107255
2020-06-03 09:24:08.570000,6124.78,6120,72449,6125,102059,6115,59839,6110,109455
2020-06-03 09:24:08.930000,6124.78,6120,72249,6125,102059,6115,59769,6110,109025
2020-06-03 09:24:10.160000,6123.7,6120,66949,6125,89095,6115,61469,6110,107025
2020-06-03 09:24:10.630000,6123.7,6120,66949,6125,89095,6115,65080,6110,103323
2020-06-03 09:24:11.710000,6123.7,6120,66949,6125,89095,6115,64880,6110,103323
2020-06-03 09:24:12.370000,6123.7,6120,67039,6125,102059,6115,64882,6110,104590
2020-06-03 09:24:13.300000,6123.7,6120,67039,6125,89095,6115,65082,6110,104490
2020-06-03 09:24:14.330000,6123.7,6120,64954,6125,89095,6115,70082,6110,104490
2020-06-03 09:24:15.290000,6123.7,6120,61986,6125,84095,6115,71448,6110,104490
2020-06-03 09:24:15.580000,6123.7,6120,61986,6125,84095,6115,86473,6110,103490
2020-06-03 09:24:16.380000,6123.7,6125,74796,6130,84386,6120,35084,6115,92100
2020-06-03 09:24:17.490000,6124.78,6125,72796,6130,86386,6120,34804,6115,92200
2020-06-03 09:24:17.820000,6124.78,6125,66286,6130,92896,6120,32878,6115,92300
2020-06-03 09:24:18.630000,6126.94,6125,66286,6130,92896,6120,40777,6115,92300
2020-06-03 09:24:19.610000,6126.94,6125,66286,6130,92896,6120,56520,6115,84300
2020-06-03 09:24:20.130000,6126.94,6125,57561,6130,92896,6120,56674,6115,84500
2020-06-03 09:24:21.140000,6126.94,6125,57561,6130,92896,6120,57174,6115,89000
2020-06-03 09:24:21.720000,6126.94,6125,57381,6130,80432,6120,59994,6115,89000
2020-06-03 09:24:22.750000,6126.94,6125,57381,6130,93396,6120,60294,6115,89000
2020-06-03 09:24:23.220000,6126.94,6125,57381,6130,80432,6120,60394,6115,87634
2020-06-03 09:24:24.350000,6126.94,6125,57381,6130,80432,6120,59814,6115,87634
2020-06-03 09:24:24.830000,6126.94,6125,57381,6130,80432,6120,59815,6115,87634
2020-06-03 09:24:25.800000,6128.56,6125,56381,6130,80432,6120,59915,6115,87609
2020-06-03 09:24:26.860000,6129.64,6125,55381,6130,80432,6120,68511,6115,87609
2020-06-03 09:24:27.050000,6130.18,6125,31931,6130,80432,6120,68511,6115,87609
2020-06-03 09:24:27.970000,6129.1,6125,25931,6130,75432,6120,90677,6115,83907
2020-06-03 09:24:28.940000,6130.18,6130,87032,6135,80656,6120,93125,6115,83907
2020-06-03 09:24:29.160000,6130.72,6130,87032,6135,80656,6125,24650,6120,93125
2020-06-03 09:24:30.030000,6130.72,6130,87032,6135,80656,6125,7344,6120,93125
2020-06-03 09:24:31.130000,6130.72,6125,39942,6130,92032,6120,80161,6115,83897
2020-06-03 09:24:31.610000,6130.72,6125,41842,6130,104996,6120,57616,6115,87609
2020-06-03 09:24:32.700000,6130.72,6125,35193,6130,104996,6120,51616,6115,93832
2020-06-03 09:24:33.730000,6130.72,6125,52295,6130,104996,6120,62059,6115,93832
2020-06-03 09:24:34.330000,6130.72,6125,53895,6130,104996,6120,61659,6115,93882
2020-06-03 09:24:35.280000,6130.72,6125,50027,6130,104996,6120,70159,6115,93882
2020-06-03 09:24:36.280000,6130.72,6125,49717,6130,104996,6120,61549,6115,93882
2020-06-03 09:24:36.890000,6128.56,6125,35026,6130,104996,6120,73849,6115,96887
2020-06-03 09:24:37.810000,6129.1,6125,35013,6130,104996,6120,67769,6115,96937
2020-06-03 09:24:38.360000,6128.56,6125,35057,6130,104996,6120,81669,6115,90937
2020-06-03 09:24:39.370000,6130.72,6125,11290,6130,92032,6120,85371,6115,87235
2020-06-03 09:24:40.000000,6130.72,6125,11290,6130,92032,6120,85771,6115,87235
2020-06-03 09:24:40.940000,6130.72,6130,92032,6135,80656,6125,100,6120,85771
2020-06-03 09:24:42.030000,6130.72,6130,92032,6135,80656,6125,1000,6120,85774
2020-06-03 09:24:42.980000,6130.72,6125,33731,6130,104996,6120,82094,6115,90937
2020-06-03 09:24:43.330000,6130.72,6125,33131,6130,104996,6120,69194,6115,90937
2020-06-03 09:24:44.120000,6130.72,6125,33131,6130,104996,6120,63194,6115,96937
2020-06-03 09:24:45.150000,6130.72,6125,33131,6130,104996,6120,63194,6115,96937
2020-06-03 09:24:45.620000,6130.72,6125,28131,6130,104996,6120,45594,6115,93937
2020-06-03 09:24:46.680000,6130.18,6125,28131,6130,104996,6120,53294,6115,93937
2020-06-03 09:24:47.230000,6128.56,6125,28521,6130,103017,6120,75194,6115,91937
2020-06-03 09:24:48.320000,6128.56,6125,29833,6130,103150,6120,84194,6115,85937
2020-06-03 09:24:48.680000,6128.02,6125,30087,6130,103185,6120,86194,6115,86437
2020-06-03 09:24:49.870000,6129.1,6125,29407,6130,90221,6120,88896,6115,82735
2020-06-03 09:24:50.890000,6129.1,6125,30413,6130,103185,6120,85194,6115,86437
2020-06-03 09:24:51.170000,6129.1,6125,30383,6130,90221,6120,85194,6115,86437
2020-06-03 09:24:52.030000,6129.1,6125,30361,6130,89221,6120,85194,6115,90437
2020-06-03 09:24:52.960000,6129.1,6125,30861,6130,102185,6120,85694,6115,100852
2020-06-03 09:24:53.960000,6129.1,6125,30861,6130,102185,6120,85694,6115,100852
2020-06-03 09:24:54.520000,6129.1,6125,19661,6130,102185,6120,85704,6115,100852
2020-06-03 09:24:55.570000,6129.1,6125,18860,6130,102185,6120,85714,6115,100852
2020-06-03 09:24:56.150000,6129.1,6125,20853,6130,89221,6120,83915,6115,102852
2020-06-03 09:24:57.160000,6129.64,6125,34118,6130,102185,6120,83916,6115,102852
2020-06-03 09:24:57.620000,6129.64,6125,34218,6130,102185,6120,83926,6115,102852
2020-06-03 09:24:58.790000,6129.64,6125,7369,6130,89221,6120,87628,6115,99150
2020-06-03 09:24:59.770000,6129.64,6130,89221,6135,81795,6125,14996,6120,87628
2020-06-03 09:25:00.230000,6129.64,6130,96217,6135,81795,6125,64,6120,87450
2020-06-03 09:25:01.370000,6129.64,6130,96217,6135,81795,6125,395,6120,87550
2020-06-03 09:25:02.430000,6129.64,6125,42150,6130,109181,6120,77848,6115,108852
2020-06-03 09:25:03.460000,6129.64,6125,50135,6130,109181,6120,43205,6115,110854
2020-06-03 09:25:04.540000,6129.64,6125,58235,6130,107181,6120,43205,6115,110954
2020-06-03 09:25:05.020000,6129.64,6125,56235,6130,109181,6120,40705,6115,110954
2020-06-03 09:25:06.070000,6129.64,6125,61937,6130,103499,6120,41005,6115,110954
2020-06-03 09:25:07.080000,6130.18,6125,58235,6130,107201,6120,40505,6115,110954
2020-06-03 09:25:07.720000,6126.4,6125,61937,6130,103499,6120,40305,6115,110954
2020-06-03 09:25:08.720000,6125.86,6125,61937,6130,103499,6120,10989,6115,110954
2020-06-03 09:25:09.790000,6125.86,6125,58235,6130,107201,6120,43953,6115,110954
2020-06-03 09:25:10.830000,6125.86,6125,50635,6130,109201,6120,43953,6115,110554
2020-06-03 09:25:11.890000,6125.86,6125,58235,6130,107201,6120,39723,6115,110554
2020-06-03 09:25:12.910000,6125.86,6125,68141,6130,103499,6120,48121,6115,97590
2020-06-03 09:25:13.270000,6125.86,6125,68141,6130,103499,6120,26528,6115,97590
2020-06-03 09:25:14.030000,6125.86,6120,43407,6125,81105,6115,85288,6110,99100
2020-06-03 09:25:15.030000,6125.86,6120,40707,6125,81107,6115,81109,6110,99100
2020-06-03 09:25:16.110000,6125.86,6120,15752,6125,81107,6115,96411,6110,95398
2020-06-03 09:25:16.530000,6126.4,6120,1000,6125,68143,6115,84811,6110,95398
2020-06-03 09:25:17.600000,6125.32,6120,1000,6125,68243,6115,89811,6110,95398
2020-06-03 09:25:18.220000,6123.7,6120,6000,6125,81207,6115,89811,6110,95398
2020-06-03 09:25:19.220000,6124.78,6120,46416,6125,81207,6115,57881,6110,107100
2020-06-03 09:25:20.310000,6124.78,6120,50407,6125,81407,6115,57881,6110,107100
2020-06-03 09:25:20.770000,6124.78,6120,52417,6125,79407,6115,34723,6110,107100
2020-06-03 09:25:21.880000,6124.78,6120,50417,6125,81507,6115,55035,6110,107100
2020-06-03 09:25:22.860000,6124.78,6120,50580,6125,81507,6115,55060,6110,107100
2020-06-03 09:25:23.620000,6124.78,6120,51480,6125,81507,6115,55060,6110,107670
2020-06-03 09:25:24.500000,6124.78,6120,50515,6125,81507,6115,55060,6110,107670
2020-06-03 09:25:25.560000,6124.78,6120,50515,6125,70607,6115,61150,6110,107670
2020-06-03 09:25:26.610000,6122.62,6120,50515,6125,73053,6115,67150,6110,101670
2020-06-03 09:25:27.000000,6121.0,6120,46699,6125,73053,6115,61150,6110,107670
2020-06-03 09:25:28.220000,6122.08,6120,46699,6125,73053,6115,55600,6110,107670
2020-06-03 09:25:28.640000,6122.08,6120,46699,6125,73053,6115,58100,6110,107670
2020-06-03 09:25:29.690000,6121.54,6120,46699,6125,74689,6115,58100,6110,107670
2020-06-03 09:25:30.810000,6121.54,6120,64844,6125,70658,6115,58600,6110,132697
2020-06-03 09:25:31.860000,6121.54,6120,55532,6125,74360,6115,59090,6110,132747
2020-06-03 09:25:32.360000,6121.54,6120,64834,6125,70658,6115,59090,6110,132747
2020-06-03 09:25:33.360000,6121.54,6120,64834,6125,76658,6115,58609,6110,132747
2020-06-03 09:25:34.470000,6121.54,6120,71354,6125,76658,6115,58609,6110,119783
2020-06-03 09:25:35.030000,6121.54,6120,70259,6125,76454,6115,58654,6110,119733
2020-06-03 09:25:36.040000,6121.54,6120,53957,6125,82156,6115,58684,6110,132697
2020-06-03 09:25:37.040000,6121.54,6120,53957,6125,82156,6115,58685,6110,132697
2020-06-03 09:25:37.450000,6121.0,6120,53925,6125,82156,6115,76424,6110,125397
2020-06-03 09:25:38.230000,6120.46,6120,53893,6125,82156,6115,75424,6110,125397
2020-06-03 09:25:39.230000,6121.0,6120,54392,6125,81656,6115,69424,6110,131407
2020-06-03 09:25:39.700000,6121.0,6120,55091,6125,81656,6115,115036,6110,131407
2020-06-03 09:25:40.870000,6121.0,6120,42987,6125,84896,6115,129722,6110,123407
2020-06-03 09:25:41.930000,6121.0,6120,31747,6125,84896,6115,129722,6110,123407
2020-06-03 09:25:42.460000,6121.0,6125,100533,6130,91879,6120,54594,6115,144382
2020-06-03 09:25:43.460000,6121.0,6125,68869,6130,91879,6120,78687,6115,157346
2020-06-03 09:25:44.480000,6121.0,6125,68368,6130,91879,6120,78687,6115,158580
2020-06-03 09:25:44.760000,6121.0,6125,86769,6130,91879,6120,78677,6115,145616
2020-06-03 09:25:45.590000,6121.0,6125,51422,6130,97581,6120,93002,6115,158580
2020-06-03 09:25:46.650000,6123.16,6125,43436,6130,97581,6120,63002,6115,158580
2020-06-03 09:25:47.200000,6124.78,6125,45054,6130,97581,6120,57402,6115,158580
2020-06-03 09:25:48.180000,6126.4,6125,68694,6130,95581,6120,57402,6115,168830
2020-06-03 09:25:48.660000,6128.02,6125,44787,6130,97581,6120,64402,6115,168830
2020-06-03 09:25:49.840000,6128.56,6125,39403,6130,97581,6120,83103,6115,160830
2020-06-03 09:25:50.290000,6128.56,6125,31409,6130,97581,6120,87446,6115,160830
2020-06-03 09:25:51.370000,6128.56,6125,49468,6130,97781,6120,68846,6115,168830
2020-06-03 09:25:52.430000,6128.56,6125,44127,6130,97781,6120,58803,6115,168830
2020-06-03 09:25:52.930000,6128.56,6125,36466,6130,97781,6120,82403,6115,160830
2020-06-03 09:25:54.020000,6128.56,6125,36475,6130,97781,6120,63803,6115,168830
2020-06-03 09:25:55.020000,6128.56,6125,33433,6130,84817,6120,87446,6115,160830
2020-06-03 09:25:55.430000,6128.56,6125,33433,6130,84817,6120,87436,6115,160830
2020-06-03 09:25:56.570000,6128.02,6125,33433,6130,84817,6120,87437,6115,160830
2020-06-03 09:25:57.470000,6128.02,6125,40859,6130,84817,6120,87437,6115,152718
2020-06-03 09:25:57.740000,6128.56,6125,41658,6130,84817,6120,87537,6115,152718
2020-06-03 09:25:58.710000,6130.18,6125,41157,6130,97781,6120,87337,6115,152718
2020-06-03 09:25:59.790000,6130.18,6125,66445,6130,97781,6120,63537,6115,159718
2020-06-03 09:26:00.830000,6130.18,6125,69764,6130,97781,6120,58494,6115,159718
2020-06-03 09:26:01.930000,6130.18,6125,80599,6130,95781,6120,58460,6115,159718
2020-06-03 09:26:02.960000,6130.18,6125,80599,6130,95781,6120,54846,6115,159718
2020-06-03 09:26:03.960000,6130.18,6125,80599,6130,95781,6120,44846,6115,159718
2020-06-03 09:26:05.000000,6130.18,6125,80599,6130,95781,6120,44846,6115,159718
2020-06-03 09:26:05.990000,6130.18,6125,80269,6130,95781,6120,44846,6115,159718
2020-06-03 09:26:06.460000,6126.4,6125,79919,6130,95781,6120,38046,6115,159718
2020-06-03 09:26:07.630000,6125.32,6125,72119,6130,97781,6120,43055,6115,159718
2020-06-03 09:26:08.050000,6125.32,6125,52619,6130,97781,6120,65361,6115,151718
2020-06-03 09:26:09.190000,6127.48,6125,53960,6130,84817,6120,70404,6115,152683
2020-06-03 09:26:10.220000,6128.02,6125,50998,6130,97781,6120,70354,6115,152683
2020-06-03 09:26:10.660000,6128.02,6125,50982,6130,97781,6120,57354,6115,160683
2020-06-03 09:26:11.830000,6128.02,6125,50982,6130,97781,6120,64654,6115,158685
2020-06-03 09:26:12.800000,6128.02,6125,49410,6130,97781,6120,67570,6115,158685
2020-06-03 09:26:13.860000,6128.02,6125,45174,6130,84817,6120,73570,6115,152685
2020-06-03 09:26:14.830000,6128.02,6125,45184,6130,84817,6120,73570,6115,152695
2020-06-03 09:26:15.220000,6128.02,6125,23014,6130,85017,6120,77289,6115,148993
2020-06-03 09:26:16.010000,6128.02,6125,19991,6130,85017,6120,77291,6115,148993
2020-06-03 09:26:16.980000,6128.02,6125,19787,6130,85017,6120,77291,6115,148993
2020-06-03 09:26:17.500000,6129.1,6125,19787,6130,85017,6120,77291,6115,148996
2020-06-03 09:26:18.650000,6129.64,6130,85715,6135,89789,6125,68184,6120,112350
2020-06-03 09:26:19.140000,6130.72,6130,63213,6135,91789,6125,73252,6120,109071
2020-06-03 09:26:20.120000,6130.72,6130,63213,6135,91789,6125,76482,6120,109081
2020-06-03 09:26:21.090000,6130.72,6130,77413,6135,91789,6125,77303,6120,109081
2020-06-03 09:26:21.530000,6130.72,6130,63213,6135,91789,6125,114649,6120,101081
2020-06-03 09:26:22.400000,6130.72,6130,55398,6135,91789,6125,69049,6120,109084
2020-06-03 09:26:23.260000,6130.72,6130,83456,6135,89789,6125,45134,6120,103184
2020-06-03 09:26:24.400000,6130.72,6130,81456,6135,87707,6125,45847,6120,103184
2020-06-03 09:26:24.970000,6130.72,6130,81456,6135,87707,6125,45847,6120,103184
2020-06-03 09:26:25.990000,6130.72,6130,59856,6135,87707,6125,51611,6120,103184
2020-06-03 09:26:27.020000,6131.8,6130,67755,6135,87707,6125,50795,6120,103184
2020-06-03 09:26:27.430000,6132.34,6130,76854,6135,87707,6125,45195,6120,103184
2020-06-03 09:26:28.570000,6132.34,6130,76954,6135,87911,6125,44482,6120,103184
2020-06-03 09:26:28.850000,6132.34,6130,83964,6135,85911,6125,27033,6120,103184
2020-06-03 09:26:29.630000,6132.34,6130,76964,6135,87911,6125,25470,6120,103184
2020-06-03 09:26:30.630000,6132.34,6130,85477,6135,87911,6125,21924,6120,103189
2020-06-03 09:26:31.660000,6132.34,6130,86897,6135,87911,6125,32505,6120,97389
2020-06-03 09:26:32.130000,6132.34,6130,98893,6135,85911,6125,7920,6120,103389
2020-06-03 09:26:33.220000,6132.34,6130,108394,6135,82209,6125,8656,6120,103389
2020-06-03 09:26:34.300000,6132.34,6130,108394,6135,82209,6125,1490,6120,103389
2020-06-03 09:26:34.890000,6132.34,6125,29262,6130,105894,6120,90425,6115,148986
2020-06-03 09:26:35.890000,6132.34,6125,4274,6130,104394,6120,90475,6115,148986
2020-06-03 09:26:36.960000,6132.88,6130,104394,6135,82209,6125,6513,6120,90475
2020-06-03 09:26:37.990000,6131.26,6125,41695,6130,110558,6120,79778,6115,158688
2020-06-03 09:26:38.250000,6130.18,6125,41237,6130,110558,6120,76578,6115,149689
2020-06-03 09:26:39.060000,6130.18,6125,41239,6130,118528,6120,76578,6115,149689
2020-06-03 09:26:40.080000,6129.1,6125,14325,6130,105564,6120,80480,6115,145987
2020-06-03 09:26:41.030000,6129.1,6130,105514,6135,84655,6125,50238,6120,80480
2020-06-03 09:26:41.440000,6129.1,6130,105509,6135,84655,6125,24788,6120,77279
2020-06-03 09:26:42.670000,6129.1,6130,113009,6135,84655,6125,24788,6120,77279
2020-06-03 09:26:43.590000,6129.1,6125,1360,6130,106909,6120,79279,6115,149689
2020-06-03 09:26:44.030000,6129.1,6130,106909,6135,84655,6120,79279,6115,149689
2020-06-03 09:26:44.930000,6129.1,6130,112999,6135,84655,6125,26450,6120,82981
2020-06-03 09:26:45.820000,6129.1,6130,111399,6135,84655,6125,26450,6120,96000
2020-06-03 09:26:46.870000,6129.64,6130,112799,6135,84655,6125,25647,6120,96000
2020-06-03 09:26:47.370000,6129.64,6125,34303,6130,105299,6120,96000,6115,146487
2020-06-03 09:26:48.450000,6130.18,6125,34203,6130,105299,6120,83066,6115,146487
2020-06-03 09:26:49.460000,6130.18,6125,34203,6130,105299,6120,96208,6115,146487
2020-06-03 09:26:49.760000,6130.72,6130,98297,6135,88357,6125,25000,6120,96208
2020-06-03 09:26:50.620000,6130.72,6130,88997,6135,90357,6125,46250,6120,96313
2020-06-03 09:26:51.590000,6130.72,6130,95153,6135,86732,6125,46250,6120,96313
2020-06-03 09:26:52.630000,6130.72,6130,85751,6135,90434,6125,46550,6120,96313
2020-06-03 09:26:53.050000,6130.72,6130,85751,6135,90434,6125,46550,6120,96613
2020-06-03 09:26:53.820000,6130.72,6130,76051,6135,90444,6125,62309,6120,96613
2020-06-03 09:26:54.730000,6130.72,6130,77327,6135,90482,6125,62309,6120,96613
2020-06-03 09:26:55.770000,6130.72,6130,77327,6135,90482,6125,59309,6120,96613
2020-06-03 09:26:56.830000,6131.26,6130,77327,6135,90482,6125,59299,6120,96613
2020-06-03 09:26:57.130000,6131.8,6130,77320,6135,90482,6125,73299,6120,88613
2020-06-03 09:26:57.820000,6133.42,6130,77320,6135,90482,6125,76590,6120,88613
2020-06-03 09:26:58.460000,6133.42,6130,77524,6135,90278,6125,76840,6120,88613
2020-06-03 09:26:59.440000,6133.42,6130,77524,6135,90278,6125,81855,6120,88613
2020-06-03 09:27:00.020000,6133.42,6130,80523,6135,90278,6125,79840,6120,88613
2020-06-03 09:27:01.040000,6133.42,6130,80523,6135,77314,6125,84855,6120,88613
2020-06-03 09:27:02.040000,6133.42,6130,53273,6135,77314,6125,91557,6120,86896
2020-06-03 09:27:03.110000,6133.42,6130,36764,6135,82337,6125,109531,6120,86696
2020-06-03 09:27:03.520000,6133.42,6135,82530,6140,105386,6130,61072,6125,125933
2020-06-03 09:27:04.220000,6133.42,6135,57405,6140,114711,6130,71812,6125,126096
2020-06-03 09:27:05.180000,6133.42,6135,82620,6140,114711,6130,72056,6125,126096
2020-06-03 09:27:06.210000,6133.42,6135,82620,6140,114711,6130,72870,6125,126096
2020-06-03 09:27:06.470000,6135.04,6135,80174,6140,114711,6130,73743,6125,126096
2020-06-03 09:27:07.470000,6135.58,6135,63675,6140,114711,6130,73743,6125,126096
2020-06-03 09:27:08.280000,6137.74,6135,54450,6140,114711,6130,92219,6125,118096
2020-06-03 09:27:09.380000,6137.74,6135,54450,6140,114712,6130,79940,6125,126146
2020-06-03 09:27:09.850000,6138.28,6135,54500,6140,114612,6130,88340,6125,118146
2020-06-03 09:27:10.940000,6138.28,6135,54500,6140,114612,6130,88340,6125,118146
2020-06-03 09:27:11.890000,6138.28,6135,51999,6140,114612,6130,93534,6125,118196
2020-06-03 09:27:12.300000,6138.28,6135,51997,6140,114612,6130,96992,6125,114499
2020-06-03 09:27:13.230000,6138.28,6135,51989,6140,101648,6130,98938,6125,114499
2020-06-03 09:27:14.030000,6138.28,6135,31948,6140,101648,6130,100938,6125,114249
2020-06-03 09:27:15.230000,6138.28,6135,51987,6140,101648,6130,100938,6125,114249
2020-06-03 09:27:15.560000,6138.28,6135,52087,6140,101548,6130,102938,6125,114249
2020-06-03 09:27:16.700000,6138.28,6135,52538,6140,101548,6130,109044,6125,114249
2020-06-03 09:27:17.670000,6138.82,6135,52394,6140,101548,6130,109044,6125,114599
2020-06-03 09:27:17.960000,6139.9,6135,28842,6140,101548,6130,121841,6125,114599
2020-06-03 09:27:18.870000,6139.9,6135,22919,6140,101548,6130,121843,6125,114599
2020-06-03 09:27:19.900000,6139.9,6140,116748,6145,114453,6135,25046,6130,117743
2020-06-03 09:27:20.340000,6139.9,6140,97848,6145,114453,6135,26701,6130,117747
2020-06-03 09:27:21.410000,6139.9,6140,90148,6145,114453,6135,38973,6130,117747
2020-06-03 09:27:22.520000,6139.9,6140,77538,6145,114453,6135,38973,6130,117847
2020-06-03 09:27:23.040000,6139.9,6140,66733,6145,118155,6135,55361,6130,117847
2020-06-03 09:27:24.160000,6139.9,6140,32443,6145,126880,6135,77097,6130,106145
2020-06-03 09:27:25.160000,6139.9,6140,31028,6145,113916,6135,92263,6130,106145
2020-06-03 09:27:25.630000,6139.9,6140,30866,6145,113916,6135,73299,6130,112145
2020-06-03 09:27:26.740000,6141.52,6140,73180,6145,126880,6135,69699,6130,115897
2020-06-03 09:27:27.710000,6142.6,6140,98454,6145,126880,6135,36277,6130,116151
2020-06-03 09:27:28.220000,6142.6,6140,101252,6145,126880,6135,30727,6130,116156
2020-06-03 09:27:29.370000,6142.6,6140,101251,6145,127264,6135,30662,6130,116156
2020-06-03 09:27:30.320000,6142.6,6140,98573,6145,127264,6135,30662,6130,116456
2020-06-03 09:27:30.550000,6142.6,6140,106348,6145,129727,6135,30187,6130,116456
2020-06-03 09:27:31.400000,6142.6,6140,112070,6145,126025,6135,29886,6130,116456
2020-06-03 09:27:32.460000,6142.6,6140,103368,6145,129727,6135,79586,6130,116456
2020-06-03 09:27:33.130000,6142.6,6140,114060,6145,126025,6135,80094,6130,116456
2020-06-03 09:27:34.020000,6142.6,6140,111460,6145,126025,6135,81299,6130,116456
2020-06-03 09:27:35.100000,6142.6,6140,124062,6145,124025,6135,69619,6130,103492
2020-06-03 09:27:36.070000,6142.6,6140,116462,6145,126025,6135,69824,6130,116456
2020-06-03 09:27:36.430000,6142.6,6140,116962,6145,126025,6135,69824,6130,116456
2020-06-03 09:27:37.190000,6141.52,6140,127348,6145,126025,6135,69674,6130,116606
2020-06-03 09:27:38.210000,6141.52,6140,135128,6145,123025,6135,56869,6130,103642
2020-06-03 09:27:38.630000,6141.52,6140,135128,6145,123025,6135,57107,6130,103642
2020-06-03 09:27:39.360000,6141.52,6140,135628,6145,123025,6135,57162,6130,103642
2020-06-03 09:27:40.310000,6141.52,6140,134797,6145,123125,6135,56831,6130,103642
2020-06-03 09:27:40.720000,6141.52,6135,20041,6140,100278,6130,91442,6125,114469
2020-06-03 09:27:41.940000,6141.52,6135,19641,6140,100278,6130,91442,6125,114469
2020-06-03 09:27:42.350000,6141.52,6135,6079,6140,100278,6130,104606,6125,114469
2020-06-03 09:27:43.550000,6141.52,6135,15396,6140,100028,6130,100506,6125,114469
2020-06-03 09:27:43.830000,6141.52,6135,17596,6140,100028,6130,87542,6125,114469
2020-06-03 09:27:44.560000,6141.52,6135,1,6140,88728,6130,100539,6125,114969
2020-06-03 09:27:45.590000,6141.52,6135,30597,6140,96278,6130,87575,6125,114969
2020-06-03 09:27:46.530000,6140.44,6135,26250,6140,96278,6130,87575,6125,115019
2020-06-03 09:27:47.620000,6140.98,6135,14016,6140,92078,6130,87575,6125,115019
2020-06-03 09:27:48.690000,6139.9,6135,35266,6140,92078,6130,87575,6125,115019
2020-06-03 09:27:48.920000,6139.9,6135,35766,6140,92078,6130,77605,6125,115019
2020-06-03 09:27:49.730000,6139.9,6135,35766,6140,105142,6130,71605,6125,121074
2020-06-03 09:27:50.330000,6139.9,6135,9546,6140,105242,6130,77617,6125,115074
2020-06-03 09:27:51.260000,6139.9,6135,45850,6140,81952,6130,77617,6125,123064
2020-06-03 09:27:52.360000,6139.9,6135,43822,6140,81952,6130,77617,6125,123114
2020-06-03 09:27:52.810000,6139.9,6135,54119,6140,81962,6130,77619,6125,123114
2020-06-03 09:27:53.480000,6139.9,6135,56565,6140,81962,6130,80619,6125,123114
2020-06-03 09:27:54.450000,6139.9,6135,56565,6140,81962,6130,80639,6125,123114
2020-06-03 09:27:55.450000,6139.9,6135,59015,6140,79512,6130,80639,6125,123115
2020-06-03 09:27:55.720000,6139.9,6140,53910,6145,124297,6135,5857,6130,103353
2020-06-03 09:27:56.530000,6139.9,6140,49910,6145,124297,6135,6857,6130,103354
2020-06-03 09:27:57.620000,6139.9,6140,60010,6145,124337,6135,6357,6130,103354
2020-06-03 09:27:58.030000,6139.9,6140,60011,6145,124337,6135,36635,6130,97354
2020-06-03 09:27:59.200000,6142.06,6140,43910,6145,125338,6135,53450,6130,92152
2020-06-03 09:27:59.620000,6142.06,6140,45500,6145,125338,6135,53450,6130,92202
2020-06-03 09:28:00.760000,6143.68,6140,50499,6145,125343,6135,53613,6130,92202
2020-06-03 09:28:01.790000,6143.68,6140,45900,6145,125343,6135,53713,6130,92669
2020-06-03 09:28:02.320000,6143.68,6140,42162,6145,125343,6135,50011,6130,93934
2020-06-03 09:28:03.350000,6143.68,6140,42142,6145,125343,6135,42011,6130,101934
2020-06-03 09:28:04.390000,6143.68,6140,56642,6145,125343,6135,37011,6130,101934
2020-06-03 09:28:04.890000,6143.68,6140,61442,6145,125343,6135,13685,6130,101934
2020-06-03 09:28:05.980000,6143.68,6140,73744,6145,118641,6135,2628,6130,88970
2020-06-03 09:28:06.980000,6144.22,6140,81044,6145,116188,6135,1,6130,102137
2020-06-03 09:28:07.430000,6143.14,6135,46060,6140,81039,6130,79273,6125,114972
2020-06-03 09:28:08.490000,6139.9,6135,12748,6140,81039,6130,79273,6125,114972
2020-06-03 09:28:08.930000,6139.9,6135,39378,6140,81385,6130,79273,6125,114972
2020-06-03 09:28:09.700000,6139.36,6135,34428,6140,81385,6130,79423,6125,114972
2020-06-03 09:28:10.730000,6139.36,6135,8206,6140,81385,6130,81870,6125,114972
2020-06-03 09:28:11.350000,6139.36,6135,8206,6140,81385,6130,81870,6125,114972
2020-06-03 09:28:12.320000,6139.36,6135,8695,6140,81385,6130,94844,6125,114972
2020-06-03 09:28:13.370000,6139.36,6135,10948,6140,78932,6130,81880,6125,114972
2020-06-03 09:28:14.430000,6139.36,6135,7407,6140,79009,6130,81381,6125,114972
2020-06-03 09:28:14.850000,6139.36,6135,47709,6140,91973,6130,81386,6125,114972
2020-06-03 09:28:15.990000,6139.36,6135,44213,6140,91973,6130,81386,6125,113738
2020-06-03 09:28:16.930000,6139.36,6135,9273,6140,89659,6130,81386,6125,113738
2020-06-03 09:28:17.260000,6140.44,6135,9255,6140,89679,6130,81386,6125,113738
2020-06-03 09:28:17.990000,6139.36,6135,41380,6140,90479,6130,80886,6125,113738
2020-06-03 09:28:19.040000,6140.44,6135,45685,6140,90489,6130,81736,6125,113738
2020-06-03 09:28:19.600000,6139.9,6135,42013,6140,103453,6130,82391,6125,113738
2020-06-03 09:28:20.750000,6139.9,6135,42013,6140,103453,6130,82452,6125,113738
2020-06-03 09:28:21.190000,6139.9,6135,41990,6140,103453,6130,82712,6125,113768
2020-06-03 09:28:22.350000,6139.9,6135,43915,6140,99606,6130,65289,6125,125470
2020-06-03 09:28:23.390000,6139.9,6135,52547,6140,95904,6130,54785,6125,125470
2020-06-03 09:28:24.430000,6139.9,6135,51695,6140,99606,6130,54785,6125,125470
2020-06-03 09:28:24.960000,6139.9,6135,55541,6140,99606,6130,54835,6125,125470
2020-06-03 09:28:25.990000,6139.9,6135,59071,6140,95904,6130,54835,6125,125870
2020-06-03 09:28:26.970000,6137.2,6135,67689,6140,93904,6130,63305,6125,125970
2020-06-03 09:28:27.580000,6137.74,6135,67898,6140,93904,6130,37055,6125,125970
2020-06-03 09:28:28.550000,6135.04,6135,68195,6140,93904,6130,30316,6125,113006
2020-06-03 09:28:29.550000,6135.04,6135,70876,6140,93934,6130,22171,6125,113006
2020-06-03 09:28:29.830000,6135.04,6130,31250,6135,70878,6125,92904,6120,82855
2020-06-03 09:28:30.670000,6135.04,6130,28750,6135,67031,6125,88824,6120,82855
2020-06-03 09:28:31.700000,6135.04,6130,32474,6135,67131,6125,88824,6120,82855
2020-06-03 09:28:32.750000,6135.04,6130,34869,6135,67131,6125,92526,6120,79153
2020-06-03 09:28:33.190000,6135.04,6130,11416,6135,67081,6125,92526,6120,79153
2020-06-03 09:28:34.360000,6135.04,6135,67063,6140,94323,6130,45754,6125,111290
2020-06-03 09:28:34.730000,6135.04,6135,50761,6140,100025,6130,45754,6125,111290
2020-06-03 09:28:35.940000,6135.04,6135,52111,6140,100025,6130,38554,6125,111290
2020-06-03 09:28:36.360000,6135.04,6135,49711,6140,100025,6130,46173,6125,111290
2020-06-03 09:28:37.470000,6135.04,6135,56911,6140,100025,6130,41965,6125,119295
2020-06-03 09:28:38.450000,6137.2,6135,68213,6140,94323,6130,14101,6125,115595
2020-06-03 09:28:38.690000,6137.2,6135,61013,6140,96323,6130,41351,6125,109625
2020-06-03 09:28:39.550000,6136.66,6135,54611,6140,100025,6130,35351,6125,115625
2020-06-03 09:28:40.000000,6136.66,6135,54611,6140,100125,6130,35351,6125,114630
2020-06-03 09:28:40.760000,6136.66,6135,58813,6140,96423,6130,36336,6125,114630
2020-06-03 09:28:41.730000,6136.66,6135,72013,6140,94423,6130,1234,6125,114630
2020-06-03 09:28:42.790000,6136.66,6135,72013,6140,94423,6130,1,6125,112530
2020-06-03 09:28:43.220000,6136.66,6135,64413,6140,96423,6130,45950,6125,106531
2020-06-03 09:28:44.360000,6136.66,6135,54011,6140,100125,6130,39939,6125,112531
2020-06-03 09:28:44.860000,6136.66,6135,54011,6140,100125,6130,39939,6125,112531
2020-06-03 09:28:45.930000,6136.66,6135,63913,6140,106423,6130,40439,6125,112531
2020-06-03 09:28:46.400000,6136.66,6135,84814,6140,104423,6130,31439,6125,112531
2020-06-03 09:28:47.470000,6135.58,6135,84814,6140,104423,6130,550,6125,99567
2020-06-03 09:28:48.530000,6136.12,6130,23934,6135,84814,6125,99567,6120,78153
2020-06-03 09:28:48.920000,6136.12,6130,28331,6135,84814,6125,99567,6120,78153
2020-06-03 09:28:50.150000,6134.5,6130,28331,6135,84814,6125,95865,6120,81905
2020-06-03 09:28:50.640000,6134.5,6130,33626,6135,107766,6125,88385,6120,83905
2020-06-03 09:28:51.780000,6134.5,6130,38840,6135,107766,6125,90384,6120,81905
2020-06-03 09:28:52.740000,6134.5,6130,28364,6135,94822,6125,94086,6120,78203
2020-06-03 09:28:53.320000,6134.5,6130,28864,6135,94922,6125,94086,6120,78204
2020-06-03 09:28:54.310000,6134.5,6130,28864,6135,94922,6125,94086,6120,78204
2020-06-03 09:28:54.730000,6134.5,6130,33864,6135,94922,6125,90384,6120,81906
2020-06-03 09:28:55.430000,6134.5,6130,52889,6135,107886,6125,77784,6120,84406
2020-06-03 09:28:56.420000,6133.96,6130,57689,6135,108086,6125,71784,6120,90406
2020-06-03 09:28:57.480000,6133.96,6130,69361,6135,101984,6125,39519,6120,90406
2020-06-03 09:28:58.020000,6132.34,6130,69361,6135,101984,6125,30794,6120,90406
2020-06-03 09:28:59.040000,6132.34,6130,69358,6135,101984,6125,29277,6120,98295
2020-06-03 09:29:00.100000,6132.34,6130,69358,6135,101984,6125,29277,6120,98295
2020-06-03 09:29:00.510000,6132.34,6130,70951,6135,101984,6125,28687,6120,101295
2020-06-03 09:29:01.740000,6132.34,6130,70951,6135,101984,6125,27312,6120,101295
2020-06-03 09:29:02.340000,6132.34,6130,70951,6135,101984,6125,53562,6120,101295
2020-06-03 09:29:03.240000,6132.34,6130,70961,6135,101984,6125,24226,6120,101295
2020-06-03 09:29:04.330000,6132.34,6130,70963,6135,101984,6120,101295,6115,119328
2020-06-03 09:29:05.350000,6132.34,6130,70963,6135,104416,6125,901,6120,88431
2020-06-03 09:29:05.720000,6130.72,6130,71218,6135,104216,6125,39310,6120,101399
2020-06-03 09:29:06.560000,6130.72,6130,58618,6135,106216,6125,43060,6120,101399
2020-06-03 09:29:07.420000,6130.72,6130,71218,6135,104221,6125,43060,6120,101399
2020-06-03 09:29:08.620000,6132.34,6130,71218,6135,104221,6125,19310,6120,101399
2020-06-03 09:29:08.980000,6132.34,6130,72018,6135,103421,6125,18952,6120,88435
2020-06-03 09:29:10.190000,6130.72,6130,72018,6135,103421,6125,17183,6120,88435
2020-06-03 09:29:11.200000,6130.72,6125,35608,6130,85122,6120,88435,6115,119428
2020-06-03 09:29:11.530000,6130.72,6125,37508,6130,84738,6120,88435,6115,119428
2020-06-03 09:29:12.460000,6130.72,6125,32047,6130,84738,6120,88435,6115,119428
2020-06-03 09:29:13.230000,6130.72,6125,5320,6130,71774,6120,88435,6115,119948
2020-06-03 09:29:14.430000,6130.72,6130,71774,6135,113431,6125,37392,6120,101449
2020-06-03 09:29:14.930000,6130.72,6130,65825,6135,115131,6125,36392,6120,101449
2020-06-03 09:29:15.940000,6130.72,6130,65825,6135,115131,6125,36392,6120,101449
2020-06-03 09:29:16.980000,6130.72,6130,65825,6135,115131,6125,36392,6120,101449
2020-06-03 09:29:17.380000,6129.64,6130,58009,6135,115131,6125,39826,6120,101549
2020-06-03 09:29:18.570000,6131.26,6130,49307,6135,118833,6125,45774,6120,95549
2020-06-03 09:29:19.050000,6131.8,6130,49307,6135,118833,6125,53274,6120,96549
2020-06-03 09:29:20.080000,6131.8,6130,49307,6135,118834,6125,42774,6120,102549
2020-06-03 09:29:20.760000,6131.8,6130,54297,6135,118834,6125,47964,6120,102549
2020-06-03 09:29:21.580000,6131.8,6130,54297,6135,118834,6125,48264,6120,102549
2020-06-03 09:29:22.720000,6131.8,6130,60599,6135,113132,6125,43472,6120,102549
2020-06-03 09:29:23.320000,6131.8,6130,59999,6135,113132,6125,43599,6120,102554
2020-06-03 09:29:24.190000,6131.8,6130,64799,6135,113132,6125,43599,6120,107554
2020-06-03 09:29:25.240000,6131.8,6130,64799,6135,113132,6125,43499,6120,107554
2020-06-03 09:29:25.600000,6132.88,6130,64799,6135,113132,6125,37395,6120,107554
2020-06-03 09:29:26.380000,6132.88,6130,64799,6135,113132,6125,37355,6120,107554
2020-06-03 09:29:27.430000,6132.88,6130,64799,6135,113132,6125,37130,6120,107655
2020-06-03 09:29:27.860000,6132.88,6130,70399,6135,113132,6125,7521,6120,107655
2020-06-03 09:29:29.000000,6132.88,6130,70381,6135,113132,6125,1645,6120,94691
2020-06-03 09:29:29.410000,6131.8,6125,944,6130,70381,6120,94691,6115,116048
2020-06-03 09:29:30.570000,6131.8,6130,70381,6135,113132,6125,42051,6120,107655
2020-06-03 09:29:31.070000,6131.8,6130,57781,6135,115132,6125,49438,6120,101655
2020-06-03 09:29:32.170000,6131.8,6130,54079,6135,118834,6125,42428,6120,107655
2020-06-03 09:29:33.190000,6131.8,6130,54079,6135,118834,6125,42428,6120,107778
2020-06-03 09:29:33.640000,6131.8,6130,49079,6135,118834,6125,75712,6120,101778
2020-06-03 09:29:34.750000,6131.8,6130,49095,6135,118834,6125,75712,6120,101778
2020-06-03 09:29:35.800000,6131.8,6130,49095,6135,118834,6125,82912,6120,99778
2020-06-03 09:29:36.160000,6131.8,6130,49605,6135,118834,6125,75912,6120,101778
2020-06-03 09:29:37.410000,6132.34,6130,49604,6135,118834,6125,75912,6120,101778
2020-06-03 09:29:37.690000,6132.88,6130,49604,6135,118834,6125,70312,6120,101778
2020-06-03 09:29:38.450000,6133.42,6130,49515,6135,118834,6125,70260,6120,101778
2020-06-03 09:29:39.500000,6133.42,6130,49515,6135,118834,6125,64860,6120,107778
2020-06-03 09:29:39.860000,6133.42,6130,49515,6135,118934,6125,64860,6120,107978
2020-06-03 09:29:40.670000,6133.42,6130,49515,6135,118934,6125,64860,6120,108028
2020-06-03 09:29:41.460000,6133.42,6130,65217,6135,113232,6125,51565,6120,108028
2020-06-03 09:29:42.740000,6133.42,6130,66417,6135,113232,6125,49065,6120,108038
2020-06-03 09:29:43.210000,6133.42,6130,66417,6135,113232,6125,35667,6120,108038
2020-06-03 09:29:44.320000,6133.42,6130,72044,6135,113232,6125,35667,6120,108038
2020-06-03 09:29:45.340000,6133.42,6130,72044,6135,113232,6125,35667,6120,108038
2020-06-03 09:29:45.590000,6133.42,6130,72244,6135,111732,6125,33657,6120,108038
2020-06-03 09:29:46.460000,6132.34,6130,72792,6135,111732,6125,33697,6120,108048
2020-06-03 09:29:47.190000,6132.34,6130,72792,6135,111732,6125,33697,6120,108048
2020-06-03 09:29:47.970000,6132.34,6130,72792,6135,111732,6125,33797,6120,108048
2020-06-03 09:29:49.050000,6132.34,6130,72792,6135,111732,6125,6354,6120,90117
2020-06-03 09:29:49.460000,6130.72,6125,25809,6130,72792,6120,90117,6115,122768
2020-06-03 09:29:50.630000,6130.72,6125,20865,6130,72776,6120,90117,6115,122768
2020-06-03 09:29:50.960000,6130.72,6125,3030,6130,71425,6120,103081,6115,122268
2020-06-03 09:29:52.190000,6130.72,6130,71425,6135,109465,6125,850,6120,90117
2020-06-03 09:29:52.530000,6130.72,6130,71425,6135,109465,6125,28222,6120,103114
2020-06-03 09:29:53.800000,6130.72,6130,66825,6135,111465,6125,28232,6120,103114
2020-06-03 09:29:54.080000,6130.72,6130,63123,6135,115167,6125,27232,6120,103114
2020-06-03 09:29:54.920000,6130.72,6130,61825,6135,111465,6125,38456,6120,103114
2020-06-03 09:29:55.890000,6130.72,6130,58040,6135,125167,6125,37698,6120,103114
2020-06-03 09:29:56.940000,6130.72,6130,66742,6135,121465,6125,37598,6120,103124
2020-06-03 09:29:57.520000,6132.34,6130,65542,6135,121965,6125,37098,6120,103124
2020-06-03 09:29:58.480000,6131.8,6130,73142,6135,119965,6125,41998,6120,103124
2020-06-03 09:29:58.770000,6131.8,6130,73142,6135,119965,6125,36755,6120,103124
2020-06-03 09:29:59.550000,6131.26,6130,70942,6135,121965,6125,36754,6120,103124
2020-06-03 09:30:00.580000,6131.26,6130,72942,6135,119965,6125,5020,6120,103124
2020-06-03 09:30:01.610000,6131.26,6130,72942,6135,119965,6125,5020,6120,103162
2020-06-03 09:30:02.140000,6131.26,6125,20014,6130,91551,6120,90198,6115,122038
2020-06-03 09:30:03.190000,6131.26,6125,20014,6130,91551,6120,90198,6115,122038
2020-06-03 09:30:04.200000,6131.26,6125,20014,6130,91551,6120,90198,6115,122038
2020-06-03 09:30:05.290000,6131.26,6125,20364,6130,91551,6120,90198,6115,122038
2020-06-03 09:30:06.290000,6131.26,6125,20354,6130,91551,6120,90198,6115,122038
2020-06-03 09:30:06.830000,6130.72,6125,20429,6130,103017,6120,90198,6115,122038
2020-06-03 09:30:07.890000,6130.18,6125,20429,6130,103117,6120,89871,6115,122038
2020-06-03 09:30:08.900000,6130.18,6125,20429,6130,103117,6120,89871,6115,122038
2020-06-03 09:30:09.320000,6130.18,6125,20229,6130,102817,6120,89871,6115,122038
2020-06-03 09:30:10.510000,6130.18,6125,45351,6130,115781,6120,73569,6115,127745
2020-06-03 09:30:11.570000,6130.18,6125,43601,6130,115781,6120,56203,6115,127745
2020-06-03 09:30:12.030000,6130.18,6125,49601,6130,115781,6120,56203,6115,127745
2020-06-03 09:30:13.150000,6130.18,6125,63592,6130,110079,6120,20211,6115,133745
2020-06-03 09:30:13.590000,6130.18,6125,63592,6130,110079,6120,20131,6115,133745
2020-06-03 09:30:14.670000,6130.18,6125,63592,6130,110079,6120,38561,6115,134245
2020-06-03 09:30:15.200000,6130.18,6125,63592,6130,110079,6120,39261,6115,134245
2020-06-03 09:30:17.230000,6126.4,6125,63592,6130,110079,6120,36110,6115,134245
2020-06-03 09:30:17.520000,6126.4,6125,63592,6130,110079,6120,36110,6115,142970
2020-06-03 09:30:18.430000,6126.4,6125,63592,6130,110079,6120,36010,6115,142970
2020-06-03 09:30:19.450000,6126.4,6125,52290,6130,115781,6120,36110,6115,142470
2020-06-03 09:30:20.450000,6126.4,6125,52420,6130,115651,6120,36310,6115,142470
2020-06-03 09:30:20.930000,6126.4,6125,54422,6130,113651,6120,38110,6115,142500
2020-06-03 09:30:21.990000,6126.4,6125,52422,6130,115651,6120,38110,6115,142500
2020-06-03 09:30:23.130000,6126.4,6125,63724,6130,109949,6120,16843,6115,142500
2020-06-03 09:30:23.520000,6126.4,6125,63724,6130,109949,6120,46010,6115,142500
2020-06-03 09:30:24.680000,6126.4,6125,63924,6130,109949,6120,45210,6115,142700
2020-06-03 09:30:25.320000,6126.4,6125,63924,6130,109949,6120,37310,6115,142680
2020-06-03 09:30:26.330000,6126.4,6125,63924,6130,109949,6120,37310,6115,142180
2020-06-03 09:30:26.960000,6125.86,6125,63968,6130,109960,6120,15854,6115,142180
2020-06-03 09:30:27.870000,6126.4,6125,52566,6130,125662,6120,37620,6115,142180
2020-06-03 09:30:28.860000,6126.4,6125,52566,6130,125663,6120,37470,6115,138180
2020-06-03 09:30:29.320000,6127.48,6125,67622,6130,116961,6120,34470,6115,138180
2020-06-03 09:30:30.470000,6127.48,6120,27966,6125,67622,6115,125216,6110,102196
2020-06-03 09:30:31.540000,6127.48,6120,33466,6125,80586,6115,116351,6110,106098
2020-06-03 09:30:31.930000,6127.48,6120,38121,6125,80586,6115,108351,6110,114098
2020-06-03 09:30:33.100000,6127.48,6120,48466,6125,80586,6115,98751,6110,108098
2020-06-03 09:30:34.110000,6127.48,6120,49752,6125,80586,6115,90728,6110,108098
2020-06-03 09:30:34.550000,6127.48,6120,49752,6125,80686,6115,94728,6110,114098
2020-06-03 09:30:35.740000,6127.48,6120,55952,6125,80691,6115,79128,6110,114098
2020-06-03 09:30:36.240000,6127.48,6120,74454,6125,86455,6115,76628,6110,122823
2020-06-03 09:30:37.330000,6123.16,6120,80065,6125,86455,6115,56628,6110,109859
2020-06-03 09:30:37.920000,6123.16,6115,37200,6120,93179,6110,111591,6105,102634
2020-06-03 09:30:38.890000,6121.54,6115,33600,6120,93179,6110,111591,6105,102634
2020-06-03 09:30:39.990000,6119.92,6115,6569,6120,94629,6110,111591,6105,102634
2020-06-03 09:30:40.990000,6119.92,6115,21531,6120,94629,6110,111586,6105,102734
2020-06-03 09:30:42.630000,6119.92,6115,24191,6120,94629,6110,105686,6105,108734
2020-06-03 09:30:43.660000,6119.92,6115,29321,6120,94729,6110,103984,6105,106436
2020-06-03 09:30:44.690000,6119.92,6115,29321,6120,94729,6110,104148,6105,106436
2020-06-03 09:30:45.610000,6119.92,6115,24121,6120,94729,6110,107850,6105,102734
2020-06-03 09:30:45.920000,6119.92,6120,94729,6125,86825,6110,107851,6105,102734
2020-06-03 09:30:46.730000,6119.38,6120,94729,6125,86825,6110,113001,6105,97704
2020-06-03 09:30:47.800000,6119.38,6115,28053,6120,97729,6110,109001,6105,97679
2020-06-03 09:30:48.190000,6119.92,6115,37699,6120,97729,6110,99819,6105,101381
2020-06-03 09:30:48.890000,6119.92,6115,37330,6120,97729,6110,99819,6105,101381
2020-06-03 09:30:49.860000,6119.92,6115,39953,6120,97729,6110,99819,6105,101381
2020-06-03 09:30:50.950000,6119.92,6115,46022,6120,97729,6110,100394,6105,101381
2020-06-03 09:30:51.390000,6119.92,6115,46022,6120,97729,6110,92394,6105,109382
2020-06-03 09:30:52.560000,6119.92,6115,46022,6120,97729,6110,100344,6105,101382
2020-06-03 09:30:53.560000,6119.92,6115,40017,6120,97729,6110,99071,6105,97680
2020-06-03 09:30:53.890000,6119.92,6115,40027,6120,97729,6110,97268,6105,97740
2020-06-03 09:30:54.640000,6119.92,6115,39527,6120,97729,6110,96868,6105,98240
2020-06-03 09:30:55.640000,6119.92,6115,39527,6120,97729,6110,96868,6105,98240
2020-06-03 09:30:56.680000,6118.3,6115,39527,6120,97729,6110,96898,6105,98340
2020-06-03 09:30:57.000000,6118.3,6115,39927,6120,97729,6110,96928,6105,98373
2020-06-03 09:30:57.760000,6119.38,6115,44027,6120,97729,6110,93026,6105,102076
2020-06-03 09:30:58.700000,6119.92,6115,44027,6120,97729,6110,93006,6105,102026
2020-06-03 09:30:59.850000,6119.92,6115,44327,6120,97729,6110,93006,6105,102026
2020-06-03 09:31:00.420000,6119.92,6115,65029,6120,94027,6110,61720,6105,109526
2020-06-03 09:31:01.390000,6119.92,6115,75279,6120,92027,6110,61730,6105,118251
2020-06-03 09:31:02.450000,6119.92,6115,73059,6120,87027,6110,61726,6105,118266
2020-06-03 09:31:03.420000,6119.92,6115,73059,6120,85577,6110,61726,6105,118266
2020-06-03 09:31:03.920000,6119.92,6115,75059,6120,83577,6110,61726,6105,118266
2020-06-03 09:31:04.990000,6119.92,6115,80661,6120,83577,6110,58726,6105,118271
2020-06-03 09:31:05.380000,6119.92,6115,75061,6120,83577,6110,58726,6105,118271
2020-06-03 09:31:06.510000,6119.92,6115,77161,6120,83577,6110,59026,6105,118271
2020-06-03 09:31:06.790000,6116.14,6115,75961,6120,83582,6110,43115,6105,118271
2020-06-03 09:31:07.660000,6115.6,6115,76161,6120,83582,6110,41619,6105,118271
2020-06-03 09:31:08.730000,6115.6,6115,89761,6120,83582,6110,34609,6105,118271
2020-06-03 09:31:09.090000,6115.6,6115,89760,6120,83582,6110,35210,6105,118271
2020-06-03 09:31:09.800000,6115.6,6115,89760,6120,83082,6110,35939,6105,118271
2020-06-03 09:31:10.800000,6115.6,6115,73855,6120,88784,6110,43666,6105,118571
2020-06-03 09:31:11.840000,6115.6,6115,68855,6120,88884,6110,44159,6105,118571
2020-06-03 09:31:12.910000,6115.6,6115,56855,6120,88884,6110,53031,6105,118671
2020-06-03 09:31:13.320000,6115.6,6115,73955,6120,93946,6110,69686,6105,123671
2020-06-03 09:31:14.460000,6115.6,6115,61855,6120,93946,6110,79704,6105,115731
2020-06-03 09:31:14.830000,6115.6,6115,56856,6120,93946,6110,90583,6105,115731
2020-06-03 09:31:15.990000,6115.6,6115,56856,6120,93946,6110,75629,6105,123731
2020-06-03 09:31:16.260000,6115.6,6115,69456,6120,93946,6110,65476,6105,123731
2020-06-03 09:31:17.100000,6116.68,6115,56856,6120,93946,6110,75496,6105,119731
2020-06-03 09:31:18.110000,6118.84,6115,56856,6120,103946,6110,75996,6105,119731
2020-06-03 09:31:18.600000,6117.76,6115,57006,6120,103796,6110,83998,6105,111831
2020-06-03 09:31:19.600000,6117.22,6115,57006,6120,103796,6110,81503,6105,111831
2020-06-03 09:31:20.080000,6117.22,6115,57006,6120,103796,6110,81503,6105,111831
2020-06-03 09:31:21.150000,6117.22,6115,57006,6120,103796,6110,73503,6105,119831
2020-06-03 09:31:21.690000,6117.22,6115,57037,6120,103796,6110,77945,6105,119831
2020-06-03 09:31:22.800000,6117.22,6115,57037,6120,103846,6110,77945,6105,119831
2020-06-03 09:31:23.740000,6117.22,6115,56637,6120,103846,6110,77645,6105,119831
2020-06-03 09:31:24.220000,6117.22,6115,53776,6120,103846,6110,92083,6105,111831
2020-06-03 09:31:25.330000,6117.22,6115,44941,6120,103946,6110,92093,6105,111831
2020-06-03 09:31:25.740000,6117.22,6115,44968,6120,103996,6110,69525,6105,111831
2020-06-03 09:31:26.990000,6117.22,6115,45018,6120,103996,6110,69445,6105,111831
2020-06-03 09:31:27.250000,6117.22,6115,45018,6120,103996,6110,69445,6105,111831
2020-06-03 09:31:28.020000,6119.38,6115,45018,6120,103996,6110,69745,6105,111831
2020-06-03 09:31:29.050000,6119.38,6115,40718,6120,103896,6110,69745,6105,111831
2020-06-03 09:31:29.390000,6119.38,6115,40618,6120,103896,6110,69945,6105,111831
2020-06-03 09:31:29.950000,6119.38,6115,40618,6120,103896,6110,69945,6105,111831
2020-06-03 09:31:31.080000,6119.38,6115,40618,6120,93896,6110,94974,6105,111831
2020-06-03 09:31:31.560000,6119.38,6115,45618,6120,93896,6110,109084,6105,117877
2020-06-03 09:31:32.700000,6119.38,6115,45618,6120,93896,6110,107084,6105,119877
2020-06-03 09:31:33.330000,6119.38,6115,32087,6120,103897,6110,115086,6105,111877
2020-06-03 09:31:34.300000,6119.38,6120,85933,6125,97496,6110,105490,6105,108175
2020-06-03 09:31:35.330000,6119.38,6120,91243,6125,97496,6115,12305,6110,118454
2020-06-03 09:31:35.860000,6119.38,6120,91243,6125,97506,6115,4792,6110,118454
2020-06-03 09:31:36.890000,6119.38,6120,96243,6125,97506,6115,4792,6110,118464
2020-06-03 09:31:37.800000,6118.84,6120,96243,6125,97506,6115,5034,6110,105500
2020-06-03 09:31:38.120000,6120.46,6120,96243,6125,97506,6110,105500,6105,108177
2020-06-03 09:31:38.950000,6120.46,6120,101243,6125,97506,6115,6113,6110,118464
2020-06-03 09:31:39.920000,6121.0,6120,95943,6125,97506,6115,6113,6110,118464
2020-06-03 09:31:40.530000,6121.0,6115,13887,6120,96443,6110,144456,6105,108177
2020-06-03 09:31:41.560000,6121.0,6115,13887,6120,96443,6110,173855,6105,108077
2020-06-03 09:31:42.110000,6121.0,6120,75843,6125,97506,6115,26929,6110,186819
2020-06-03 09:31:43.080000,6121.0,6120,70141,6125,103208,6115,28929,6110,186819
2020-06-03 09:31:43.500000,6121.0,6120,70141,6125,103208,6115,28929,6110,186819
2020-06-03 09:31:44.220000,6121.0,6120,73843,6125,99506,6115,28929,6110,186819
2020-06-03 09:31:45.180000,6121.0,6120,73843,6125,99506,6115,29209,6110,186819
2020-06-03 09:31:45.670000,6121.0,6120,78843,6125,99506,6115,29209,6110,186819
2020-06-03 09:31:46.810000,6121.0,6120,78843,6125,99506,6115,29167,6110,186819
2020-06-03 09:31:47.760000,6122.08,6120,78843,6125,99506,6115,29167,6110,186819
2020-06-03 09:31:48.120000,6121.54,6120,88743,6125,99506,6110,188060,6105,108077
2020-06-03 09:31:48.960000,6121.54,6120,88743,6125,99506,6115,22373,6110,188060
2020-06-03 09:31:49.720000,6121.0,6120,90743,6125,97506,6115,100,6110,175096
2020-06-03 09:31:50.990000,6121.0,6120,90743,6125,97506,6115,700,6110,188060
2020-06-03 09:31:52.010000,6121.0,6120,90743,6125,97506,6115,1,6110,188060
2020-06-03 09:31:52.320000,6121.0,6120,78143,6125,99506,6115,22459,6110,188060
2020-06-03 09:31:53.130000,6121.0,6120,70161,6125,103208,6115,22460,6110,188060
2020-06-03 09:31:54.160000,6121.0,6120,82963,6125,99506,6115,24637,6110,188060
2020-06-03 09:31:54.570000,6121.0,6120,84963,6125,97506,6115,24637,6110,196372
2020-06-03 09:31:55.770000,6121.0,6120,84963,6125,97506,6115,27922,6110,196372
2020-06-03 09:31:56.100000,6121.0,6120,90563,6125,97506,6115,7689,6110,196372
2020-06-03 09:31:57.330000,6121.54,6120,79261,6125,103208,6115,20334,6110,196385
2020-06-03 09:31:57.660000,6121.0,6120,84963,6125,97506,6115,20464,6110,196385
2020-06-03 09:31:58.910000,6121.0,6120,74261,6125,103208,6115,20453,6110,196388
2020-06-03 09:31:59.240000,6121.0,6120,82963,6125,99506,6115,28465,6110,196388
2020-06-03 09:32:00.520000,6121.0,6120,75161,6125,103208,6115,28465,6110,196388
2020-06-03 09:32:01.420000,6121.0,6120,70161,6125,103208,6115,28333,6110,196388
2020-06-03 09:32:01.830000,6121.0,6120,77583,6125,99506,6115,22035,6110,196388
2020-06-03 09:32:02.760000,6121.0,6120,83183,6125,94506,6115,17175,6110,191388
2020-06-03 09:32:03.530000,6121.0,6120,86183,6125,92506,6115,17675,6110,191088
2020-06-03 09:32:04.760000,6121.0,6120,72883,6125,97506,6115,17677,6110,196088
2020-06-03 09:32:05.060000,6121.0,6120,91083,6125,97506,6115,528,6110,183324
2020-06-03 09:32:05.840000,6121.0,6115,5000,6120,91083,6110,183354,6105,108087
2020-06-03 09:32:06.820000,6122.08,6115,27937,6120,91083,6110,183354,6105,108087
2020-06-03 09:32:07.290000,6121.54,6115,27937,6120,104047,6110,177454,6105,114087
2020-06-03 09:32:08.430000,6120.46,6115,1187,6120,91083,6110,192486,6105,108087
2020-06-03 09:32:08.760000,6120.46,6120,76781,6125,103208,6115,25597,6110,192486
2020-06-03 09:32:09.600000,6120.46,6120,77381,6125,103208,6115,25597,6110,192497
2020-06-03 09:32:10.360000,6120.46,6120,93683,6125,97506,6110,192497,6105,108087
2020-06-03 09:32:11.640000,6120.46,6115,12894,6120,93683,6110,179533,6105,108087
2020-06-03 09:32:12.130000,6120.46,6115,31031,6120,93683,6110,176533,6105,108087
2020-06-03 09:32:13.240000,6120.46,6115,33450,6120,95183,6110,176533,6105,108087
2020-06-03 09:32:13.750000,6120.46,6115,36316,6120,95183,6110,176533,6105,108087
2020-06-03 09:32:14.770000,6120.46,6115,35816,6120,95183,6110,176033,6105,108087
2020-06-03 09:32:15.060000,6120.46,6115,35816,6120,95183,6110,176033,6105,108077
2020-06-03 09:32:15.880000,6120.46,6115,9616,6120,95183,6110,176033,6105,108077
2020-06-03 09:32:16.830000,6121.54,6115,9616,6120,95183,6110,178345,6105,108087
2020-06-03 09:32:17.780000,6119.92,6115,12263,6120,95184,6110,183197,6105,108287
2020-06-03 09:32:18.090000,6120.46,6115,12263,6120,95184,6110,177818,6105,108287
2020-06-03 09:32:18.950000,6120.46,6120,89584,6125,97542,6110,177316,6105,108287
2020-06-03 09:32:20.000000,6121.54,6120,95284,6125,97542,6115,44950,6110,177351
2020-06-03 09:32:21.020000,6121.54,6120,89684,6125,97542,6115,20200,6110,177351
2020-06-03 09:32:21.390000,6121.54,6120,89847,6125,97542,6115,24200,6110,177351
2020-06-03 09:32:22.640000,6121.54,6120,95447,6125,97542,6115,21700,6110,164887
2020-06-03 09:32:22.860000,6121.54,6120,95447,6125,97542,6115,21710,6110,164888
2020-06-03 09:32:23.620000,6121.54,6120,95447,6125,97542,6115,21710,6110,177852
2020-06-03 09:32:24.690000,6121.54,6120,95447,6125,97542,6115,21740,6110,177827
2020-06-03 09:32:25.090000,6121.54,6120,95447,6125,97542,6115,39027,6110,177827
2020-06-03 09:32:26.330000,6121.54,6120,89847,6125,97542,6115,39027,6110,177827
2020-06-03 09:32:26.720000,6122.08,6120,95447,6125,97542,6115,38993,6110,177827
2020-06-03 09:32:27.730000,6122.08,6120,95447,6125,97542,6115,38993,6110,177827
2020-06-03 09:32:28.190000,6121.54,6120,95447,6125,97542,6115,46201,6110,177827
2020-06-03 09:32:29.390000,6121.54,6120,95447,6125,97542,6115,46701,6110,177827
2020-06-03 09:32:29.560000,6121.54,6120,95447,6125,97642,6115,46701,6110,177827
2020-06-03 09:32:30.400000,6121.54,6120,89847,6125,97642,6115,48067,6110,177927
2020-06-03 09:32:31.420000,6121.54,6120,67545,6125,103344,6115,73320,6110,177927
2020-06-03 09:32:31.720000,6121.54,6120,71247,6125,99642,6115,75826,6110,177927
2020-06-03 09:32:32.510000,6121.54,6120,71092,6125,99642,6115,75806,6110,177927
2020-06-03 09:32:33.060000,6121.54,6120,84820,6125,99642,6115,75806,6110,177927
2020-06-03 09:32:34.150000,6121.54,6120,66820,6125,100342,6115,75856,6110,177927
2020-06-03 09:32:34.460000,6121.54,6120,97820,6125,98342,6115,51106,6110,177932
2020-06-03 09:32:35.650000,6121.54,6120,92375,6125,98342,6115,75856,6110,177932
2020-06-03 09:32:35.890000,6121.54,6120,92375,6125,98342,6115,81623,6110,177932
2020-06-03 09:32:36.700000,6122.08,6120,92375,6125,98342,6115,50552,6110,177932
2020-06-03 09:32:37.810000,6122.08,6120,99025,6125,98342,6115,49527,6110,177924
2020-06-03 09:32:38.230000,6121.54,6120,99026,6125,98342,6115,49027,6110,164960
2020-06-03 09:32:39.320000,6121.54,6115,34733,6120,99026,6110,165115,6105,109278
2020-06-03 09:32:39.590000,6121.54,6115,57597,6120,111990,6110,161113,6105,112980
2020-06-03 09:32:40.480000,6121.54,6115,48697,6120,111990,6110,153133,6105,120980
2020-06-03 09:32:41.510000,6121.54,6115,43697,6120,111990,6110,164846,6105,109328
2020-06-03 09:32:42.560000,6119.38,6115,42197,6120,112090,6110,164846,6105,109328
2020-06-03 09:32:43.620000,6119.38,6115,42197,6120,112090,6110,164148,6105,109328
2020-06-03 09:32:44.020000,6119.38,6115,42195,6120,112090,6110,164148,6105,109328
2020-06-03 09:32:45.160000,6119.38,6115,5259,6120,99126,6110,164148,6105,109328
2020-06-03 09:32:46.260000,6119.38,6115,5292,6120,99126,6110,164153,6105,109328
2020-06-03 09:32:46.730000,6118.3,6120,99156,6125,97642,6115,31250,6110,181149
2020-06-03 09:32:47.840000,6119.92,6120,93556,6125,97642,6115,31250,6110,181149
2020-06-03 09:32:48.380000,6121.0,6120,93556,6125,97642,6115,31250,6110,181150
2020-06-03 09:32:49.370000,6121.54,6120,93556,6125,97642,6115,30957,6110,181150
2020-06-03 09:32:50.440000,6121.54,6120,93556,6125,97642,6115,31250,6110,181150
2020-06-03 09:32:50.990000,6121.54,6120,93556,6125,97642,6115,31261,6110,181151
2020-06-03 09:32:51.930000,6121.54,6120,102556,6125,98042,6115,31261,6110,181151
2020-06-03 09:32:53.040000,6121.54,6120,108157,6125,98042,6115,32178,6110,167787
2020-06-03 09:32:53.430000,6121.54,6120,108157,6125,98042,6110,167787,6105,109329
2020-06-03 09:32:54.610000,6121.54,6115,26927,6120,108157,6110,167787,6105,109429
2020-06-03 09:32:54.930000,6121.54,6115,41427,6120,121121,6110,163855,6105,109429
2020-06-03 09:32:55.660000,6121.54,6115,26927,6120,121121,6110,163855,6105,109429
2020-06-03 09:32:56.660000,6121.54,6115,26527,6120,108157,6110,163860,6105,109429
2020-06-03 09:32:57.040000,6121.54,6115,1613,6120,108157,6110,163870,6105,109429
2020-06-03 09:32:57.690000,6120.46,6120,108157,6125,98042,6115,29637,6110,180766
2020-06-03 09:32:58.800000,6121.0,6120,108157,6125,98042,6115,29637,6110,167802
2020-06-03 09:32:59.110000,6121.0,6120,108157,6125,98042,6115,24637,6110,167802
2020-06-03 09:33:00.350000,6121.0,6115,57757,6120,121121,6110,167812,6105,109429
2020-06-03 09:33:00.720000,6121.0,6115,65693,6120,121321,6110,152178,6105,121131
2020-06-03 09:33:01.890000,6121.0,6115,65873,6120,121321,6110,154188,6105,119141
2020-06-03 09:33:02.860000,6121.0,6115,60873,6120,121321,6110,160188,6105,113141
2020-06-03 09:33:03.350000,6121.0,6115,67873,6120,124321,6110,160188,6105,113141
2020-06-03 09:33:04.490000,6121.0,6115,72820,6120,124321,6110,154188,6105,119141
2020-06-03 09:33:05.530000,6121.0,6115,77920,6120,119321,6110,160188,6105,113141
2020-06-03 09:33:05.920000,6121.0,6115,75920,6120,119321,6110,163890,6105,109439
2020-06-03 09:33:07.030000,6117.76,6115,80920,6120,119821,6110,160238,6105,113141
2020-06-03 09:33:07.630000,6118.3,6115,75920,6120,119821,6110,164890,6105,109439
2020-06-03 09:33:08.730000,6118.3,6115,80920,6120,119821,6110,161188,6105,111085
2020-06-03 09:33:09.730000,6119.38,6115,84920,6120,119821,6110,163649,6105,107383
2020-06-03 09:33:10.810000,6119.38,6115,85070,6120,119821,6110,163649,6105,107383
2020-06-03 09:33:11.200000,6119.38,6115,90068,6120,119821,6110,159947,6105,111085
2020-06-03 09:33:12.390000,6119.38,6115,85067,6120,119821,6110,164049,6105,107383
2020-06-03 09:33:12.890000,6119.38,6115,85067,6120,106857,6110,163978,6105,107383
2020-06-03 09:33:13.950000,6119.38,6115,85067,6120,106857,6110,163978,6105,107383
2020-06-03 09:33:14.470000,6119.38,6115,90067,6120,119821,6110,152879,6105,117085
2020-06-03 09:33:15.440000,6119.38,6115,89746,6120,119821,6110,158899,6105,111085
2020-06-03 09:33:16.560000,6119.38,6115,84768,6120,119821,6110,158799,6105,111086
2020-06-03 09:33:16.860000,6119.38,6115,56394,6120,106857,6110,164501,6105,107384
2020-06-03 09:33:18.110000,6118.84,6120,90555,6125,103744,6115,19438,6110,207248
2020-06-03 09:33:19.140000,6121.0,6120,75493,6125,108806,6115,58926,6110,199248
2020-06-03 09:33:19.530000,6124.78,6120,62093,6125,95842,6115,69740,6110,196046
2020-06-03 09:33:20.680000,6124.78,6120,78193,6125,108806,6115,63740,6110,202046
2020-06-03 09:33:21.320000,6124.78,6120,78193,6125,108806,6115,66338,6110,202414
2020-06-03 09:33:22.290000,6124.78,6120,67093,6125,108806,6115,66338,6110,202414
2020-06-03 09:33:23.370000,6124.78,6120,76893,6125,108806,6115,58338,6110,210414
2020-06-03 09:33:23.590000,6124.78,6120,84293,6125,108806,6115,58393,6110,210414
2020-06-03 09:33:24.430000,6124.78,6120,89293,6125,102806,6115,42495,6110,210414
2020-06-03 09:33:25.500000,6124.78,6120,88793,6125,102806,6115,37733,6110,210414
2020-06-03 09:33:25.950000,6124.78,6120,83793,6125,102806,6115,41855,6110,210414
2020-06-03 09:33:27.060000,6123.7,6120,83793,6125,102806,6115,41855,6110,210414
2020-06-03 09:33:28.120000,6122.62,6120,83793,6125,102806,6115,47460,6110,210414
2020-06-03 09:33:28.650000,6122.62,6120,76393,6125,102806,6115,55025,6110,210414
2020-06-03 09:33:29.670000,6122.62,6120,66593,6125,102806,6115,65525,6110,210014
2020-06-03 09:33:30.740000,6122.62,6120,66593,6125,102806,6115,69847,6110,208016
2020-06-03 09:33:31.230000,6122.62,6120,61593,6125,89842,6115,79554,6110,198314
2020-06-03 09:33:32.350000,6122.62,6120,61593,6125,102806,6115,73654,6110,204314
2020-06-03 09:33:32.790000,6122.62,6120,61593,6125,102806,6115,73659,6110,204314
2020-06-03 09:33:33.910000,6122.62,6120,63091,6125,102806,6115,73661,6110,204314
2020-06-03 09:33:34.350000,6122.62,6120,63091,6125,102806,6115,79661,6110,198314
2020-06-03 09:33:35.510000,6122.62,6120,63091,6125,89842,6115,79661,6110,198314
2020-06-03 09:33:36.520000,6123.16,6120,63091,6125,89842,6115,79661,6110,199314
2020-06-03 09:33:37.150000,6123.7,6120,63091,6125,79842,6115,79691,6110,199314
2020-06-03 09:33:38.130000,6125.32,6120,35350,6125,79842,6115,92765,6110,199314
2020-06-03 09:33:39.160000,6125.32,6120,29381,6125,80939,6115,92765,6110,199314
2020-06-03 09:33:40.260000,6125.86,6125,69375,6130,107423,6120,55680,6115,92767
2020-06-03 09:33:40.830000,6125.86,6125,59575,6130,107423,6120,75828,6115,90767
2020-06-03 09:33:41.820000,6125.86,6125,59573,6130,107423,6120,75828,6115,90767
2020-06-03 09:33:42.880000,6125.86,6125,51573,6130,94459,6120,85530,6115,82076
2020-06-03 09:33:43.910000,6125.86,6125,51173,6130,79150,6120,87430,6115,82076
2020-06-03 09:33:44.330000,6125.86,6125,51173,6130,79150,6120,87430,6115,82076
2020-06-03 09:33:45.930000,6125.86,6125,51173,6130,79150,6120,87435,6115,82076
2020-06-03 09:33:47.080000,6128.56,6125,41173,6130,79150,6120,87435,6115,82076
2020-06-03 09:33:47.520000,6130.18,6125,38673,6130,79150,6120,87388,6115,82096
2020-06-03 09:33:48.660000,6130.18,6125,38673,6130,79150,6120,87398,6115,82096
2020-06-03 09:33:49.570000,6130.18,6125,48671,6130,79150,6120,100372,6115,82096
2020-06-03 09:33:49.920000,6130.72,6125,49277,6130,79150,6120,87598,6115,82096
2020-06-03 09:33:50.770000,6130.72,6125,43023,6130,79150,6120,87598,6115,82096
2020-06-03 09:33:51.800000,6130.72,6125,35476,6130,87875,6120,87598,6115,82096
2020-06-03 09:33:52.850000,6130.72,6130,98775,6135,100101,6125,32559,6120,100564
2020-06-03 09:33:53.360000,6130.72,6130,93073,6135,105803,6125,45443,6120,87634
2020-06-03 09:33:54.390000,6130.72,6130,97475,6135,100101,6125,45443,6120,87634
2020-06-03 09:33:55.420000,6130.72,6130,103075,6135,100101,6125,16124,6120,87634
2020-06-03 09:33:56.440000,6130.72,6130,103073,6135,100101,6125,39224,6120,87834
2020-06-03 09:33:56.740000,6130.18,6130,81709,6135,110765,6125,42514,6120,87834
2020-06-03 09:33:57.530000,6130.72,6130,82909,6135,110765,6125,41632,6120,87834
2020-06-03 09:33:58.320000,6132.88,6130,82907,6135,110765,6125,39632,6120,87834
2020-06-03 09:33:59.510000,6132.88,6130,82907,6135,110765,6125,26643,6120,87934
2020-06-03 09:34:00.030000,6132.88,6130,83128,6135,110765,6125,11043,6120,87934
2020-06-03 09:34:01.210000,6132.88,6130,73128,6135,110765,6125,36275,6120,87934
2020-06-03 09:34:02.210000,6132.88,6130,73128,6135,110765,6125,37939,6120,87934
2020-06-03 09:34:02.820000,6132.88,6130,73128,6135,110765,6125,37935,6120,87935
2020-06-03 09:34:03.790000,6132.88,6130,73126,6135,110765,6125,37935,6120,87935
2020-06-03 09:34:04.150000,6132.88,6130,70029,6135,110765,6125,37835,6120,87935
2020-06-03 09:34:05.320000,6132.88,6130,70029,6135,110765,6125,37835,6120,87935
2020-06-03 09:34:05.660000,6132.88,6130,53629,6135,110765,6125,53262,6120,88085
2020-06-03 09:34:06.430000,6132.88,6130,69977,6135,110765,6125,53333,6120,88085
2020-06-03 09:34:07.460000,6132.88,6130,80679,6135,105063,6125,11623,6120,88085
2020-06-03 09:34:07.840000,6132.88,6130,79679,6135,105063,6125,1996,6120,88085
2020-06-03 09:34:09.040000,6132.88,6130,85279,6135,105063,6125,18956,6120,88085
2020-06-03 09:34:09.340000,6132.88,6130,85289,6135,105063,6125,18954,6120,88085
2020-06-03 09:34:10.170000,6132.88,6130,85290,6135,105075,6125,18954,6120,88095
2020-06-03 09:34:11.160000,6132.88,6130,85290,6135,105075,6125,18857,6120,90550
2020-06-03 09:34:12.250000,6132.88,6130,84811,6135,105075,6125,18757,6120,90350
2020-06-03 09:34:13.270000,6132.88,6130,81211,6135,107075,6125,37507,6120,90389
2020-06-03 09:34:13.770000,6132.88,6130,81211,6135,107075,6125,44978,6120,90389
2020-06-03 09:34:14.860000,6132.88,6130,88821,6135,105075,6125,44975,6120,90389
2020-06-03 09:34:15.830000,6132.88,6130,88821,6135,105075,6125,39433,6120,90389
2020-06-03 09:34:16.280000,6132.88,6130,88921,6135,105075,6125,39438,6120,90389
2020-06-03 09:34:17.410000,6131.8,6130,98921,6135,105575,6125,13188,6120,90589
2020-06-03 09:34:17.860000,6131.26,6130,98921,6135,95575,6125,12188,6120,90589
2020-06-03 09:34:19.030000,6131.26,6130,102421,6135,105575,6125,12188,6120,90589
2020-06-03 09:34:19.440000,6131.26,6130,94821,6135,108075,6125,38443,6120,98606
2020-06-03 09:34:20.590000,6131.26,6130,102421,6135,106075,6125,12193,6120,98606
2020-06-03 09:34:21.060000,6131.26,6125,24658,6130,103721,6120,98606,6115,92589
2020-06-03 09:34:22.150000,6131.26,6125,21768,6130,103721,6120,98606,6115,92589
2020-06-03 09:34:22.640000,6131.26,6125,53118,6130,103721,6120,85642,6115,92589
2020-06-03 09:34:23.750000,6131.26,6125,48008,6130,103721,6120,85642,6115,92589
2020-06-03 09:34:24.780000,6131.26,6125,65942,6130,116685,6120,79642,6115,98589
2020-06-03 09:34:25.840000,6131.26,6125,65941,6130,103721,6120,85523,6115,92589
2020-06-03 09:34:26.900000,6130.72,6125,65941,6130,116685,6120,79523,6115,98589
2020-06-03 09:34:27.360000,6130.72,6125,69840,6130,116685,6120,79523,6115,98589
2020-06-03 09:34:28.500000,6129.64,6125,73440,6130,116685,6120,81821,6115,96291
2020-06-03 09:34:29.500000,6129.64,6125,73440,6130,116685,6120,81821,6115,96341
2020-06-03 09:34:29.890000,6129.64,6125,73439,6130,116685,6120,81821,6115,96341
2020-06-03 09:34:31.090000,6129.64,6125,73439,6130,116685,6120,81821,6115,96341
2020-06-03 09:34:32.090000,6129.64,6125,73439,6130,116685,6120,75871,6115,102391
2020-06-03 09:34:33.120000,6129.64,6125,89339,6130,116685,6120,89365,6115,102391
2020-06-03 09:34:34.240000,6129.64,6125,73459,6130,116685,6120,89365,6115,102391
2020-06-03 09:34:35.310000,6129.64,6125,89559,6130,116685,6120,89365,6115,102441
2020-06-03 09:34:36.310000,6129.64,6125,73459,6130,116685,6120,90165,6115,102441
2020-06-03 09:34:36.790000,6129.1,6125,73459,6130,116685,6120,90165,6115,102441
2020-06-03 09:34:37.900000,6129.1,6125,73354,6130,116685,6120,88165,6115,102441
2020-06-03 09:34:38.460000,6129.1,6125,76354,6130,116685,6120,88165,6115,102441
2020-06-03 09:34:39.480000,6128.56,6125,73254,6130,116685,6120,87664,6115,102441
2020-06-03 09:34:40.590000,6128.56,6130,103721,6135,106891,6125,52373,6120,99866
2020-06-03 09:34:41.120000,6128.56,6130,95977,6135,108891,6125,56252,6120,112830
2020-06-03 09:34:42.150000,6128.56,6130,87573,6135,112593,6125,58819,6120,113430
2020-06-03 09:34:43.160000,6128.56,6130,87568,6135,112593,6125,78201,6120,113430
2020-06-03 09:34:44.190000,6128.56,6130,71268,6135,112593,6125,68201,6120,113430
2020-06-03 09:34:44.660000,6128.56,6130,52543,6135,108354,6125,88903,6120,107728
2020-06-03 09:34:45.710000,6128.56,6130,29360,6135,108354,6125,95003,6120,101728
2020-06-03 09:34:46.320000,6131.8,6135,125354,6140,117761,6130,37640,6125,107967
2020-06-03 09:34:47.330000,6132.88,6135,119754,6140,117761,6130,32640,6125,107969
2020-06-03 09:34:48.400000,6134.5,6135,132054,6140,115761,6125,107969,6120,88234
2020-06-03 09:34:48.650000,6136.66,6135,126452,6140,115761,6130,2573,6125,110469
2020-06-03 09:34:49.380000,6136.66,6135,118752,6140,115761,6130,2573,6125,110469
2020-06-03 09:34:50.410000,6136.66,6135,115552,6140,115761,6130,2673,6125,110469
2020-06-03 09:34:50.990000,6136.66,6130,162,6135,110150,6125,110469,6120,88239
