time,nav,sell1,sell1_cnt,sell2,sell2_cnt,buy1,buy1_cnt,buy2,buy2_cnt
2020-06-09 09:06:57.000000,6058.38,6050,32710,6055,43266,6045,40526,6040,111899
2020-06-09 09:06:57.840000,6057.99,6050,32710,6055,43266,6045,40526,6040,111899
2020-06-09 09:06:58.810000,6057.6,6050,32710,6055,43266,6045,40526,6040,111899
2020-06-09 09:07:00.010000,6057.6,6050,40312,6055,43266,6045,40526,6040,110879
2020-06-09 09:07:01.140000,6057.6,6050,69038,6055,43266,6045,34526,6040,116879
2020-06-09 09:07:02.340000,6057.6,6050,69038,6055,43266,6045,23832,6040,110879
2020-06-09 09:07:05.050000,6057.6,6050,69913,6055,43766,6045,3660,6040,116979
2020-06-09 09:07:06.020000,6057.6,6050,69893,6055,49566,6045,3652,6040,116979
2020-06-09 09:07:07.180000,6056.43,6050,69075,6055,49066,6045,5445,6040,116979
2020-06-09 09:07:08.150000,6056.43,6050,69075,6055,49066,6045,2145,6040,116979
2020-06-09 09:07:09.220000,6056.43,6050,69240,6055,49066,6045,2140,6040,116979
2020-06-09 09:07:10.320000,6055.26,6050,69240,6055,49066,6045,2140,6040,116979
2020-06-09 09:07:11.400000,6055.26,6050,69390,6055,49066,6045,2155,6040,103497
2020-06-09 09:07:12.600000,6055.26,6050,74390,6055,49066,6040,101497,6035,72066
2020-06-09 09:07:13.710000,6055.26,6045,8356,6050,74390,6040,101497,6035,72066
2020-06-09 09:07:14.850000,6055.26,6045,5000,6050,74390,6040,101517,6035,72066
2020-06-09 09:07:15.900000,6055.26,6045,5010,6050,74392,6040,101517,6035,67315
2020-06-09 09:07:16.940000,6055.26,6045,5010,6050,74392,6040,101517,6035,72066
2020-06-09 09:07:18.100000,6054.09,6050,69372,6055,44066,6045,4594,6040,101517
2020-06-09 09:07:19.130000,6055.78,6050,69372,6055,44066,6045,4100,6040,101517
2020-06-09 09:07:20.250000,6056.56,6050,69322,6055,44066,6045,3429,6040,121517
2020-06-09 09:07:21.410000,6056.56,6050,69322,6055,44066,6045,4129,6040,121517
2020-06-09 09:07:22.570000,6056.56,6050,69322,6055,44068,6045,4129,6040,121517
2020-06-09 09:07:23.640000,6056.56,6050,69322,6055,44068,6045,4129,6040,121517
2020-06-09 09:07:24.680000,6056.56,6050,69452,6055,44068,6045,4129,6040,121517
2020-06-09 09:07:25.710000,6056.56,6050,69451,6055,44068,6045,4429,6040,121517
2020-06-09 09:07:26.700000,6056.17,6050,69451,6055,44068,6045,4429,6040,134999
2020-06-09 09:07:27.810000,6056.17,6050,69451,6055,38268,6045,20967,6040,135004
2020-06-09 09:07:28.900000,6056.95,6050,69401,6055,38268,6045,26667,6040,129004
2020-06-09 09:07:30.140000,6057.73,6050,69401,6055,38268,6045,26668,6040,129004
2020-06-09 09:07:31.310000,6057.73,6050,69401,6055,38268,6045,26669,6040,129004
2020-06-09 09:07:32.450000,6057.73,6050,69401,6055,38268,6045,20669,6040,135006
2020-06-09 09:07:33.570000,6057.73,6050,69401,6055,38268,6045,4130,6040,135006
2020-06-09 09:07:34.790000,6057.73,6050,69401,6055,38268,6045,4430,6040,135006
2020-06-09 09:07:35.940000,6057.73,6050,69401,6055,38268,6045,34989,6040,130506
2020-06-09 09:07:36.870000,6057.73,6050,69236,6055,38268,6045,34824,6040,130506
2020-06-09 09:07:37.940000,6058.12,6050,69236,6055,38268,6045,28872,6040,136516
2020-06-09 09:07:39.040000,6058.12,6050,69436,6055,38268,6045,29464,6040,130516
2020-06-09 09:07:40.150000,6058.12,6050,69436,6055,38928,6045,23665,6040,130516
2020-06-09 09:07:41.160000,6058.12,6050,69436,6055,38928,6045,23665,6040,130516
2020-06-09 09:07:42.310000,6058.12,6050,69436,6055,38928,6045,17666,6040,136516
2020-06-09 09:07:43.400000,6058.12,6050,69436,6055,38928,6045,14075,6040,136516
2020-06-09 09:07:44.510000,6058.12,6050,69436,6055,38928,6045,7835,6040,136516
2020-06-09 09:07:45.510000,6058.12,6050,69436,6055,44728,6045,7485,6040,136516
2020-06-09 09:07:46.600000,6057.73,6050,69436,6055,38928,6045,8785,6040,136516
2020-06-09 09:07:47.700000,6057.73,6050,69411,6055,38928,6045,16533,6040,136516
2020-06-09 09:07:48.810000,6057.73,6050,69411,6055,38928,6045,16434,6040,136521
2020-06-09 09:07:49.870000,6057.34,6050,69411,6055,38928,6045,16524,6040,136521
2020-06-09 09:07:50.950000,6057.34,6050,69411,6055,38928,6045,16574,6040,136521
2020-06-09 09:07:51.950000,6057.34,6050,69411,6055,39028,6045,15479,6040,136521
2020-06-09 09:07:52.970000,6057.34,6050,69411,6055,39028,6045,16379,6040,136521
2020-06-09 09:07:53.970000,6057.34,6050,69411,6055,44828,6045,8946,6040,136521
2020-06-09 09:07:54.970000,6057.34,6050,69411,6055,44828,6045,9796,6040,136521
2020-06-09 09:07:56.030000,6057.34,6050,69411,6055,44828,6045,10096,6040,136521
2020-06-09 09:07:57.130000,6057.34,6050,74411,6055,44828,6040,130521,6035,81383
2020-06-09 09:07:58.160000,6056.56,6045,10050,6050,74411,6040,136521,6035,75383
2020-06-09 09:07:59.250000,6055.78,6045,5050,6050,74411,6040,116521,6035,75383
2020-06-09 09:08:00.280000,6055.78,6045,10920,6050,74411,6040,116526,6035,75383
2020-06-09 09:08:01.380000,6055.78,6045,5920,6050,74411,6040,116526,6035,75383
2020-06-09 09:08:02.440000,6055.78,6045,13620,6050,74411,6040,98023,6035,75384
2020-06-09 09:08:03.500000,6055.78,6045,10920,6050,74411,6040,98023,6035,75384
2020-06-09 09:08:04.190000,6055.78,6045,11579,6050,74411,6040,98023,6035,75384
2020-06-09 09:08:05.080000,6055.78,6045,10267,6050,74411,6040,98023,6035,75384
2020-06-09 09:08:06.120000,6055.78,6045,2990,6050,74411,6040,116527,6035,75354
2020-06-09 09:08:07.190000,6055.78,6050,74411,6055,44168,6045,990,6040,116529
2020-06-09 09:08:08.190000,6053.84,6050,74411,6055,44168,6045,5890,6040,116529
2020-06-09 09:08:09.280000,6053.84,6050,69411,6055,44168,6045,5890,6040,116529
2020-06-09 09:08:10.330000,6053.84,6050,69411,6055,44168,6045,5891,6040,116529
2020-06-09 09:08:11.420000,6053.84,6050,69405,6055,44168,6045,5891,6040,116529
2020-06-09 09:08:12.390000,6053.84,6050,69605,6055,44168,6045,13431,6040,116529
2020-06-09 09:08:13.480000,6053.84,6050,69605,6055,44168,6045,13431,6040,116529
2020-06-09 09:08:14.610000,6053.84,6050,69205,6055,44168,6045,5711,6040,116529
2020-06-09 09:08:15.250000,6053.84,6050,69800,6055,44168,6045,5432,6040,116529
2020-06-09 09:08:16.110000,6053.84,6050,69800,6055,44168,6045,542,6040,116529
2020-06-09 09:08:17.200000,6053.84,6050,69800,6055,44168,6045,5342,6040,116529
2020-06-09 09:08:18.260000,6053.84,6050,69800,6055,44168,6045,5342,6040,116529
2020-06-09 09:08:18.840000,6056.95,6050,69800,6055,38368,6045,28419,6040,116529
2020-06-09 09:08:19.900000,6058.12,6050,69800,6055,38368,6045,42719,6040,110529
2020-06-09 09:08:21.040000,6058.12,6050,69800,6055,38368,6045,44019,6040,110480
2020-06-09 09:08:22.240000,6058.12,6050,57193,6055,38368,6045,60579,6040,111600
2020-06-09 09:08:23.440000,6058.12,6050,57193,6055,38368,6045,60670,6040,111600
2020-06-09 09:08:24.540000,6058.12,6050,54643,6055,38368,6045,65670,6040,111600
2020-06-09 09:08:25.610000,6058.12,6055,33663,6060,28912,6050,35941,6045,69554
2020-06-09 09:08:26.650000,6058.12,6055,39563,6060,22912,6050,35941,6045,71054
2020-06-09 09:08:27.710000,6061.23,6055,42437,6060,28712,6050,4001,6045,73554
2020-06-09 09:08:28.770000,6060.84,6055,48137,6060,28712,6050,4001,6045,73554
2020-06-09 09:08:29.840000,6060.07,6055,42446,6060,22912,6050,37485,6045,67905
2020-06-09 09:08:30.910000,6060.07,6055,42446,6060,22912,6050,37285,6045,67905
2020-06-09 09:08:32.010000,6060.07,6055,42446,6060,22912,6050,37285,6045,67906
2020-06-09 09:08:32.930000,6060.07,6055,42446,6060,22912,6050,27830,6045,67908
2020-06-09 09:08:34.010000,6060.07,6055,42456,6060,22912,6050,38785,6045,67908
2020-06-09 09:08:35.490000,6060.07,6055,42456,6060,22912,6050,38785,6045,67908
2020-06-09 09:08:36.010000,6060.07,6055,42456,6060,22912,6050,38785,6045,67908
2020-06-09 09:08:37.060000,6060.84,6055,42456,6060,22912,6050,39785,6045,67908
2020-06-09 09:08:38.090000,6060.84,6055,42456,6060,22912,6050,48049,6045,67908
2020-06-09 09:08:39.150000,6060.84,6055,42456,6060,22912,6050,47986,6045,67908
2020-06-09 09:08:40.230000,6061.23,6055,42456,6060,22912,6050,38537,6045,69608
2020-06-09 09:08:41.880000,6061.23,6055,42456,6060,22912,6050,47992,6045,69673
2020-06-09 09:08:42.930000,6061.23,6055,34582,6060,31711,6050,51492,6045,69663
2020-06-09 09:08:44.970000,6061.23,6055,37521,6060,31711,6050,51492,6045,69663
2020-06-09 09:08:46.050000,6061.23,6055,37521,6060,31711,6050,51655,6045,59523
2020-06-09 09:08:47.070000,6061.23,6055,37521,6060,31711,6050,43362,6045,59525
2020-06-09 09:08:48.050000,6061.62,6055,42521,6060,30711,6050,43362,6045,59525
2020-06-09 09:08:49.150000,6061.62,6055,42511,6060,36511,6050,43362,6045,66325
2020-06-09 09:08:50.220000,6061.62,6055,37511,6060,30711,6050,52817,6045,66325
2020-06-09 09:08:51.270000,6061.62,6055,29164,6060,30711,6050,52777,6045,66325
2020-06-09 09:08:52.290000,6061.62,6055,38052,6060,30711,6050,52777,6045,66326
2020-06-09 09:08:53.390000,6061.62,6055,44952,6060,36511,6050,43381,6045,66326
2020-06-09 09:08:54.380000,6061.62,6055,44952,6060,36511,6050,43693,6045,52844
2020-06-09 09:08:55.460000,6061.62,6055,42052,6060,36511,6050,43693,6045,52844
2020-06-09 09:08:56.490000,6061.62,6055,41390,6060,30711,6050,55481,6045,66326
2020-06-09 09:08:57.530000,6060.07,6055,36370,6060,36511,6050,43311,6045,52944
2020-06-09 09:08:58.470000,6060.07,6055,36370,6060,36511,6050,43314,6045,52944
2020-06-09 09:08:59.640000,6060.07,6055,36370,6060,30711,6050,56515,6045,66426
2020-06-09 09:09:00.690000,6060.07,6055,33331,6060,36511,6050,56515,6045,66426
2020-06-09 09:09:01.700000,6060.07,6055,33331,6060,30711,6050,56515,6045,66427
2020-06-09 09:09:02.750000,6060.07,6055,33065,6060,36511,6050,43315,6045,66427
2020-06-09 09:09:03.810000,6060.07,6055,28013,6060,36711,6050,33296,6045,66427
2020-06-09 09:09:05.360000,6060.07,6055,28013,6060,36716,6050,35398,6045,66427
2020-06-09 09:09:05.940000,6060.07,6055,28003,6060,36716,6050,48598,6045,66427
2020-06-09 09:09:06.980000,6061.23,6055,30451,6060,36716,6050,33448,6045,66427
2020-06-09 09:09:08.030000,6060.45,6055,26651,6060,36716,6050,46658,6045,66427
2020-06-09 09:09:09.140000,6060.84,6055,40371,6060,36716,6050,33458,6045,66437
2020-06-09 09:09:10.350000,6060.45,6055,43050,6060,36716,6050,34458,6045,66437
2020-06-09 09:09:11.510000,6060.45,6055,42650,6060,36716,6050,22866,6045,66437
2020-06-09 09:09:12.750000,6060.45,6055,42650,6060,36716,6050,21366,6045,66437
2020-06-09 09:09:13.840000,6060.45,6055,42149,6060,36716,6050,17777,6045,52955
2020-06-09 09:09:14.870000,6060.45,6055,42149,6060,36716,6050,17777,6045,52955
2020-06-09 09:09:15.870000,6060.45,6055,42149,6060,36716,6050,15121,6045,52955
2020-06-09 09:09:16.950000,6060.07,6055,41949,6060,36716,6050,14585,6045,52955
2020-06-09 09:09:18.400000,6062.01,6055,41949,6060,36716,6050,60045,6045,52955
2020-06-09 09:09:18.980000,6062.01,6055,41949,6060,36716,6050,60045,6045,58835
2020-06-09 09:09:20.050000,6062.01,6055,41949,6060,36716,6050,60045,6045,58898
2020-06-09 09:09:21.130000,6062.01,6055,35149,6060,36716,6050,55545,6045,53838
2020-06-09 09:09:22.180000,6062.01,6055,32647,6060,36716,6050,54543,6045,64846
2020-06-09 09:09:23.220000,6062.01,6055,32647,6060,36716,6050,54584,6045,64846
2020-06-09 09:09:24.270000,6062.01,6055,32647,6060,36716,6050,54831,6045,64896
2020-06-09 09:09:25.270000,6062.01,6055,33647,6060,36716,6050,54531,6045,64896
2020-06-09 09:09:26.320000,6062.01,6055,33647,6060,36716,6050,54281,6045,64896
2020-06-09 09:09:27.430000,6060.46,6055,30952,6060,36716,6050,54281,6045,64896
2020-06-09 09:09:28.460000,6060.46,6055,28015,6060,36716,6050,52101,6045,64896
2020-06-09 09:09:29.070000,6060.46,6055,28015,6060,36726,6050,52101,6045,58896
2020-06-09 09:09:30.080000,6060.46,6055,25015,6060,36726,6050,54601,6045,64896
2020-06-09 09:09:31.100000,6060.46,6055,26635,6060,36726,6050,54601,6045,64396
2020-06-09 09:09:32.170000,6060.46,6055,26635,6060,36726,6050,54581,6045,64396
2020-06-09 09:09:33.130000,6060.46,6055,26835,6060,36726,6050,54581,6045,64396
2020-06-09 09:09:34.240000,6060.46,6055,26835,6060,36726,6050,54581,6045,64546
2020-06-09 09:09:35.250000,6060.46,6055,26834,6060,36726,6050,54232,6045,66323
2020-06-09 09:09:35.800000,6060.46,6055,27836,6060,36726,6050,51685,6045,66323
2020-06-09 09:09:36.850000,6060.46,6055,29820,6060,36726,6050,51685,6045,66323
2020-06-09 09:09:37.940000,6060.46,6055,29820,6060,36726,6050,51597,6045,66323
2020-06-09 09:09:39.050000,6060.46,6055,29820,6060,36726,6050,51597,6045,66323
2020-06-09 09:09:40.520000,6060.46,6055,29850,6060,36736,6050,51602,6045,66333
2020-06-09 09:09:41.140000,6060.46,6055,29840,6060,36836,6050,51602,6045,66333
2020-06-09 09:09:42.220000,6060.46,6055,29840,6060,36836,6050,51702,6045,66333
2020-06-09 09:09:43.190000,6060.46,6055,29840,6060,36836,6050,51702,6045,66333
2020-06-09 09:09:44.280000,6060.46,6055,32350,6060,36836,6050,51722,6045,66433
2020-06-09 09:09:45.360000,6060.46,6055,32350,6060,36836,6050,51722,6045,66433
2020-06-09 09:09:46.370000,6060.46,6055,12330,6060,36836,6050,80651,6045,79915
2020-06-09 09:09:47.000000,6060.46,6055,9830,6060,36836,6050,80551,6045,79915
2020-06-09 09:09:48.070000,6061.24,6055,9828,6060,36836,6050,80547,6045,79915
2020-06-09 09:09:49.210000,6062.4,6055,17920,6060,36836,6050,60417,6045,66433
2020-06-09 09:09:50.210000,6062.4,6055,28740,6060,36836,6050,60417,6045,66443
2020-06-09 09:09:51.270000,6062.4,6055,28740,6060,36836,6050,51618,6045,66443
2020-06-09 09:09:52.510000,6062.4,6055,28740,6060,36836,6050,51199,6045,66443
2020-06-09 09:09:53.540000,6062.4,6055,28226,6060,36836,6050,51244,6045,66443
2020-06-09 09:09:54.540000,6062.4,6055,28226,6060,36846,6050,51409,6045,66443
2020-06-09 09:09:55.470000,6062.4,6055,28243,6060,36846,6050,51418,6045,66443
2020-06-09 09:09:56.520000,6062.4,6055,32361,6060,36846,6050,51418,6045,66593
2020-06-09 09:09:57.550000,6062.4,6055,34671,6060,36846,6050,51418,6045,66593
2020-06-09 09:09:58.610000,6060.46,6055,35771,6060,36846,6050,51418,6045,67254
2020-06-09 09:09:59.710000,6060.46,6055,35771,6060,36846,6050,51418,6045,61454
2020-06-09 09:10:00.410000,6060.46,6055,35491,6060,36846,6050,40807,6045,61454
2020-06-09 09:10:01.450000,6060.46,6055,36625,6060,36846,6050,36302,6045,60801
2020-06-09 09:10:02.500000,6060.46,6055,36625,6060,36846,6050,36302,6045,66601
2020-06-09 09:10:03.540000,6060.46,6055,36625,6060,36846,6050,36407,6045,66601
2020-06-09 09:10:04.480000,6060.46,6055,36525,6060,36846,6050,36407,6045,66601
2020-06-09 09:10:05.570000,6060.46,6055,36525,6060,36846,6050,42107,6045,66601
2020-06-09 09:10:06.650000,6060.46,6055,36845,6060,36846,6050,42107,6045,66601
2020-06-09 09:10:07.650000,6060.46,6055,35445,6060,36846,6050,49766,6045,66601
2020-06-09 09:10:08.650000,6060.46,6055,34945,6060,36846,6050,47646,6045,66601
2020-06-09 09:10:09.710000,6060.46,6055,35045,6060,36846,6050,42648,6045,66601
2020-06-09 09:10:10.770000,6060.46,6055,35145,6060,36866,6050,41848,6045,66601
2020-06-09 09:10:11.860000,6060.46,6055,35145,6060,36866,6050,50048,6045,80083
2020-06-09 09:10:12.960000,6060.46,6055,26003,6060,36866,6050,70154,6045,80083
2020-06-09 09:10:14.040000,6060.46,6055,27803,6060,36866,6050,55212,6045,66601
2020-06-09 09:10:15.310000,6060.46,6055,26003,6060,36866,6050,47012,6045,66601
2020-06-09 09:10:16.340000,6060.46,6055,26103,6060,36866,6050,47062,6045,66603
2020-06-09 09:10:17.440000,6062.01,6055,25296,6060,36866,6050,38960,6045,66652
2020-06-09 09:10:18.400000,6061.24,6055,25296,6060,36866,6050,18830,6045,67301
2020-06-09 09:10:19.400000,6061.24,6055,29271,6060,36866,6050,43970,6045,80783
2020-06-09 09:10:20.440000,6061.24,6055,29271,6060,36866,6050,53940,6045,80783
2020-06-09 09:10:21.540000,6061.24,6055,21496,6060,36866,6050,54240,6045,80783
2020-06-09 09:10:22.550000,6061.24,6055,21496,6060,36866,6050,54240,6045,80783
2020-06-09 09:10:23.610000,6061.24,6055,9695,6060,31066,6050,60241,6045,74783
2020-06-09 09:10:24.740000,6061.24,6055,10263,6060,31066,6050,60243,6045,74783
2020-06-09 09:10:25.770000,6061.24,6055,4847,6060,31066,6050,59843,6045,74783
2020-06-09 09:10:26.830000,6061.24,6060,36066,6065,44172,6055,7812,6050,70741
2020-06-09 09:10:27.930000,6063.18,6060,49550,6065,44172,6055,19,6050,72241
2020-06-09 09:10:29.000000,6064.74,6060,49556,6065,44172,6050,71884,6045,74784
2020-06-09 09:10:30.000000,6063.96,6060,49556,6065,44172,6050,71884,6045,79784
2020-06-09 09:10:31.520000,6063.96,6060,49556,6065,44172,6050,71884,6045,79834
2020-06-09 09:10:32.110000,6063.96,6060,49556,6065,44172,6055,5359,6050,85366
2020-06-09 09:10:33.170000,6063.96,6060,44556,6065,44172,6055,14158,6050,71884
2020-06-09 09:10:34.110000,6063.96,6060,44556,6065,44172,6055,36808,6050,71884
2020-06-09 09:10:35.190000,6063.96,6060,46767,6065,44172,6055,14158,6050,71884
2020-06-09 09:10:36.330000,6063.96,6060,46767,6065,44172,6055,36717,6050,85366
2020-06-09 09:10:37.340000,6065.13,6060,46766,6065,44172,6055,36727,6050,85466
2020-06-09 09:10:38.440000,6065.52,6060,46766,6065,44172,6055,1626,6050,71989
2020-06-09 09:10:39.480000,6065.91,6060,51766,6065,44172,6055,1626,6050,71989
2020-06-09 09:10:40.110000,6064.35,6060,51766,6065,57654,6055,492,6050,72089
2020-06-09 09:10:41.000000,6064.35,6060,51766,6065,44172,6055,100,6050,72089
2020-06-09 09:10:42.090000,6064.35,6060,51766,6065,44172,6055,100,6050,72089
2020-06-09 09:10:43.170000,6064.35,6060,51766,6065,44172,6055,100,6050,72099
2020-06-09 09:10:44.150000,6064.35,6060,51766,6065,44172,6055,110,6050,72089
2020-06-09 09:10:45.230000,6064.35,6055,11697,6060,51766,6050,72189,6045,78034
2020-06-09 09:10:46.280000,6064.35,6060,36966,6065,44172,6055,40630,6050,85571
2020-06-09 09:10:46.900000,6063.96,6060,36966,6065,44172,6055,20480,6050,72289
2020-06-09 09:10:47.900000,6063.57,6060,50366,6065,44172,6055,20480,6050,72299
2020-06-09 09:10:48.980000,6065.52,6060,51366,6065,44172,6055,20480,6050,72306
2020-06-09 09:10:49.970000,6065.52,6060,42921,6065,44172,6055,16975,6050,72306
2020-06-09 09:10:51.040000,6065.52,6060,37921,6065,44172,6055,39625,6050,85788
2020-06-09 09:10:52.140000,6065.52,6060,29217,6065,52971,6055,38070,6050,87788
2020-06-09 09:10:53.170000,6065.52,6060,29217,6065,52971,6055,44070,6050,82088
2020-06-09 09:10:54.300000,6065.52,6060,33517,6065,52971,6055,15420,6050,88088
2020-06-09 09:10:55.270000,6065.52,6060,47119,6065,52971,6055,15400,6050,74606
2020-06-09 09:10:56.380000,6065.52,6060,40633,6065,52971,6055,44776,6050,81988
2020-06-09 09:10:57.350000,6066.3,6060,33981,6065,52971,6055,38776,6050,87988
2020-06-09 09:10:58.460000,6065.91,6060,54663,6065,52971,6055,14297,6050,74506
2020-06-09 09:10:59.460000,6065.52,6060,54763,6065,52971,6055,7377,6050,74506
2020-06-09 09:11:00.500000,6065.52,6060,53892,6065,52971,6050,74506,6045,73236
2020-06-09 09:11:01.610000,6065.52,6055,13799,6060,54222,6050,68706,6045,68236
2020-06-09 09:11:02.710000,6065.52,6055,14100,6060,54222,6050,68706,6045,68236
2020-06-09 09:11:03.670000,6065.52,6055,24726,6060,60022,6050,37478,6045,74236
2020-06-09 09:11:04.800000,6065.52,6055,26026,6060,60022,6050,50108,6045,74236
2020-06-09 09:11:05.900000,6065.52,6055,35125,6060,60022,6050,29978,6045,60754
2020-06-09 09:11:06.980000,6063.57,6055,35812,6060,60022,6050,29978,6045,60754
2020-06-09 09:11:07.870000,6062.01,6055,35812,6060,60022,6050,29983,6045,60754
2020-06-09 09:11:08.950000,6062.01,6055,35812,6060,60022,6050,29983,6045,60754
2020-06-09 09:11:09.990000,6062.01,6055,36577,6060,60022,6050,50113,6045,60759
2020-06-09 09:11:11.060000,6062.01,6055,56178,6060,60022,6050,52653,6045,60759
2020-06-09 09:11:12.100000,6062.01,6055,56178,6060,60022,6050,52653,6045,60779
2020-06-09 09:11:13.150000,6062.01,6055,50578,6060,54222,6050,58663,6045,68261
2020-06-09 09:11:14.170000,6062.01,6055,48967,6060,54222,6050,58663,6045,68261
2020-06-09 09:11:15.240000,6062.01,6055,39441,6060,54722,6050,58763,6045,68261
2020-06-09 09:11:16.200000,6062.01,6055,39441,6060,54722,6050,56763,6045,68261
2020-06-09 09:11:16.740000,6062.01,6055,39441,6060,54722,6050,46763,6045,68261
2020-06-09 09:11:17.880000,6063.7,6055,39441,6060,54722,6050,57575,6045,73261
2020-06-09 09:11:18.880000,6063.7,6055,39941,6060,54722,6050,57575,6045,73261
2020-06-09 09:11:19.480000,6063.7,6055,39441,6060,54722,6050,60375,6045,73261
2020-06-09 09:11:20.480000,6063.7,6060,60712,6065,53831,6055,16402,6050,65376
2020-06-09 09:11:21.520000,6063.7,6060,60712,6065,53831,6055,10859,6050,80376
2020-06-09 09:11:22.580000,6063.7,6060,60712,6065,53831,6050,80676,6045,73251
2020-06-09 09:11:23.580000,6063.7,6060,60712,6065,53831,6050,80676,6045,73251
2020-06-09 09:11:24.630000,6063.7,6060,60712,6065,53831,6055,23110,6050,80776
2020-06-09 09:11:26.750000,6063.7,6060,60712,6065,53821,6050,80776,6045,73251
2020-06-09 09:11:27.820000,6064.87,6055,22790,6060,54722,6050,80776,6045,73251
2020-06-09 09:11:28.440000,6064.87,6055,23290,6060,54722,6050,80576,6045,73251
2020-06-09 09:11:29.610000,6064.87,6055,500,6060,77512,6050,80376,6045,73251
2020-06-09 09:11:30.780000,6064.87,6055,5000,6060,77512,6050,80376,6045,73251
2020-06-09 09:11:32.030000,6064.87,6055,5000,6060,77512,6050,80377,6045,73251
2020-06-09 09:11:32.610000,6064.87,6060,77512,6065,53821,6055,22615,6050,80377
2020-06-09 09:11:33.590000,6064.87,6060,77512,6065,53821,6055,23115,6050,80377
2020-06-09 09:11:34.590000,6064.87,6060,77612,6065,53821,6055,505,6050,80377
2020-06-09 09:11:35.680000,6064.87,6055,300,6060,77107,6050,80377,6045,73256
2020-06-09 09:11:36.750000,6064.87,6055,294,6060,77107,6050,80377,6045,73256
2020-06-09 09:11:37.780000,6064.87,6060,76607,6065,53821,6050,80739,6045,73256
2020-06-09 09:11:38.820000,6064.87,6060,66607,6065,53821,6055,170,6050,80739
2020-06-09 09:11:39.810000,6064.87,6060,66607,6065,53821,6055,170,6050,80939
2020-06-09 09:11:40.920000,6064.87,6060,66437,6065,53821,6050,80939,6045,68286
2020-06-09 09:11:41.990000,6064.87,6055,26120,6060,44222,6050,75139,6045,68336
2020-06-09 09:11:43.030000,6064.87,6055,26115,6060,44222,6050,75144,6045,68336
2020-06-09 09:11:44.070000,6064.87,6060,65337,6065,53821,6050,80995,6045,73336
2020-06-09 09:11:45.120000,6064.87,6060,64553,6065,53821,6055,20308,6050,80995
2020-06-09 09:11:46.160000,6064.87,6060,64552,6065,53821,6055,20308,6050,81595
2020-06-09 09:11:46.650000,6064.87,6060,69552,6065,48821,6055,22054,6050,81595
2020-06-09 09:11:47.770000,6064.87,6060,69652,6065,48821,6055,22054,6050,81595
2020-06-09 09:11:48.840000,6065.65,6060,69652,6065,48821,6055,21554,6050,81595
2020-06-09 09:11:49.870000,6065.65,6060,69652,6065,48821,6055,19554,6050,81645
2020-06-09 09:11:50.930000,6065.65,6060,69652,6065,48821,6055,19714,6050,81645
2020-06-09 09:11:52.020000,6065.65,6060,66249,6065,43021,6055,39513,6050,89027
2020-06-09 09:11:52.480000,6065.65,6060,66249,6065,43021,6055,43516,6050,89027
2020-06-09 09:11:53.550000,6065.65,6060,66249,6065,43021,6055,43516,6050,89027
2020-06-09 09:11:54.600000,6065.65,6060,66249,6065,48821,6055,37516,6050,95027
2020-06-09 09:11:55.690000,6065.65,6060,66248,6065,48821,6055,28717,6050,95027
2020-06-09 09:11:56.130000,6065.65,6060,66084,6065,48821,6055,28717,6050,95023
2020-06-09 09:11:57.290000,6067.2,6060,66064,6065,48821,6055,28717,6050,95025
2020-06-09 09:11:58.290000,6067.2,6060,66064,6065,48821,6055,28717,6050,95025
2020-06-09 09:11:58.850000,6066.04,6060,66064,6065,48821,6055,28717,6050,95025
2020-06-09 09:11:59.910000,6066.04,6060,71065,6065,48821,6055,23717,6050,95025
2020-06-09 09:12:01.020000,6066.04,6060,71065,6065,53821,6055,37516,6050,95025
2020-06-09 09:12:02.070000,6066.04,6060,66065,6065,48021,6055,46123,6050,89045
2020-06-09 09:12:03.110000,6066.04,6060,66065,6065,53821,6055,38123,6050,95045
2020-06-09 09:12:04.130000,6066.04,6060,66065,6065,53821,6055,49623,6050,95045
2020-06-09 09:12:05.160000,6066.04,6060,66090,6065,53821,6055,49621,6050,95045
2020-06-09 09:12:05.580000,6066.04,6060,66090,6065,53821,6055,50070,6050,95045
2020-06-09 09:12:06.750000,6066.43,6060,66090,6065,53821,6055,49570,6050,95045
2020-06-09 09:12:07.440000,6067.34,6060,66090,6065,48021,6055,49570,6050,95043
2020-06-09 09:12:08.410000,6067.72,6060,66090,6065,48021,6055,61370,6050,89043
2020-06-09 09:12:09.360000,6067.72,6060,59308,6065,48021,6055,51380,6050,89044
2020-06-09 09:12:10.450000,6067.72,6060,59308,6065,48021,6055,53557,6050,89044
2020-06-09 09:12:11.480000,6067.72,6060,59308,6065,48021,6055,53557,6050,89044
2020-06-09 09:12:12.580000,6067.72,6060,59308,6065,48021,6055,58674,6050,89044
2020-06-09 09:12:13.060000,6067.72,6060,59308,6065,48021,6055,53324,6050,89044
2020-06-09 09:12:14.190000,6067.72,6060,59308,6065,48021,6055,61124,6050,89519
2020-06-09 09:12:15.280000,6067.72,6060,59308,6065,48021,6055,61124,6050,89519
2020-06-09 09:12:15.840000,6067.72,6060,59308,6065,48021,6055,61124,6050,89519
2020-06-09 09:12:16.840000,6068.5,6060,56688,6065,48021,6055,61004,6050,89519
2020-06-09 09:12:17.870000,6068.5,6060,56688,6065,48021,6055,61004,6050,89519
2020-06-09 09:12:18.900000,6068.5,6060,56688,6065,48021,6055,59004,6050,89519
2020-06-09 09:12:19.540000,6068.89,6060,56688,6065,48021,6055,47204,6050,95519
2020-06-09 09:12:20.580000,6068.89,6060,30331,6065,69086,6055,58604,6050,94519
2020-06-09 09:12:22.200000,6068.89,6060,30311,6065,69086,6055,58584,6050,94519
2020-06-09 09:12:23.200000,6068.89,6060,30311,6065,69086,6055,58584,6050,94519
2020-06-09 09:12:24.230000,6068.89,6060,29981,6065,69086,6055,68584,6050,94519
2020-06-09 09:12:25.340000,6068.89,6060,29981,6065,69086,6055,68684,6050,94519
2020-06-09 09:12:26.360000,6068.89,6060,29971,6065,69086,6055,68684,6050,94519
2020-06-09 09:12:27.430000,6068.89,6065,61559,6070,43863,6060,42244,6055,82154
2020-06-09 09:12:28.480000,6069.67,6065,61461,6070,43865,6060,42246,6055,82154
2020-06-09 09:12:29.530000,6071.23,6065,61461,6070,43865,6060,43384,6055,82154
2020-06-09 09:12:30.100000,6071.23,6065,68421,6070,49665,6060,43134,6055,82254
2020-06-09 09:12:31.040000,6071.23,6065,68421,6070,49665,6060,46134,6055,82254
2020-06-09 09:12:32.170000,6071.23,6065,68371,6070,49665,6060,45769,6055,82254
2020-06-09 09:12:33.230000,6071.23,6065,68321,6070,49665,6060,45769,6055,83049
2020-06-09 09:12:34.230000,6071.23,6065,69358,6070,49665,6060,45769,6055,83049
2020-06-09 09:12:35.310000,6071.23,6065,69358,6070,49665,6060,45769,6055,83249
2020-06-09 09:12:36.340000,6071.23,6065,69858,6070,49665,6060,45769,6055,83249
2020-06-09 09:12:36.950000,6070.06,6065,69858,6070,49665,6060,45851,6055,83259
2020-06-09 09:12:39.050000,6070.06,6065,69858,6070,49665,6060,45851,6055,81513
2020-06-09 09:12:40.070000,6070.06,6065,70358,6070,49665,6060,45851,6055,81688
2020-06-09 09:12:41.080000,6070.06,6065,70358,6070,49665,6060,44851,6055,81688
2020-06-09 09:12:42.160000,6070.06,6065,70360,6070,49993,6060,44851,6055,81688
2020-06-09 09:12:42.830000,6070.06,6065,70360,6070,49993,6060,43584,6055,81718
2020-06-09 09:12:44.820000,6070.06,6065,63400,6070,44193,6060,48514,6055,81719
2020-06-09 09:12:45.900000,6070.06,6065,63400,6070,44193,6060,65423,6055,75719
2020-06-09 09:12:46.880000,6070.06,6065,56995,6070,52992,6060,66423,6055,75719
2020-06-09 09:12:47.930000,6071.23,6065,58980,6070,52992,6060,66423,6055,75719
2020-06-09 09:12:48.910000,6072.92,6065,58980,6070,76042,6060,62917,6055,75719
2020-06-09 09:12:49.600000,6072.92,6065,58898,6070,76042,6060,63217,6055,75729
2020-06-09 09:12:50.550000,6072.92,6065,53898,6070,76042,6060,50417,6055,75730
2020-06-09 09:12:51.610000,6072.92,6065,50598,6070,76042,6060,50267,6055,81730
2020-06-09 09:12:52.630000,6072.92,6065,49597,6070,76042,6060,56267,6055,80730
2020-06-09 09:12:53.710000,6072.92,6065,51708,6070,76042,6060,56267,6055,75730
2020-06-09 09:12:54.720000,6072.92,6065,49154,6070,76792,6060,56267,6055,75730
2020-06-09 09:12:55.770000,6072.92,6065,49154,6070,76792,6060,50448,6055,75730
2020-06-09 09:12:56.470000,6072.92,6065,49020,6070,76792,6060,57298,6055,75730
2020-06-09 09:12:57.780000,6073.7,6065,48920,6070,76792,6060,57299,6055,75730
2020-06-09 09:12:58.170000,6074.61,6065,46807,6070,76792,6060,51709,6055,75730
2020-06-09 09:12:59.130000,6074.61,6065,46807,6070,76792,6060,53709,6055,75730
2020-06-09 09:13:00.130000,6074.61,6065,46794,6070,76792,6060,53709,6055,75700
2020-06-09 09:13:01.130000,6074.61,6065,76358,6070,82592,6060,41919,6055,81700
2020-06-09 09:13:02.270000,6074.61,6065,76306,6070,76792,6060,37035,6055,81690
2020-06-09 09:13:03.240000,6074.61,6065,77628,6070,76462,6060,37038,6055,81690
2020-06-09 09:13:04.270000,6074.61,6065,77628,6070,76462,6060,37038,6055,83693
2020-06-09 09:13:05.230000,6074.61,6065,73992,6070,76462,6060,37038,6055,83693
2020-06-09 09:13:06.340000,6074.99,6065,74069,6070,76462,6060,39083,6055,77703
2020-06-09 09:13:07.350000,6073.44,6065,74069,6070,75652,6060,32283,6055,83703
2020-06-09 09:13:08.430000,6073.44,6065,74069,6070,81452,6060,23440,6055,70221
2020-06-09 09:13:09.460000,6073.05,6065,74069,6070,81452,6060,23453,6055,70221
2020-06-09 09:13:09.960000,6072.27,6065,74059,6070,81452,6060,23453,6055,70221
2020-06-09 09:13:11.040000,6072.27,6065,74059,6070,81453,6060,23453,6055,71224
2020-06-09 09:13:12.120000,6072.27,6065,74059,6070,81453,6060,23453,6055,84706
2020-06-09 09:13:13.220000,6072.27,6065,73559,6070,81453,6060,23720,6055,84706
2020-06-09 09:13:14.290000,6072.27,6065,73559,6070,81453,6060,38325,6055,70874
2020-06-09 09:13:15.300000,6072.27,6065,73559,6070,81453,6060,15275,6055,70874
2020-06-09 09:13:16.350000,6072.27,6065,74244,6070,81453,6060,15375,6055,70874
2020-06-09 09:13:17.430000,6072.66,6065,74244,6070,81453,6060,39933,6055,70874
2020-06-09 09:13:18.100000,6071.88,6060,8889,6065,74996,6055,70876,6050,95704
2020-06-09 09:13:19.000000,6070.97,6060,31761,6065,74996,6055,70876,6050,95704
2020-06-09 09:13:20.020000,6070.19,6060,34359,6065,74996,6055,65076,6050,90704
2020-06-09 09:13:21.070000,6070.19,6060,31659,6065,74996,6055,70872,6050,90704
2020-06-09 09:13:22.110000,6070.19,6060,35609,6065,74996,6055,59105,6050,96704
2020-06-09 09:13:23.670000,6070.19,6060,39266,6065,74906,6055,54105,6050,96707
2020-06-09 09:13:24.420000,6070.19,6060,52966,6065,80706,6055,54203,6050,96707
2020-06-09 09:13:25.460000,6070.19,6060,57991,6065,80706,6055,54203,6050,96707
2020-06-09 09:13:26.450000,6069.8,6060,57991,6065,80706,6055,54678,6050,96232
2020-06-09 09:13:27.440000,6068.64,6060,60486,6065,80706,6055,55176,6050,96232
2020-06-09 09:13:28.440000,6069.02,6060,41711,6065,74906,6055,61181,6050,90232
2020-06-09 09:13:29.520000,6069.02,6060,43707,6065,74906,6055,61181,6050,90232
2020-06-09 09:13:30.570000,6069.02,6060,50632,6065,83017,6055,55181,6050,96232
2020-06-09 09:13:31.610000,6069.02,6060,46607,6065,77217,6055,61181,6050,90032
2020-06-09 09:13:32.690000,6069.02,6060,46621,6065,77217,6055,61201,6050,90042
2020-06-09 09:13:33.660000,6069.02,6060,46859,6065,77217,6055,55201,6050,96042
2020-06-09 09:13:34.030000,6069.02,6060,60642,6065,77217,6055,61201,6050,90042
2020-06-09 09:13:34.970000,6069.02,6060,60642,6065,77217,6055,61201,6050,89752
2020-06-09 09:13:35.930000,6069.02,6060,60642,6065,77417,6055,61195,6050,89752
2020-06-09 09:13:36.950000,6069.02,6060,60642,6065,77417,6055,61195,6050,89752
2020-06-09 09:13:38.030000,6068.64,6060,61642,6065,77417,6055,61295,6050,89757
2020-06-09 09:13:39.070000,6068.64,6060,56944,6065,77417,6055,53419,6050,89757
2020-06-09 09:13:39.510000,6068.64,6060,72538,6065,83217,6055,48519,6050,95757
2020-06-09 09:13:40.620000,6068.64,6060,72538,6065,83217,6055,48519,6050,95757
2020-06-09 09:13:41.280000,6068.64,6060,67513,6065,77417,6055,48509,6050,95757
2020-06-09 09:13:42.210000,6068.64,6060,73838,6065,83217,6055,48509,6050,95757
2020-06-09 09:13:43.290000,6068.64,6060,53813,6065,77417,6055,39809,6050,95757
2020-06-09 09:13:44.310000,6068.64,6060,53813,6065,77417,6055,39812,6050,95757
2020-06-09 09:13:45.010000,6068.64,6060,70147,6065,77417,6055,39696,6050,95757
2020-06-09 09:13:45.900000,6068.64,6060,70147,6065,77417,6055,39696,6050,96757
2020-06-09 09:13:46.960000,6068.25,6060,70147,6065,77417,6055,39696,6050,96760
2020-06-09 09:13:47.520000,6068.25,6060,69997,6065,77417,6055,40319,6050,96780
2020-06-09 09:13:48.620000,6068.25,6060,86541,6065,77417,6055,39819,6050,96780
2020-06-09 09:13:49.680000,6068.25,6060,91566,6065,83217,6055,39819,6050,96780
2020-06-09 09:13:50.270000,6068.25,6060,91566,6065,83217,6055,37219,6050,96780
2020-06-09 09:13:51.230000,6068.25,6060,91566,6065,83217,6055,37419,6050,96780
2020-06-09 09:13:52.350000,6068.25,6060,91525,6065,83217,6055,18192,6050,83825
2020-06-09 09:13:53.400000,6068.25,6055,17000,6060,91525,6050,83825,6045,67772
2020-06-09 09:13:54.370000,6068.25,6055,15145,6060,91527,6050,83825,6045,67772
2020-06-09 09:13:55.520000,6068.25,6055,19795,6060,91527,6050,83825,6045,67772
2020-06-09 09:13:55.900000,6068.25,6055,43743,6060,91527,6050,83825,6045,62772
2020-06-09 09:13:57.080000,6067.86,6055,42014,6060,91527,6050,83828,6045,62772
2020-06-09 09:13:58.130000,6065.78,6055,42013,6060,91527,6050,83828,6045,62822
2020-06-09 09:13:58.630000,6065.0,6055,43913,6060,91527,6050,78828,6045,62822
2020-06-09 09:13:59.740000,6064.61,6055,18463,6060,91527,6050,78818,6045,62822
2020-06-09 09:14:00.830000,6064.61,6055,6361,6060,91527,6050,78818,6045,67822
2020-06-09 09:14:01.410000,6064.61,6060,91527,6065,83217,6055,22960,6050,83868
2020-06-09 09:14:02.410000,6064.61,6060,82427,6065,83217,6055,22960,6050,83868
2020-06-09 09:14:03.470000,6064.61,6060,80707,6065,83217,6055,22940,6050,97350
2020-06-09 09:14:04.530000,6064.61,6060,76357,6065,83217,6055,22940,6050,97350
2020-06-09 09:14:05.570000,6064.61,6060,76357,6065,83217,6055,22940,6050,97350
2020-06-09 09:14:06.070000,6064.61,6060,76357,6065,83217,6055,22940,6050,83868
2020-06-09 09:14:07.160000,6066.17,6060,78157,6065,83217,6050,83868,6045,68822
2020-06-09 09:14:08.220000,6067.34,6060,77457,6065,83217,6055,94,6050,83868
2020-06-09 09:14:09.280000,6065.39,6060,76507,6065,83217,6055,28199,6050,83868
2020-06-09 09:14:09.910000,6066.17,6060,76507,6065,83217,6055,27169,6050,83868
2020-06-09 09:14:10.970000,6066.17,6060,87007,6065,83217,6055,27179,6050,83868
2020-06-09 09:14:12.030000,6066.17,6060,87017,6065,83227,6055,476,6050,83868
2020-06-09 09:14:13.000000,6066.17,6055,33272,6060,87017,6050,83868,6045,63792
2020-06-09 09:14:14.030000,6066.17,6055,33272,6060,87117,6050,78068,6045,63792
2020-06-09 09:14:15.090000,6066.17,6055,45434,6060,87117,6050,67568,6045,69792
2020-06-09 09:14:16.090000,6066.17,6055,40397,6060,87117,6050,67568,6045,69792
2020-06-09 09:14:17.140000,6065.39,6055,40397,6060,87117,6050,73568,6045,63793
2020-06-09 09:14:17.900000,6063.44,6055,45424,6060,87117,6050,73568,6045,63793
2020-06-09 09:14:18.980000,6063.83,6055,45414,6060,87117,6050,67568,6045,69793
2020-06-09 09:14:19.980000,6064.61,6055,45414,6060,89619,6050,68068,6045,69793
2020-06-09 09:14:20.960000,6064.61,6055,39795,6060,89619,6050,74856,6045,63793
2020-06-09 09:14:21.990000,6064.61,6055,46695,6060,89619,6050,63083,6045,70293
2020-06-09 09:14:23.030000,6064.61,6055,46715,6060,89619,6050,63083,6045,70293
2020-06-09 09:14:24.080000,6064.61,6055,51726,6060,95419,6050,63083,6045,79092
2020-06-09 09:14:25.140000,6064.61,6055,52226,6060,95419,6050,58056,6045,79092
2020-06-09 09:14:26.170000,6064.61,6055,61426,6060,95419,6050,58056,6045,79092
2020-06-09 09:14:26.700000,6064.61,6055,61344,6060,95419,6050,32986,6045,79092
2020-06-09 09:14:27.780000,6064.22,6055,61444,6060,95419,6050,53116,6045,79092
2020-06-09 09:14:28.830000,6062.67,6055,51744,6060,95419,6050,53117,6045,79092
2020-06-09 09:14:29.870000,6063.05,6055,51744,6060,95419,6050,53199,6045,81593
2020-06-09 09:14:30.830000,6063.05,6055,51744,6060,96467,6050,54799,6045,81593
2020-06-09 09:14:31.970000,6063.05,6055,61744,6060,96467,6050,35699,6045,81700
2020-06-09 09:14:32.590000,6063.05,6055,61544,6060,96467,6050,55829,6045,81700
2020-06-09 09:14:33.580000,6063.05,6055,61514,6060,96467,6050,55829,6045,81700
2020-06-09 09:14:34.610000,6063.05,6055,53414,6060,96467,6050,57993,6045,81700
2020-06-09 09:14:35.690000,6063.05,6055,60814,6060,96467,6050,38235,6045,81700
2020-06-09 09:14:36.700000,6063.05,6055,60814,6060,96467,6050,38335,6045,81700
2020-06-09 09:14:37.750000,6062.28,6055,60814,6060,96467,6050,38835,6045,81700
2020-06-09 09:14:38.830000,6061.89,6050,33058,6055,40884,6045,59419,6040,83013
2020-06-09 09:14:39.370000,6061.89,6055,63926,6060,73521,6045,83873,6040,83013
2020-06-09 09:14:40.390000,6061.89,6055,63926,6060,73521,6050,25130,6045,83873
2020-06-09 09:14:41.400000,6061.89,6055,63926,6060,73521,6050,25130,6045,83873
2020-06-09 09:14:42.360000,6061.89,6055,63926,6060,73521,6050,25190,6045,83873
2020-06-09 09:14:42.810000,6061.89,6055,63926,6060,73521,6050,25190,6045,83878
2020-06-09 09:14:43.540000,6061.89,6055,63926,6060,73521,6050,25140,6045,83878
2020-06-09 09:14:44.510000,6061.89,6055,63926,6060,73521,6050,25160,6045,83878
2020-06-09 09:14:45.560000,6061.89,6055,63926,6060,73521,6050,25160,6045,83878
2020-06-09 09:14:46.600000,6061.89,6055,63926,6060,73531,6050,25096,6045,83878
2020-06-09 09:14:47.680000,6063.05,6055,63926,6060,73531,6050,28178,6045,83878
2020-06-09 09:14:48.170000,6062.28,6055,63976,6060,73531,6050,28279,6045,83878
2020-06-09 09:14:49.260000,6062.28,6055,63976,6060,73531,6050,28284,6045,83878
2020-06-09 09:14:50.320000,6062.28,6050,3289,6055,63976,6045,83878,6040,83413
2020-06-09 09:14:51.380000,6062.28,6050,3289,6055,63976,6045,83878,6040,83413
2020-06-09 09:14:52.380000,6062.28,6050,29739,6055,63976,6045,70396,6040,82393
2020-06-09 09:14:52.980000,6062.28,6050,28739,6055,63976,6045,70396,6040,82393
2020-06-09 09:14:53.880000,6062.28,6050,26879,6055,63976,6045,69897,6040,81893
2020-06-09 09:14:54.900000,6062.28,6050,27269,6055,63976,6045,69906,6040,81893
2020-06-09 09:14:55.340000,6062.28,6050,27269,6055,63976,6045,69906,6040,82667
2020-06-09 09:14:56.140000,6062.28,6050,27319,6055,63976,6045,69906,6040,82667
2020-06-09 09:14:57.030000,6060.72,6050,27319,6055,64070,6045,109906,6040,82667
2020-06-09 09:14:58.110000,6060.72,6050,27319,6055,64070,6045,109906,6040,82667
2020-06-09 09:14:58.640000,6060.72,6050,27218,6055,64070,6045,109906,6040,82668
2020-06-09 09:14:59.770000,6059.55,6050,45589,6055,64070,6045,90547,6040,88668
2020-06-09 09:15:00.810000,6059.55,6050,32217,6055,64070,6045,100705,6040,82668
2020-06-09 09:15:01.860000,6059.55,6050,38285,6055,64070,6045,94905,6040,82668
2020-06-09 09:15:02.940000,6059.55,6050,66347,6055,58613,6045,80433,6040,97467
2020-06-09 09:15:04.470000,6059.55,6050,57629,6055,58613,6045,80433,6040,97467
2020-06-09 09:15:05.580000,6059.55,6050,57543,6055,58613,6045,79535,6040,97567
2020-06-09 09:15:06.590000,6059.55,6050,57543,6055,58613,6045,79535,6040,97567
2020-06-09 09:15:07.620000,6057.99,6050,57828,6055,58613,6045,79535,6040,102567
2020-06-09 09:15:08.720000,6057.99,6050,57828,6055,58613,6045,79535,6040,102567
2020-06-09 09:15:09.760000,6057.99,6050,52805,6055,52813,6045,85535,6040,96582
2020-06-09 09:15:10.760000,6057.99,6050,44006,6055,52813,6045,85536,6040,96582
2020-06-09 09:15:11.890000,6057.99,6050,35606,6055,52813,6045,100986,6040,96582
2020-06-09 09:15:12.890000,6057.99,6050,36654,6055,52813,6045,100986,6040,97602
2020-06-09 09:15:13.930000,6057.99,6050,14204,6055,52813,6045,105176,6040,97592
2020-06-09 09:15:14.950000,6057.99,6050,15002,6055,52813,6045,105176,6040,97592
2020-06-09 09:15:15.500000,6057.99,6050,37452,6055,52813,6045,105176,6040,96572
2020-06-09 09:15:16.600000,6057.99,6050,35952,6055,52813,6045,99176,6040,102372
2020-06-09 09:15:17.650000,6059.16,6050,35952,6055,52813,6045,105176,6040,96372
2020-06-09 09:15:18.710000,6058.77,6050,36850,6055,52813,6045,99176,6040,102372
2020-06-09 09:15:19.260000,6058.77,6050,36850,6055,52813,6045,99176,6040,102372
2020-06-09 09:15:20.240000,6058.77,6050,41850,6055,52813,6045,99181,6040,102372
2020-06-09 09:15:21.290000,6058.77,6050,41850,6055,52813,6045,94340,6040,96372
2020-06-09 09:15:23.350000,6058.77,6050,41996,6055,52813,6045,94340,6040,96372
2020-06-09 09:15:24.400000,6058.77,6050,54873,6055,52813,6045,88340,6040,102372
2020-06-09 09:15:24.940000,6058.77,6050,49573,6055,52813,6045,94340,6040,96372
2020-06-09 09:15:26.050000,6058.77,6050,49573,6055,52813,6045,79541,6040,102372
2020-06-09 09:15:27.040000,6059.16,6050,69835,6055,58613,6045,79301,6040,102372
2020-06-09 09:15:27.650000,6057.99,6050,56735,6055,52813,6045,81451,6040,102392
2020-06-09 09:15:28.710000,6057.99,6050,52630,6055,52813,6045,81431,6040,102392
2020-06-09 09:15:29.760000,6057.99,6050,52630,6055,52813,6045,81431,6040,102392
2020-06-09 09:15:30.800000,6057.99,6050,55539,6055,52813,6045,81431,6040,102392
2020-06-09 09:15:31.800000,6057.99,6050,55539,6055,52813,6045,86431,6040,102392
2020-06-09 09:15:32.830000,6057.99,6050,55539,6055,52813,6045,86431,6040,102392
2020-06-09 09:15:33.960000,6057.99,6050,55539,6055,52813,6045,88555,6040,102392
2020-06-09 09:15:34.600000,6057.99,6050,71872,6055,58613,6045,88655,6040,102392
2020-06-09 09:15:35.550000,6057.99,6050,58372,6055,52813,6045,88155,6040,102392
2020-06-09 09:15:36.660000,6057.99,6050,52630,6055,52823,6045,94579,6040,96392
2020-06-09 09:15:37.710000,6057.6,6050,49573,6055,52823,6045,94379,6040,96402
2020-06-09 09:15:38.770000,6057.6,6050,16902,6055,52823,6045,111996,6040,97422
2020-06-09 09:15:39.770000,6057.6,6055,56386,6060,91342,6050,6800,6045,125521
2020-06-09 09:15:40.130000,6060.72,6055,56386,6060,91342,6050,37965,6045,125621
2020-06-09 09:15:41.070000,6060.72,6055,56386,6060,91342,6050,40465,6045,125621
2020-06-09 09:15:42.060000,6060.72,6055,56386,6060,91342,6050,40465,6045,125721
2020-06-09 09:15:43.070000,6060.72,6055,56386,6060,91342,6050,36021,6045,139203
2020-06-09 09:15:44.030000,6060.72,6055,56386,6060,91342,6050,36519,6045,139203
2020-06-09 09:15:45.060000,6060.72,6055,56386,6060,91342,6050,34281,6045,139203
2020-06-09 09:15:45.400000,6060.72,6055,56386,6060,91342,6050,3116,6045,125721
2020-06-09 09:15:46.180000,6060.72,6055,56386,6060,91342,6050,25482,6045,125721
2020-06-09 09:15:47.310000,6061.49,6055,58233,6060,91342,6050,20821,6045,139203
2020-06-09 09:15:48.290000,6061.49,6055,58233,6060,91342,6050,23661,6045,139203
2020-06-09 09:15:49.300000,6061.11,6055,58233,6060,91342,6050,23661,6045,139203
2020-06-09 09:15:49.840000,6061.11,6055,58233,6060,91342,6050,23711,6045,139203
2020-06-09 09:15:50.910000,6061.11,6055,58233,6060,91342,6050,19293,6045,139204
2020-06-09 09:15:52.010000,6061.11,6055,58233,6060,91342,6050,14147,6045,139204
2020-06-09 09:15:52.480000,6061.11,6055,58233,6060,91342,6050,14152,6045,139204
2020-06-09 09:15:53.620000,6061.11,6055,55133,6060,91342,6050,23001,6045,136204
2020-06-09 09:15:54.100000,6061.11,6055,52133,6060,85542,6050,28003,6045,134704
2020-06-09 09:15:55.160000,6061.11,6055,57933,6060,91342,6050,23068,6045,134604
2020-06-09 09:15:56.220000,6061.11,6055,58397,6060,91342,6050,23068,6045,134804
2020-06-09 09:15:56.800000,6061.11,6055,58397,6060,91342,6050,33225,6045,128804
2020-06-09 09:15:57.790000,6061.49,6055,58397,6060,91342,6050,27374,6045,134804
2020-06-09 09:15:58.910000,6061.88,6055,48096,6060,85542,6050,35875,6045,128804
2020-06-09 09:15:59.440000,6062.66,6055,51797,6060,85542,6050,37875,6045,128804
2020-06-09 09:16:00.380000,6062.66,6055,58497,6060,85542,6050,36216,6045,128804
2020-06-09 09:16:01.550000,6062.66,6055,58598,6060,85542,6050,29312,6045,134804
2020-06-09 09:16:02.580000,6062.66,6055,58598,6060,91342,6050,28812,6045,134804
2020-06-09 09:16:03.600000,6062.66,6055,59098,6060,91342,6050,27312,6045,134804
2020-06-09 09:16:04.130000,6062.66,6055,59098,6060,91342,6050,13513,6045,134804
2020-06-09 09:16:05.250000,6062.66,6050,21809,6055,59098,6045,102822,6040,92864
2020-06-09 09:16:06.250000,6062.66,6055,52298,6060,91343,6050,28050,6045,102873
2020-06-09 09:16:06.710000,6062.27,6055,62781,6060,91343,6050,28030,6045,102873
2020-06-09 09:16:07.850000,6061.49,6055,60181,6060,91343,6050,21450,6045,102933
2020-06-09 09:16:08.810000,6060.72,6055,61881,6060,91343,6050,21417,6045,102933
2020-06-09 09:16:09.060000,6060.72,6055,60181,6060,91343,6050,22631,6045,102933
2020-06-09 09:16:09.990000,6060.72,6055,54881,6060,91343,6050,22479,6045,102933
2020-06-09 09:16:11.030000,6060.72,6050,32963,6055,62881,6045,102933,6040,92965
2020-06-09 09:16:12.050000,6060.72,6050,1750,6055,68881,6045,110425,6040,92965
2020-06-09 09:16:12.530000,6060.72,6055,72081,6060,91343,6050,26300,6045,110425
2020-06-09 09:16:13.730000,6060.72,6055,72081,6060,91343,6050,26400,6045,110425
2020-06-09 09:16:14.230000,6060.72,6055,72081,6060,91343,6050,18321,6045,96943
2020-06-09 09:16:15.280000,6060.72,6055,72081,6060,91343,6050,18371,6045,96944
2020-06-09 09:16:15.770000,6060.72,6055,72081,6060,91343,6050,18171,6045,96944
2020-06-09 09:16:16.860000,6061.11,6055,72081,6060,85543,6050,18134,6045,110426
2020-06-09 09:16:17.870000,6061.49,6055,81689,6060,85543,6050,18124,6045,110426
2020-06-09 09:16:18.890000,6061.11,6055,81225,6060,91343,6050,18124,6045,110926
2020-06-09 09:16:19.340000,6061.11,6055,81225,6060,91343,6050,18124,6045,110926
2020-06-09 09:16:20.200000,6061.11,6055,75176,6060,91543,6050,23124,6045,110926
2020-06-09 09:16:21.150000,6061.11,6055,75166,6060,91543,6050,33788,6045,110926
2020-06-09 09:16:22.200000,6061.11,6055,75166,6060,92543,6050,51074,6045,110926
2020-06-09 09:16:23.100000,6061.11,6055,70154,6060,92543,6050,53574,6045,110926
2020-06-09 09:16:24.120000,6061.11,6055,70054,6060,92543,6050,53574,6045,110926
2020-06-09 09:16:25.210000,6061.11,6055,70054,6060,92543,6050,74768,6045,110826
2020-06-09 09:16:25.650000,6061.11,6055,70054,6060,92543,6050,74768,6045,110826
2020-06-09 09:16:26.820000,6062.27,6055,70054,6060,92543,6050,74778,6045,110826
2020-06-09 09:16:27.440000,6063.05,6055,63154,6060,92543,6050,74788,6045,110826
2020-06-09 09:16:28.440000,6063.44,6055,63154,6060,92543,6050,74788,6045,110826
2020-06-09 09:16:29.490000,6063.44,6055,64500,6060,92543,6050,74788,6045,115826
2020-06-09 09:16:29.910000,6063.83,6055,64500,6060,92543,6050,74788,6045,115826
2020-06-09 09:16:31.040000,6063.83,6055,12462,6060,92543,6050,74811,6045,115826
2020-06-09 09:16:32.110000,6063.83,6055,3038,6060,92543,6050,74811,6045,115826
2020-06-09 09:16:33.130000,6063.83,6055,5038,6060,92543,6050,74811,6045,115826
2020-06-09 09:16:33.550000,6063.83,6055,28078,6060,96424,6050,74811,6045,115826
2020-06-09 09:16:34.610000,6063.83,6055,28078,6060,96424,6050,74811,6045,115826
2020-06-09 09:16:35.940000,6063.83,6055,28078,6060,96424,6050,74811,6045,115826
2020-06-09 09:16:37.280000,6065.0,6055,28078,6060,96424,6050,74811,6045,115826
2020-06-09 09:16:37.660000,6064.22,6055,28078,6060,96424,6050,74811,6045,115826
2020-06-09 09:16:38.500000,6064.22,6055,34078,6060,90424,6050,69011,6045,110826
2020-06-09 09:16:39.490000,6064.22,6055,28078,6060,96424,6050,74224,6045,110826
2020-06-09 09:16:40.030000,6064.22,6055,28078,6060,96424,6050,74224,6045,110826
2020-06-09 09:16:41.020000,6064.22,6055,28078,6060,96424,6050,74323,6045,110826
2020-06-09 09:16:41.580000,6064.22,6055,28078,6060,96424,6050,74323,6045,110826
2020-06-09 09:16:42.670000,6064.22,6055,39278,6060,96424,6050,73823,6045,115826
2020-06-09 09:16:43.720000,6064.22,6055,27078,6060,96424,6050,72604,6045,115826
2020-06-09 09:16:44.700000,6064.22,6055,27078,6060,96424,6050,72604,6045,115826
2020-06-09 09:16:45.750000,6064.22,6055,27077,6060,96424,6050,74704,6045,117776
2020-06-09 09:16:46.230000,6063.44,6055,27077,6060,96424,6050,74716,6045,117776
2020-06-09 09:16:47.370000,6064.22,6055,32086,6060,96424,6050,74716,6045,117776
2020-06-09 09:16:48.390000,6064.22,6055,29786,6060,96424,6050,74722,6045,117776
2020-06-09 09:16:48.910000,6063.05,6055,44576,6060,90424,6050,68925,6045,112886
2020-06-09 09:16:49.910000,6063.05,6055,43455,6060,90424,6050,68925,6045,112886
2020-06-09 09:16:50.980000,6063.05,6055,43455,6060,90424,6050,68925,6045,112886
2020-06-09 09:16:51.580000,6063.05,6055,43455,6060,90424,6050,68925,6045,112886
2020-06-09 09:16:52.540000,6063.05,6055,40850,6060,90424,6050,68925,6045,112886
2020-06-09 09:16:53.640000,6063.05,6055,40850,6060,90424,6050,68926,6045,112886
2020-06-09 09:16:54.680000,6063.05,6055,40714,6060,90424,6050,47728,6045,112886
2020-06-09 09:16:54.970000,6063.05,6055,44414,6060,90424,6050,47729,6045,112886
2020-06-09 09:16:55.780000,6063.05,6055,49654,6060,90424,6050,47629,6045,112886
2020-06-09 09:16:56.750000,6063.05,6055,36701,6060,96424,6050,53449,6045,112886
2020-06-09 09:16:57.810000,6062.27,6055,36706,6060,96424,6050,53449,6045,112886
2020-06-09 09:16:58.250000,6063.44,6055,36706,6060,96424,6050,53499,6045,112886
2020-06-09 09:16:59.070000,6063.44,6055,9525,6060,96424,6050,53499,6045,117887
2020-06-09 09:17:00.210000,6063.44,6055,18116,6060,96424,6050,53599,6045,117887
2020-06-09 09:17:01.210000,6063.44,6055,17686,6060,96424,6050,54343,6045,117887
2020-06-09 09:17:02.150000,6063.44,6055,19215,6060,96424,6050,54343,6045,117887
2020-06-09 09:17:03.080000,6063.44,6055,41533,6060,96424,6050,54343,6045,117887
2020-06-09 09:17:04.160000,6063.44,6055,23369,6060,96424,6050,54343,6045,117887
2020-06-09 09:17:05.630000,6063.44,6055,14615,6060,96424,6050,54343,6045,117887
2020-06-09 09:17:06.770000,6063.44,6055,14615,6060,96424,6050,54343,6045,117887
2020-06-09 09:17:07.190000,6063.44,6060,96424,6065,66440,6055,16012,6050,54343
2020-06-09 09:17:08.380000,6063.44,6060,85924,6065,66440,6055,16012,6050,54343
2020-06-09 09:17:09.390000,6063.44,6060,85924,6065,66440,6055,16012,6050,54343
2020-06-09 09:17:09.850000,6063.44,6060,85924,6065,66440,6055,16012,6050,54893
2020-06-09 09:17:10.990000,6063.44,6060,79924,6065,72440,6055,14012,6050,68375
2020-06-09 09:17:12.030000,6063.44,6060,85924,6065,66440,6055,14012,6050,68375
2020-06-09 09:17:13.060000,6063.44,6060,85924,6065,66440,6055,14012,6050,68425
2020-06-09 09:17:13.470000,6063.44,6060,85924,6065,66440,6055,14012,6050,68425
2020-06-09 09:17:14.690000,6063.44,6060,95654,6065,66110,6050,61201,6045,117892
2020-06-09 09:17:15.130000,6063.44,6060,86254,6065,66110,6055,19170,6050,61201
2020-06-09 09:17:16.250000,6063.44,6060,86153,6065,66110,6055,18170,6050,61201
2020-06-09 09:17:17.250000,6065.39,6060,86153,6065,66110,6055,18170,6050,61201
2020-06-09 09:17:17.640000,6065.39,6060,86153,6065,66110,6050,47719,6045,119451
2020-06-09 09:17:18.570000,6064.61,6055,10000,6060,95753,6050,47719,6045,119451
2020-06-09 09:17:19.450000,6064.61,6055,37164,6060,95753,6050,47661,6045,119451
2020-06-09 09:17:20.630000,6064.61,6055,37154,6060,95753,6050,47661,6045,119451
2020-06-09 09:17:21.570000,6064.61,6055,37204,6060,95753,6050,47662,6045,119451
2020-06-09 09:17:22.070000,6064.61,6055,37197,6060,95753,6050,47662,6045,119451
2020-06-09 09:17:23.240000,6064.61,6055,37187,6060,95753,6050,47662,6045,119451
2020-06-09 09:17:24.870000,6064.61,6055,56249,6060,89753,6050,52362,6045,114451
2020-06-09 09:17:25.900000,6064.61,6055,59486,6060,89753,6050,52362,6045,114451
2020-06-09 09:17:26.300000,6064.61,6055,59486,6060,89753,6050,44988,6045,114451
2020-06-09 09:17:27.480000,6063.83,6055,59486,6060,89753,6050,49988,6045,114466
2020-06-09 09:17:28.460000,6063.44,6055,64627,6060,95553,6050,45036,6045,114466
2020-06-09 09:17:28.930000,6061.88,6050,36108,6055,67629,6045,94208,6040,87346
2020-06-09 09:17:30.080000,6061.88,6050,37508,6055,61629,6045,94208,6040,86326
2020-06-09 09:17:31.150000,6061.88,6050,37508,6055,61629,6045,94208,6040,86326
2020-06-09 09:17:32.190000,6061.88,6050,31558,6055,67579,6045,94208,6040,86326
2020-06-09 09:17:33.160000,6061.88,6050,32022,6055,67579,6045,94208,6040,86326
2020-06-09 09:17:34.330000,6061.88,6050,41903,6055,61579,6045,88408,6040,86326
2020-06-09 09:17:35.350000,6061.88,6050,41903,6055,61579,6045,88408,6040,86326
2020-06-09 09:17:36.380000,6059.42,6050,41903,6055,73079,6045,88408,6040,86326
2020-06-09 09:17:37.440000,6059.03,6050,41853,6055,73079,6045,88408,6040,86326
2020-06-09 09:17:37.970000,6058.25,6050,44352,6055,73079,6045,88408,6040,95325
2020-06-09 09:17:39.050000,6058.25,6050,38348,6055,79079,6045,88418,6040,95325
2020-06-09 09:17:40.160000,6059.03,6050,44344,6055,73079,6045,94218,6040,95325
2020-06-09 09:17:41.170000,6059.03,6050,38344,6055,79079,6045,94218,6040,95325
2020-06-09 09:17:41.710000,6059.03,6050,6894,6055,79079,6045,103017,6040,96345
2020-06-09 09:17:42.800000,6059.03,6055,79079,6060,92052,6050,16302,6045,100772
2020-06-09 09:17:43.880000,6059.03,6055,79079,6060,92052,6050,16302,6045,100772
2020-06-09 09:17:44.920000,6059.03,6055,79079,6060,92052,6050,36302,6045,100772
2020-06-09 09:17:45.950000,6059.03,6055,79079,6060,92052,6050,36302,6045,100777
2020-06-09 09:17:46.910000,6059.42,6055,79079,6060,92052,6050,38298,6045,100797
2020-06-09 09:17:47.230000,6061.37,6055,79079,6060,92052,6050,38298,6045,100802
2020-06-09 09:17:48.050000,6061.37,6055,79079,6060,92052,6050,38298,6045,101803
2020-06-09 09:17:49.080000,6061.37,6055,79079,6060,92052,6050,38761,6045,101803
2020-06-09 09:17:49.660000,6061.37,6055,79579,6060,92052,6050,38761,6045,115285
2020-06-09 09:17:50.690000,6061.37,6055,79579,6060,92052,6050,38661,6045,115285
2020-06-09 09:17:51.800000,6061.37,6055,74438,6060,86252,6050,41539,6045,115285
2020-06-09 09:17:52.410000,6061.37,6055,74490,6060,86252,6050,38661,6045,115285
2020-06-09 09:17:53.300000,6061.37,6055,74490,6060,86252,6050,38666,6045,115285
2020-06-09 09:17:54.400000,6061.37,6055,74490,6060,86252,6050,46733,6045,115285
2020-06-09 09:17:54.900000,6061.37,6055,74253,6060,86252,6050,46733,6045,115285
2020-06-09 09:17:55.970000,6061.37,6055,74253,6060,86252,6050,47941,6045,115285
2020-06-09 09:17:57.010000,6061.37,6055,30530,6060,92252,6050,73743,6045,120285
2020-06-09 09:17:57.340000,6061.75,6055,45978,6060,92252,6050,76243,6045,120285
2020-06-09 09:17:58.190000,6061.75,6055,25314,6060,92252,6050,76243,6045,120285
2020-06-09 09:17:59.100000,6062.92,6055,42058,6060,92252,6050,76548,6045,120285
2020-06-09 09:18:00.240000,6062.92,6055,42058,6060,92252,6050,91082,6045,120285
2020-06-09 09:18:01.230000,6062.92,6055,22188,6060,92252,6050,91082,6045,120285
2020-06-09 09:18:02.270000,6062.92,6060,82652,6065,66110,6055,23483,6050,109564
2020-06-09 09:18:02.680000,6062.92,6060,93852,6065,66110,6055,8483,6050,109566
2020-06-09 09:18:03.860000,6062.92,6055,88,6060,93852,6050,96084,6045,120285
2020-06-09 09:18:04.860000,6062.92,6055,20352,6060,93852,6050,96085,6045,120285
2020-06-09 09:18:05.190000,6062.92,6055,88,6060,93852,6050,96085,6045,120285
2020-06-09 09:18:05.990000,6062.92,6055,1088,6060,93852,6050,96085,6045,120285
2020-06-09 09:18:07.040000,6062.92,6060,93852,6065,66110,6055,100,6050,81551
2020-06-09 09:18:08.020000,6063.7,6060,93852,6065,66110,6055,99,6050,81551
2020-06-09 09:18:09.070000,6064.48,6060,93852,6065,66110,6050,81551,6045,120285
2020-06-09 09:18:09.440000,6064.48,6060,93852,6065,66110,6050,81561,6045,120285
2020-06-09 09:18:10.250000,6064.48,6060,93852,6065,66110,6050,81561,6045,120285
2020-06-09 09:18:11.040000,6064.48,6055,100,6060,93852,6050,81061,6045,120285
2020-06-09 09:18:12.190000,6064.48,6055,6000,6060,93852,6050,66241,6045,170384
2020-06-09 09:18:12.430000,6064.48,6055,100,6060,93852,6050,66242,6045,170384
2020-06-09 09:18:14.540000,6064.48,6055,2796,6060,93852,6050,66242,6045,170384
2020-06-09 09:18:15.320000,6064.48,6060,93852,6065,66110,6055,17204,6050,46242
2020-06-09 09:18:16.530000,6064.48,6060,82652,6065,66110,6055,36374,6050,46767
2020-06-09 09:18:17.450000,6064.09,6060,79769,6065,66110,6055,17204,6050,46796
2020-06-09 09:18:17.670000,6064.09,6060,81769,6065,66110,6055,17204,6050,46796
2020-06-09 09:18:18.450000,6064.09,6060,81769,6065,66110,6055,16204,6050,47296
2020-06-09 09:18:19.040000,6064.09,6060,70867,6065,66110,6055,16304,6050,47296
2020-06-09 09:18:19.840000,6064.09,6055,7960,6060,91667,6050,47296,6045,170375
2020-06-09 09:18:20.730000,6064.09,6060,91667,6065,66110,6050,47296,6045,170375
2020-06-09 09:18:21.710000,6064.09,6060,91667,6065,66110,6050,47321,6045,170375
2020-06-09 09:18:22.790000,6064.09,6055,24170,6060,91667,6050,47321,6045,170375
2020-06-09 09:18:23.040000,6064.09,6055,25470,6060,91667,6050,47336,6045,165375
2020-06-09 09:18:23.870000,6064.09,6055,24170,6060,91667,6050,47336,6045,165375
2020-06-09 09:18:24.920000,6064.09,6055,44269,6060,91667,6050,36536,6045,165375
2020-06-09 09:18:25.960000,6064.09,6055,34369,6060,91667,6050,42336,6045,165375
2020-06-09 09:18:26.340000,6064.09,6055,32969,6060,91667,6050,82346,6045,125377
2020-06-09 09:18:27.490000,6062.92,6055,24169,6060,91667,6050,103540,6045,130377
2020-06-09 09:18:27.930000,6062.53,6060,91667,6065,66110,6055,20,6050,103540
2020-06-09 09:18:29.100000,6063.31,6060,91667,6065,66110,6055,34190,6050,103540
2020-06-09 09:18:30.150000,6063.31,6060,80867,6065,66110,6055,34190,6050,103540
2020-06-09 09:18:30.550000,6063.31,6060,80867,6065,66110,6055,34190,6050,103575
2020-06-09 09:18:31.620000,6063.31,6060,81331,6065,66110,6055,34191,6050,103575
2020-06-09 09:18:32.160000,6063.31,6060,75331,6065,72110,6055,51832,6050,117057
2020-06-09 09:18:33.270000,6063.31,6060,71306,6065,69109,6055,48453,6050,117057
2020-06-09 09:18:34.290000,6063.31,6060,65306,6065,75109,6055,48453,6050,117057
2020-06-09 09:18:34.900000,6063.31,6060,71306,6065,69109,6055,48453,6050,117057
2020-06-09 09:18:35.820000,6063.31,6060,65306,6065,80909,6055,48308,6050,117057
2020-06-09 09:18:36.860000,6063.31,6060,65306,6065,75109,6055,48308,6050,117069
2020-06-09 09:18:37.180000,6065.26,6060,65306,6065,75859,6055,53522,6050,117069
2020-06-09 09:18:38.000000,6066.03,6060,65306,6065,76609,6055,48508,6050,117069
2020-06-09 09:18:39.000000,6066.03,6060,65306,6065,76609,6055,48145,6050,117069
2020-06-09 09:18:40.050000,6066.03,6060,65306,6065,76609,6055,46781,6050,117269
2020-06-09 09:18:41.040000,6066.03,6060,88483,6065,76409,6055,46481,6050,117269
2020-06-09 09:18:41.440000,6066.03,6060,82283,6065,76409,6055,47481,6050,117269
2020-06-09 09:18:42.340000,6066.03,6060,77573,6065,76409,6055,53788,6050,117269
2020-06-09 09:18:43.140000,6066.03,6060,76373,6065,76409,6055,53788,6050,117269
2020-06-09 09:18:44.400000,6066.03,6060,76373,6065,76409,6055,53788,6050,117269
2020-06-09 09:18:44.790000,6066.03,6060,76373,6065,76459,6055,53788,6050,117269
2020-06-09 09:18:45.950000,6066.03,6060,76373,6065,76459,6055,49814,6050,117269
2020-06-09 09:18:46.320000,6066.03,6060,84273,6065,76459,6055,49814,6050,116909
2020-06-09 09:18:47.540000,6064.87,6060,80237,6065,76459,6055,45506,6050,103427
2020-06-09 09:18:47.960000,6064.87,6060,80237,6065,76459,6055,45506,6050,103427
2020-06-09 09:18:49.100000,6064.87,6060,97737,6065,76459,6055,43785,6050,103427
2020-06-09 09:18:49.570000,6064.87,6060,97737,6065,76459,6055,55249,6050,103447
2020-06-09 09:18:50.640000,6064.87,6060,97737,6065,76459,6055,55259,6050,103447
2020-06-09 09:18:51.650000,6064.87,6060,88537,6065,76459,6055,55259,6050,103447
2020-06-09 09:18:52.040000,6064.87,6060,85237,6065,76459,6055,55259,6050,116929
2020-06-09 09:18:53.240000,6064.87,6060,85237,6065,76459,6055,76482,6050,116929
2020-06-09 09:18:54.290000,6064.87,6060,80237,6065,76459,6055,59037,6050,116929
2020-06-09 09:18:54.700000,6064.87,6060,80237,6065,76459,6055,59862,6050,116929
2020-06-09 09:18:55.900000,6064.87,6060,80237,6065,76459,6055,59862,6050,116929
2020-06-09 09:18:56.450000,6064.87,6060,80237,6065,76459,6055,59867,6050,116929
2020-06-09 09:18:57.450000,6064.87,6060,80237,6065,76459,6055,59867,6050,116929
2020-06-09 09:18:58.070000,6064.87,6060,82937,6065,76459,6055,59917,6050,116929
2020-06-09 09:18:59.020000,6064.87,6060,80237,6065,76459,6055,59917,6050,117754
2020-06-09 09:19:00.050000,6064.87,6060,80237,6065,76459,6055,59917,6050,117754
2020-06-09 09:19:00.540000,6064.87,6060,80237,6065,76459,6055,59917,6050,117754
2020-06-09 09:19:01.400000,6064.87,6060,92537,6065,76459,6055,32972,6050,110272
2020-06-09 09:19:02.270000,6064.87,6060,92537,6065,76459,6055,32972,6050,110272
2020-06-09 09:19:03.300000,6064.87,6055,17631,6060,92537,6050,110272,6045,130567
2020-06-09 09:19:04.370000,6064.87,6055,17567,6060,92537,6050,110372,6045,130567
2020-06-09 09:19:05.370000,6064.87,6060,92537,6065,76459,6055,11742,6050,128914
2020-06-09 09:19:05.710000,6064.87,6060,87337,6065,76459,6055,81,6050,115432
2020-06-09 09:19:06.490000,6063.31,6055,22847,6060,92337,6050,115432,6045,125143
2020-06-09 09:19:07.520000,6062.53,6055,17247,6060,92337,6050,115432,6045,125143
2020-06-09 09:19:08.550000,6064.48,6055,10,6060,92337,6050,115432,6045,130143
2020-06-09 09:19:09.000000,6064.09,6060,84817,6065,76459,6055,24160,6050,128996
2020-06-09 09:19:10.140000,6064.48,6060,104558,6065,76459,6055,5000,6050,115514
2020-06-09 09:19:10.630000,6064.48,6060,104558,6065,76459,6055,5000,6050,115819
2020-06-09 09:19:11.740000,6064.48,6055,18750,6060,104557,6050,115819,6045,125143
2020-06-09 09:19:12.780000,6064.48,6055,14850,6060,104557,6050,110818,6045,130143
2020-06-09 09:19:13.140000,6064.48,6055,14850,6060,104557,6050,110818,6045,130143
2020-06-09 09:19:14.910000,6064.48,6055,14850,6060,104557,6050,110720,6045,130143
2020-06-09 09:19:15.350000,6064.48,6055,14768,6060,104557,6050,110720,6045,130143
2020-06-09 09:19:16.100000,6064.48,6055,27168,6060,104557,6050,109877,6045,131143
2020-06-09 09:19:17.000000,6062.92,6055,27157,6060,104557,6050,110077,6045,125143
2020-06-09 09:19:18.000000,6062.53,6055,27357,6060,104557,6050,110077,6045,125143
2020-06-09 09:19:18.350000,6062.53,6055,27357,6060,104557,6050,109905,6045,125143
2020-06-09 09:19:19.240000,6062.53,6055,31367,6060,104557,6050,93748,6045,131143
2020-06-09 09:19:20.130000,6062.53,6055,40166,6060,104557,6050,93748,6045,131143
2020-06-09 09:19:21.700000,6062.53,6055,41380,6060,110357,6050,93748,6045,131143
2020-06-09 09:19:22.340000,6062.53,6055,41378,6060,110357,6050,93748,6045,131143
2020-06-09 09:19:23.310000,6062.53,6055,41378,6060,104557,6050,93748,6045,131968
2020-06-09 09:19:24.340000,6062.53,6055,42228,6060,104557,6050,93748,6045,131968
2020-06-09 09:19:24.840000,6062.53,6055,42228,6060,104557,6050,94748,6045,131968
2020-06-09 09:19:25.590000,6062.53,6055,42228,6060,104557,6050,94748,6045,131969
2020-06-09 09:19:26.530000,6062.53,6055,21029,6060,104557,6050,100805,6045,125969
2020-06-09 09:19:27.560000,6061.75,6055,16018,6060,104557,6050,101658,6045,125971
2020-06-09 09:19:27.920000,6061.75,6055,16018,6060,104557,6050,101658,6045,125971
2020-06-09 09:19:29.540000,6062.53,6055,16093,6060,104477,6050,101658,6045,125971
2020-06-09 09:19:30.730000,6062.53,6055,26293,6060,104477,6050,95660,6045,131971
2020-06-09 09:19:31.150000,6062.53,6055,24514,6060,104477,6050,106660,6045,130971
2020-06-09 09:19:32.040000,6062.53,6055,5345,6060,104477,6050,107649,6045,130971
2020-06-09 09:19:32.910000,6062.53,6060,104477,6065,76459,6055,24170,6050,107649
2020-06-09 09:19:33.940000,6062.53,6060,104477,6065,76459,6055,24170,6050,107649
2020-06-09 09:19:34.440000,6062.53,6060,104477,6065,76459,6055,24170,6050,107649
2020-06-09 09:19:35.430000,6062.53,6060,104777,6065,76459,6055,24170,6050,107649
2020-06-09 09:19:35.830000,6062.53,6060,92177,6065,76459,6055,24170,6050,107649
2020-06-09 09:19:36.570000,6062.53,6060,103677,6065,76459,6055,26170,6050,107649
2020-06-09 09:19:37.510000,6064.48,6060,103677,6065,76459,6055,26170,6050,119792
2020-06-09 09:19:38.740000,6064.48,6060,100177,6065,76459,6050,119872,6045,131021
2020-06-09 09:19:39.770000,6064.48,6055,27060,6060,109777,6050,119872,6045,131021
2020-06-09 09:19:40.830000,6064.48,6055,19160,6060,109777,6050,119872,6045,126021
2020-06-09 09:19:41.300000,6064.48,6055,27595,6060,109777,6050,113872,6045,132021
2020-06-09 09:19:42.410000,6064.48,6055,9485,6060,109777,6050,113872,6045,132021
2020-06-09 09:19:42.940000,6064.48,6055,21985,6060,109777,6050,113872,6045,132021
2020-06-09 09:19:43.940000,6064.48,6055,21985,6060,109777,6050,113872,6045,132021
2020-06-09 09:19:44.570000,6064.48,6055,9485,6060,109777,6050,119872,6045,126021
2020-06-09 09:19:45.550000,6064.48,6055,9485,6060,109777,6050,119872,6045,126001
2020-06-09 09:19:46.610000,6064.48,6055,20,6060,110077,6050,119922,6045,131001
2020-06-09 09:19:46.920000,6064.48,6055,20,6060,110077,6050,119922,6045,131001
2020-06-09 09:19:47.740000,6064.48,6055,25190,6060,110077,6050,113922,6045,132001
2020-06-09 09:19:48.740000,6064.48,6055,5019,6060,110077,6050,119922,6045,131001
2020-06-09 09:19:49.740000,6064.48,6055,19,6060,110107,6050,117926,6045,131101
2020-06-09 09:19:50.200000,6064.48,6060,97507,6065,76459,6055,24170,6050,131538
2020-06-09 09:19:51.340000,6064.48,6060,97507,6065,76459,6055,24170,6050,131538
2020-06-09 09:19:51.830000,6064.48,6060,97507,6065,76459,6055,24170,6050,131538
2020-06-09 09:19:52.940000,6064.48,6060,97507,6065,76459,6055,26264,6050,134038
2020-06-09 09:19:54.190000,6064.48,6060,97507,6065,76459,6055,26264,6050,134238
2020-06-09 09:19:56.020000,6064.48,6060,97627,6065,76459,6055,26320,6050,134238
2020-06-09 09:19:57.080000,6065.26,6060,97627,6065,76459,6055,26820,6050,134238
2020-06-09 09:19:58.160000,6065.26,6060,92627,6065,76459,6055,30039,6050,134238
2020-06-09 09:19:59.140000,6065.26,6060,92627,6065,70659,6055,33094,6050,134238
2020-06-09 09:19:59.500000,6065.26,6060,92627,6065,70659,6055,33094,6050,134238
2020-06-09 09:20:00.430000,6065.26,6060,65100,6065,70659,6055,48172,6050,133238
2020-06-09 09:20:01.450000,6065.26,6060,65100,6065,70659,6055,62538,6050,133238
2020-06-09 09:20:02.480000,6065.26,6060,53501,6065,70659,6055,65638,6050,133238
2020-06-09 09:20:03.510000,6065.26,6060,53501,6065,70659,6055,65667,6050,133209
2020-06-09 09:20:04.520000,6065.26,6065,70659,6070,63197,6060,28050,6055,79149
2020-06-09 09:20:05.600000,6065.26,6065,71123,6070,63197,6060,30050,6055,79176
2020-06-09 09:20:06.620000,6066.81,6065,77723,6070,63197,6060,30050,6055,79176
2020-06-09 09:20:07.630000,6067.98,6065,77723,6070,63197,6060,25070,6055,79176
2020-06-09 09:20:07.870000,6069.54,6065,77723,6070,63197,6060,25077,6055,79186
2020-06-09 09:20:08.760000,6069.54,6065,77723,6070,63197,6060,20077,6055,65704
2020-06-09 09:20:09.720000,6069.93,6065,77723,6070,63197,6060,65994,6055,75709
2020-06-09 09:20:10.400000,6069.93,6065,53467,6070,57397,6060,72004,6055,83191
2020-06-09 09:20:11.400000,6069.93,6065,52167,6070,57397,6060,66004,6055,89191
2020-06-09 09:20:12.410000,6069.93,6065,43368,6070,66196,6060,78765,6055,89191
2020-06-09 09:20:13.490000,6069.93,6065,43368,6070,66196,6060,90943,6055,88191
2020-06-09 09:20:14.540000,6069.93,6070,81896,6075,69238,6065,18022,6060,111925
2020-06-09 09:20:15.550000,6069.93,6070,86896,6075,69241,6065,27682,6060,111927
2020-06-09 09:20:16.530000,6069.93,6070,86896,6075,69241,6065,11753,6060,98445
2020-06-09 09:20:16.990000,6071.49,6065,23050,6070,86896,6060,106444,6055,86098
2020-06-09 09:20:18.210000,6076.03,6065,23040,6070,86896,6060,93466,6055,81098
2020-06-09 09:20:18.660000,6074.09,6065,23040,6070,86896,6060,93466,6055,81098
2020-06-09 09:20:19.770000,6075.25,6070,86896,6075,69241,6060,99448,6055,86098
2020-06-09 09:20:20.810000,6075.25,6070,87016,6075,69241,6065,18022,6060,106258
2020-06-09 09:20:21.860000,6075.25,6070,87016,6075,69241,6060,106258,6055,86098
2020-06-09 09:20:22.910000,6075.25,6065,39026,6070,87016,6060,98258,6055,81099
2020-06-09 09:20:23.970000,6075.25,6065,6000,6070,87016,6060,98258,6055,86401
2020-06-09 09:20:24.880000,6075.25,6070,87016,6075,69241,6065,99,6060,104158
2020-06-09 09:20:25.330000,6075.25,6070,87016,6075,69241,6060,106358,6055,86401
2020-06-09 09:20:26.580000,6075.25,6070,87016,6075,69241,6060,119840,6055,86401
2020-06-09 09:20:27.620000,6075.25,6070,87016,6075,69241,6065,30131,6060,119840
2020-06-09 09:20:27.940000,6075.25,6070,68816,6075,69241,6065,34131,6060,119840
2020-06-09 09:20:28.900000,6075.64,6070,79516,6075,69271,6065,39353,6060,119840
2020-06-09 09:20:29.840000,6076.81,6070,69218,6075,69271,6065,34973,6060,119840
2020-06-09 09:20:30.840000,6076.81,6070,65718,6075,63471,6065,39935,6060,119840
2020-06-09 09:20:31.880000,6076.81,6070,56919,6075,72270,6065,45895,6060,113840
2020-06-09 09:20:32.870000,6076.81,6070,56919,6075,72349,6065,45895,6060,113820
2020-06-09 09:20:33.400000,6076.81,6070,56919,6075,72349,6065,46895,6060,113820
2020-06-09 09:20:34.510000,6076.81,6070,56919,6075,72349,6065,46895,6060,113821
2020-06-09 09:20:34.940000,6076.81,6070,54419,6075,72349,6065,52695,6060,113821
2020-06-09 09:20:35.740000,6076.81,6070,23964,6075,72349,6065,52690,6060,118872
2020-06-09 09:20:36.660000,6077.2,6070,23964,6075,72349,6065,52690,6060,118872
2020-06-09 09:20:37.710000,6077.59,6070,23551,6075,72349,6065,52148,6060,118872
2020-06-09 09:20:38.130000,6080.45,6070,23551,6075,69478,6065,65630,6060,118873
2020-06-09 09:20:39.350000,6080.84,6070,23951,6075,69478,6065,52148,6060,118873
2020-06-09 09:20:39.680000,6081.22,6070,23951,6075,69478,6065,48849,6060,118873
2020-06-09 09:20:40.900000,6081.22,6070,47001,6075,69478,6065,48849,6060,118873
2020-06-09 09:20:41.400000,6081.22,6070,47001,6075,69478,6065,43049,6060,114122
2020-06-09 09:20:42.500000,6081.22,6070,46996,6075,69478,6065,48851,6060,121373
2020-06-09 09:20:43.580000,6081.22,6070,23976,6075,69448,6065,56735,6060,121373
2020-06-09 09:20:44.630000,6081.22,6070,53226,6075,69448,6065,57335,6060,121374
2020-06-09 09:20:44.990000,6081.22,6070,50226,6075,69448,6065,57338,6060,116623
2020-06-09 09:20:46.220000,6081.22,6070,62026,6075,69148,6065,45538,6060,122623
2020-06-09 09:20:46.830000,6080.84,6070,69526,6075,69148,6065,45538,6060,122623
2020-06-09 09:20:47.720000,6080.06,6070,57726,6075,69148,6065,57338,6060,116623
2020-06-09 09:20:48.830000,6078.37,6070,28467,6075,69148,6065,57330,6060,121374
2020-06-09 09:20:49.240000,6078.37,6070,20967,6075,69148,6065,70812,6060,121374
2020-06-09 09:20:50.440000,6080.32,6070,48517,6075,69148,6065,57330,6060,121474
2020-06-09 09:20:51.020000,6080.32,6070,48517,6075,69148,6065,57330,6060,121484
2020-06-09 09:20:51.970000,6080.32,6070,48517,6075,69148,6065,139610,6060,118984
2020-06-09 09:20:52.990000,6080.32,6070,45162,6075,69148,6065,139610,6060,120504
2020-06-09 09:20:53.420000,6080.32,6070,37662,6075,69148,6065,139610,6060,120504
2020-06-09 09:20:54.610000,6080.32,6070,14612,6075,69148,6065,153092,6060,120504
2020-06-09 09:20:55.030000,6080.32,6070,13756,6075,69188,6065,153400,6060,120504
2020-06-09 09:20:56.200000,6080.32,6070,7756,6075,69188,6065,140018,6060,120504
2020-06-09 09:20:56.690000,6080.32,6075,74188,6080,51600,6070,38012,6065,153502
2020-06-09 09:20:57.730000,6082.26,6075,90488,6080,51600,6070,38012,6065,153502
2020-06-09 09:20:58.700000,6081.87,6075,90488,6080,51600,6070,24642,6065,153502
2020-06-09 09:20:59.000000,6081.87,6070,31382,6075,90488,6065,140020,6060,120504
2020-06-09 09:20:59.910000,6081.87,6070,45482,6075,90488,6065,137120,6060,115753
2020-06-09 09:21:00.950000,6081.87,6070,45568,6075,90488,6065,131820,6060,115753
2020-06-09 09:21:01.970000,6081.87,6070,38856,6075,90488,6065,137620,6060,115753
2020-06-09 09:21:02.280000,6080.71,6070,38156,6075,90588,6065,137620,6060,67471
2020-06-09 09:21:03.160000,6080.71,6070,38156,6075,90588,6065,129731,6060,67471
2020-06-09 09:21:04.040000,6080.71,6070,38156,6075,90588,6065,129731,6060,67471
2020-06-09 09:21:05.130000,6080.71,6070,28156,6075,90588,6065,129731,6060,67472
2020-06-09 09:21:05.690000,6080.71,6070,28666,6075,90588,6065,129731,6060,67472
2020-06-09 09:21:06.710000,6078.89,6070,38866,6075,90588,6065,129731,6060,67472
2020-06-09 09:21:07.400000,6078.89,6070,45869,6075,90588,6065,119931,6060,73522
2020-06-09 09:21:08.370000,6078.89,6070,28661,6075,90588,6065,131731,6060,67522
2020-06-09 09:21:09.350000,6078.89,6070,35211,6075,90588,6065,131731,6060,67522
2020-06-09 09:21:09.830000,6079.54,6070,28211,6075,90588,6065,131731,6060,67522
2020-06-09 09:21:10.970000,6079.54,6070,30817,6075,90588,6065,131731,6060,67522
2020-06-09 09:21:11.960000,6079.54,6070,28106,6075,90638,6065,131731,6060,67522
2020-06-09 09:21:12.330000,6079.54,6070,27993,6075,90638,6065,131931,6060,67522
2020-06-09 09:21:13.170000,6079.54,6070,28043,6075,90838,6065,132031,6060,68522
2020-06-09 09:21:13.970000,6079.54,6070,42493,6075,90838,6065,132031,6060,68522
2020-06-09 09:21:15.200000,6079.54,6070,19961,6075,90838,6065,132031,6060,68722
2020-06-09 09:21:15.760000,6079.54,6070,26593,6075,90838,6065,131981,6060,68722
2020-06-09 09:21:16.760000,6079.54,6070,27798,6075,90838,6065,131982,6060,68722
2020-06-09 09:21:17.720000,6079.15,6070,44388,6075,90838,6065,126182,6060,68723
2020-06-09 09:21:18.080000,6079.15,6070,58388,6075,90838,6065,126182,6060,68723
2020-06-09 09:21:18.840000,6078.76,6070,58387,6075,90838,6065,43902,6060,68723
2020-06-09 09:21:19.870000,6078.76,6070,68178,6075,90838,6065,36902,6060,74723
2020-06-09 09:21:20.420000,6078.76,6070,73306,6075,96638,6065,31812,6060,74723
2020-06-09 09:21:21.500000,6078.76,6070,68178,6075,90838,6065,31812,6060,74723
2020-06-09 09:21:22.090000,6078.76,6070,68205,6075,96638,6065,14708,6060,74723
2020-06-09 09:21:23.070000,6078.76,6070,68255,6075,96638,6065,6321,6060,60241
2020-06-09 09:21:24.120000,6078.76,6065,15006,6070,68255,6060,60241,6055,86119
2020-06-09 09:21:24.640000,6078.76,6065,15968,6070,68257,6060,52241,6055,86119
2020-06-09 09:21:25.700000,6078.76,6070,67719,6075,96638,6065,24170,6060,52241
2020-06-09 09:21:26.760000,6078.76,6070,67719,6075,96638,6065,19170,6060,65723
2020-06-09 09:21:27.140000,6077.2,6070,67719,6075,96638,6065,18420,6060,65723
2020-06-09 09:21:27.870000,6076.42,6070,67719,6075,96638,6065,18420,6060,65723
2020-06-09 09:21:28.740000,6077.2,6070,77719,6075,96638,6065,18420,6060,65723
2020-06-09 09:21:29.240000,6077.2,6070,77719,6075,96638,6065,18420,6060,65723
2020-06-09 09:21:30.040000,6077.2,6070,76776,6075,90838,6065,23520,6060,65723
2020-06-09 09:21:30.920000,6077.2,6070,76311,6075,90838,6065,29315,6060,65723
2020-06-09 09:21:31.870000,6077.2,6070,76261,6075,90838,6065,34193,6060,65423
2020-06-09 09:21:32.310000,6077.2,6070,76261,6075,90838,6065,43594,6060,59423
2020-06-09 09:21:33.240000,6077.2,6070,76261,6075,90838,6065,43594,6060,59423
2020-06-09 09:21:34.210000,6077.2,6070,76271,6075,90838,6065,43604,6060,59423
2020-06-09 09:21:35.300000,6077.2,6070,71144,6075,90838,6065,37604,6060,65423
2020-06-09 09:21:36.280000,6077.2,6070,71142,6075,90838,6065,36639,6060,65423
2020-06-09 09:21:36.830000,6078.37,6070,76169,6075,96638,6065,33343,6060,65423
2020-06-09 09:21:37.880000,6078.76,6070,76169,6075,96638,6065,33843,6060,65433
2020-06-09 09:21:38.360000,6078.76,6070,76600,6075,96638,6065,33843,6060,65433
2020-06-09 09:21:39.500000,6078.76,6070,76600,6075,96638,6065,29843,6060,65433
2020-06-09 09:21:40.360000,6078.76,6070,62865,6075,96638,6065,12307,6060,65433
2020-06-09 09:21:40.690000,6078.76,6070,52915,6075,96638,6065,12753,6060,52151
2020-06-09 09:21:42.050000,6078.76,6070,52713,6075,96638,6065,12753,6060,52151
2020-06-09 09:21:42.500000,6078.76,6070,54803,6075,96638,6065,17753,6060,65633
2020-06-09 09:21:43.670000,6078.76,6070,54803,6075,96638,6065,18753,6060,52151
2020-06-09 09:21:44.660000,6078.76,6070,54803,6075,96648,6065,13753,6060,52151
2020-06-09 09:21:45.140000,6078.76,6065,19167,6070,54753,6060,52151,6055,94016
2020-06-09 09:21:46.640000,6078.76,6065,19168,6070,54753,6060,52151,6055,94026
2020-06-09 09:21:48.290000,6076.42,6065,1,6070,54753,6060,52151,6055,94026
2020-06-09 09:21:49.430000,6076.42,6070,54753,6075,96648,6065,18409,6060,52151
2020-06-09 09:21:50.500000,6076.42,6070,56253,6075,96648,6065,18250,6060,52151
2020-06-09 09:21:50.840000,6076.42,6070,56253,6075,96648,6065,5,6060,52151
2020-06-09 09:21:52.070000,6076.42,6065,35068,6070,56715,6060,52151,6055,89026
2020-06-09 09:21:53.090000,6076.42,6070,56715,6075,96648,6060,52131,6055,94026
2020-06-09 09:21:53.610000,6076.42,6070,57715,6075,96648,6060,52131,6055,94026
2020-06-09 09:21:54.640000,6076.42,6070,57815,6075,96648,6060,52131,6055,94026
2020-06-09 09:21:55.230000,6076.42,6065,19168,6070,57815,6060,52131,6055,94026
2020-06-09 09:21:56.280000,6076.42,6070,57825,6075,96648,6060,49131,6055,94026
2020-06-09 09:21:57.320000,6076.42,6070,58323,6075,96648,6065,23245,6060,49131
2020-06-09 09:21:57.700000,6075.26,6070,68323,6075,96648,6065,23245,6060,49388
2020-06-09 09:21:59.170000,6076.81,6070,68307,6075,96648,6065,23245,6060,49388
2020-06-09 09:22:00.100000,6076.81,6070,68305,6075,96658,6065,23285,6060,62875
2020-06-09 09:22:01.000000,6076.81,6070,68162,6075,96658,6065,34195,6060,56875
2020-06-09 09:22:02.110000,6076.81,6070,68163,6075,96658,6065,29285,6060,56875
2020-06-09 09:22:03.160000,6076.81,6070,68163,6075,96658,6065,23285,6060,62875
2020-06-09 09:22:04.200000,6076.81,6070,68163,6075,96658,6065,23290,6060,62880
2020-06-09 09:22:04.560000,6076.81,6070,68163,6075,96658,6065,36074,6060,56880
2020-06-09 09:22:05.770000,6076.81,6070,68163,6075,96658,6065,30074,6060,62905
2020-06-09 09:22:06.170000,6076.81,6070,68163,6075,96658,6065,25790,6060,62905
2020-06-09 09:22:07.330000,6077.59,6070,68161,6075,96658,6065,25790,6060,62905
2020-06-09 09:22:08.360000,6077.98,6070,68161,6075,96658,6065,25790,6060,49423
2020-06-09 09:22:08.800000,6077.98,6070,67159,6075,96658,6065,20790,6060,49423
2020-06-09 09:22:09.940000,6077.98,6070,67158,6075,96658,6065,103070,6060,62905
2020-06-09 09:22:10.390000,6077.98,6070,73017,6075,96658,6065,103070,6060,62905
2020-06-09 09:22:11.470000,6077.98,6070,73017,6075,96658,6065,109070,6060,56905
2020-06-09 09:22:12.590000,6077.98,6070,73015,6075,96658,6065,103070,6060,62905
2020-06-09 09:22:13.030000,6077.98,6070,72815,6075,96858,6065,103070,6060,49423
2020-06-09 09:22:14.170000,6077.98,6070,72815,6075,96858,6065,103070,6060,49423
2020-06-09 09:22:15.370000,6077.98,6070,62838,6075,96858,6065,103070,6060,49423
2020-06-09 09:22:16.280000,6077.98,6070,70780,6075,96858,6065,125626,6060,49423
2020-06-09 09:22:16.890000,6077.59,6070,39657,6075,96858,6065,131626,6060,56905
2020-06-09 09:22:17.870000,6077.2,6070,34305,6075,91058,6065,134427,6060,62905
2020-06-09 09:22:18.950000,6078.76,6070,15133,6075,91058,6065,150446,6060,56905
2020-06-09 09:22:19.360000,6078.76,6070,14633,6075,91058,6065,150445,6060,56905
2020-06-09 09:22:20.530000,6078.76,6075,96088,6080,51614,6070,8137,6065,156268
2020-06-09 09:22:21.000000,6078.76,6075,95939,6080,51614,6070,249,6065,156268
2020-06-09 09:22:22.110000,6078.76,6075,95939,6080,51614,6070,195,6065,156268
2020-06-09 09:22:23.070000,6078.76,6075,95939,6080,51614,6070,24415,6065,156268
2020-06-09 09:22:23.540000,6078.76,6075,95939,6080,51614,6070,30724,6065,156268
2020-06-09 09:22:24.400000,6078.76,6075,94101,6080,51614,6070,30848,6065,156318
2020-06-09 09:22:25.200000,6078.76,6075,94101,6080,51614,6070,30848,6065,156318
2020-06-09 09:22:26.320000,6078.76,6075,94151,6080,51614,6070,31412,6065,133662
2020-06-09 09:22:26.740000,6079.15,6075,94151,6080,51614,6070,31417,6065,133662
2020-06-09 09:22:27.320000,6079.93,6075,80399,6080,51614,6070,31417,6065,133662
2020-06-09 09:22:28.370000,6079.93,6075,80399,6080,51614,6070,31417,6065,133662
2020-06-09 09:22:28.730000,6079.93,6075,75399,6080,51614,6070,31417,6065,133812
2020-06-09 09:22:29.540000,6079.93,6075,90599,6080,51614,6070,45014,6065,133812
2020-06-09 09:22:30.510000,6079.93,6075,75397,6080,51614,6070,45014,6065,133812
2020-06-09 09:22:31.130000,6079.93,6075,75397,6080,54614,6070,47514,6065,133812
2020-06-09 09:22:32.160000,6079.93,6075,66598,6080,63413,6070,56313,6065,133812
2020-06-09 09:22:33.240000,6079.93,6075,35512,6080,57613,6070,73139,6065,141294
2020-06-09 09:22:34.320000,6079.93,6080,75213,6085,51432,6075,31142,6070,73146
2020-06-09 09:22:35.320000,6079.93,6080,75213,6085,51432,6075,19227,6070,73146
2020-06-09 09:22:36.410000,6079.93,6075,37914,6080,86013,6070,63346,6065,147294
2020-06-09 09:22:36.900000,6079.93,6075,37358,6080,86013,6070,73346,6065,147294
2020-06-09 09:22:38.010000,6083.17,6075,34237,6080,86013,6070,72590,6065,147294
2020-06-09 09:22:38.600000,6082.91,6075,10367,6080,80377,6070,78600,6065,141294
2020-06-09 09:22:39.550000,6083.69,6080,80277,6085,64914,6070,88810,6065,141294
2020-06-09 09:22:40.620000,6083.69,6080,86898,6085,51432,6075,20328,6070,88810
2020-06-09 09:22:41.650000,6083.69,6080,86898,6085,64914,6070,89010,6065,141344
2020-06-09 09:22:42.130000,6083.69,6075,3780,6080,86898,6070,104010,6065,141354
2020-06-09 09:22:43.320000,6083.69,6080,86898,6085,51432,6070,104010,6065,141354
2020-06-09 09:22:43.830000,6083.69,6080,86938,6085,51432,6075,156,6070,104010
2020-06-09 09:22:44.940000,6083.69,6080,86938,6085,51432,6075,31126,6070,104010
2020-06-09 09:22:45.390000,6083.69,6080,85872,6085,51432,6075,33262,6070,104010
2020-06-09 09:22:46.490000,6083.69,6080,78965,6085,51432,6075,33136,6070,104010
2020-06-09 09:22:47.030000,6083.69,6080,78270,6085,51432,6075,33592,6070,104010
2020-06-09 09:22:47.970000,6085.25,6080,78268,6085,51432,6075,33516,6070,104010
2020-06-09 09:22:48.530000,6085.25,6080,78268,6085,51432,6075,33516,6070,104010
2020-06-09 09:22:49.630000,6084.86,6080,78368,6085,51432,6075,14346,6070,104010
2020-06-09 09:22:50.670000,6084.86,6080,78368,6085,64914,6075,9310,6070,104010
2020-06-09 09:22:51.750000,6084.86,6080,78356,6085,64914,6075,5011,6070,98209
2020-06-09 09:22:52.830000,6084.86,6080,78356,6085,51432,6075,9479,6070,104009
2020-06-09 09:22:53.170000,6084.86,6080,78356,6085,51432,6075,5638,6070,104009
2020-06-09 09:22:54.380000,6084.86,6075,15644,6080,78354,6070,97109,6065,141354
2020-06-09 09:22:54.830000,6084.86,6075,9125,6080,78354,6070,97144,6065,141354
2020-06-09 09:22:55.970000,6084.86,6080,78354,6085,51432,6075,23970,6070,100444
2020-06-09 09:22:56.890000,6083.3,6080,78354,6085,64914,6075,20020,6070,100444
2020-06-09 09:22:57.160000,6083.3,6080,78354,6085,64914,6075,20020,6070,100444
2020-06-09 09:22:58.030000,6083.3,6080,78352,6085,51432,6075,21220,6070,100444
2020-06-09 09:22:58.530000,6083.3,6080,78352,6085,51432,6075,20820,6070,100444
2020-06-09 09:22:59.610000,6083.3,6080,78352,6085,51432,6075,20860,6070,103744
2020-06-09 09:22:59.970000,6084.47,6080,78400,6085,51432,6075,20860,6070,103745
2020-06-09 09:23:00.800000,6084.47,6080,78500,6085,51432,6075,25860,6070,103745
2020-06-09 09:23:01.800000,6084.47,6080,78500,6085,65914,6070,103745,6065,141354
2020-06-09 09:23:02.810000,6084.47,6080,78498,6085,52432,6070,105545,6065,141384
2020-06-09 09:23:03.860000,6084.47,6080,78498,6085,52432,6070,105545,6065,141384
2020-06-09 09:23:04.390000,6084.47,6075,19170,6080,78498,6070,99045,6065,141384
2020-06-09 09:23:05.450000,6084.47,6075,19170,6080,78498,6070,97545,6065,141384
2020-06-09 09:23:06.440000,6084.47,6075,35361,6080,78498,6070,97545,6065,141384
2020-06-09 09:23:06.920000,6084.08,6075,35345,6080,84298,6070,86538,6065,147384
2020-06-09 09:23:08.040000,6084.08,6075,35345,6080,84298,6070,92538,6065,141384
2020-06-09 09:23:09.090000,6082.13,6075,35925,6080,77998,6070,91438,6065,141384
2020-06-09 09:23:09.400000,6082.13,6075,32923,6080,83848,6070,88438,6065,141384
2020-06-09 09:23:10.140000,6082.13,6075,32923,6080,83848,6070,88438,6065,141384
2020-06-09 09:23:11.260000,6082.13,6075,47676,6080,83848,6070,80538,6065,133902
2020-06-09 09:23:12.280000,6082.13,6075,33845,6080,83848,6070,61373,6065,133902
2020-06-09 09:23:12.760000,6082.13,6075,33845,6080,83848,6070,51373,6065,147384
2020-06-09 09:23:13.810000,6082.13,6075,42188,6080,83848,6070,51373,6065,133902
2020-06-09 09:23:14.780000,6082.13,6075,42188,6080,83848,6070,51373,6065,133902
2020-06-09 09:23:15.200000,6082.13,6075,42702,6080,83848,6070,51373,6065,133902
2020-06-09 09:23:15.930000,6082.13,6075,42672,6080,104295,6070,51373,6065,133952
2020-06-09 09:23:17.070000,6081.36,6075,45172,6080,104295,6070,42574,6065,133952
2020-06-09 09:23:18.100000,6081.74,6075,45167,6080,104295,6070,42606,6065,133952
2020-06-09 09:23:19.150000,6081.36,6075,45165,6080,104295,6070,17050,6065,133952
2020-06-09 09:23:19.590000,6080.19,6075,45175,6080,104295,6070,17100,6065,133902
2020-06-09 09:23:20.740000,6080.19,6075,45175,6080,104295,6070,35156,6065,133902
2020-06-09 09:23:21.760000,6080.19,6075,45375,6080,104295,6070,1516,6065,128602
2020-06-09 09:23:22.840000,6080.19,6070,5043,6075,45375,6065,123602,6060,50238
2020-06-09 09:23:23.850000,6080.19,6070,36646,6075,45475,6065,133602,6060,50238
2020-06-09 09:23:24.900000,6080.19,6070,29243,6075,45475,6065,133602,6060,50238
2020-06-09 09:23:25.370000,6080.19,6070,10075,6075,45525,6065,133632,6060,50238
2020-06-09 09:23:26.510000,6080.19,6075,61732,6080,117777,6070,3294,6065,138632
2020-06-09 09:23:27.550000,6078.63,6075,56592,6080,117777,6070,200,6065,138632
2020-06-09 09:23:28.550000,6078.63,6075,57592,6080,117777,6070,18056,6065,138632
2020-06-09 09:23:28.940000,6079.41,6075,57592,6080,104295,6070,15251,6065,138632
2020-06-09 09:23:29.690000,6079.41,6075,57592,6080,104295,6070,15252,6065,144432
2020-06-09 09:23:30.770000,6079.41,6075,57592,6080,104295,6070,16252,6065,144432
2020-06-09 09:23:31.260000,6079.41,6075,57592,6080,104295,6070,16416,6065,138632
2020-06-09 09:23:32.300000,6079.41,6075,57592,6080,117777,6070,1165,6065,138634
2020-06-09 09:23:33.380000,6079.41,6075,57592,6080,117777,6070,1988,6065,138634
2020-06-09 09:23:33.830000,6079.41,6075,57592,6080,117777,6070,17239,6065,138644
2020-06-09 09:23:34.970000,6079.41,6075,57592,6080,104295,6070,17238,6065,138644
2020-06-09 09:23:35.930000,6079.41,6075,57592,6080,104295,6070,19061,6065,138644
2020-06-09 09:23:36.250000,6079.41,6075,57590,6080,104295,6070,19061,6065,138644
2020-06-09 09:23:37.020000,6079.8,6075,57590,6080,104295,6070,19071,6065,138644
2020-06-09 09:23:38.140000,6079.8,6075,57592,6080,104295,6070,19071,6065,144444
2020-06-09 09:23:38.500000,6079.8,6075,39652,6080,104295,6070,32870,6065,144444
2020-06-09 09:23:39.710000,6079.8,6075,36723,6080,104295,6070,32870,6065,144444
2020-06-09 09:23:40.020000,6080.58,6075,40563,6080,104295,6070,32870,6065,144444
2020-06-09 09:23:41.270000,6080.58,6075,52953,6080,104295,6070,33225,6065,144444
2020-06-09 09:23:42.220000,6080.58,6075,52950,6080,104295,6070,35980,6065,144444
2020-06-09 09:23:42.670000,6080.58,6075,64550,6080,117777,6070,7930,6065,138644
2020-06-09 09:23:43.880000,6080.58,6075,58750,6080,104295,6070,26881,6065,144444
2020-06-09 09:23:44.160000,6080.58,6075,58750,6080,104295,6070,26880,6065,144444
2020-06-09 09:23:45.030000,6080.58,6075,53738,6080,104295,6070,26880,6065,144444
2020-06-09 09:23:45.970000,6080.58,6075,54238,6080,104297,6070,26880,6065,144444
2020-06-09 09:23:46.630000,6080.97,6075,54188,6080,104307,6070,32880,6065,138464
2020-06-09 09:23:47.640000,6080.58,6075,54088,6080,104307,6070,26880,6065,144464
2020-06-09 09:23:48.640000,6080.58,6075,54086,6080,104307,6070,32880,6065,138464
2020-06-09 09:23:49.580000,6080.58,6075,54056,6080,104307,6070,111763,6065,144464
2020-06-09 09:23:50.690000,6080.58,6075,37516,6080,104307,6070,114263,6065,144464
2020-06-09 09:23:51.720000,6080.58,6075,38299,6080,104307,6070,114263,6065,144464
2020-06-09 09:23:52.140000,6080.58,6075,38999,6080,104307,6070,114263,6065,144642
2020-06-09 09:23:53.340000,6080.58,6075,37789,6080,104307,6070,120263,6065,138642
2020-06-09 09:23:53.760000,6080.58,6075,38339,6080,104307,6070,114263,6065,144642
2020-06-09 09:23:54.940000,6080.58,6075,38339,6080,104307,6070,120263,6065,138642
2020-06-09 09:23:55.860000,6080.58,6075,87221,6080,104307,6070,120263,6065,138642
2020-06-09 09:23:56.170000,6080.58,6075,87315,6080,104307,6070,120263,6065,138657
2020-06-09 09:23:56.930000,6080.58,6075,87315,6080,104307,6070,120263,6065,138657
2020-06-09 09:23:58.030000,6080.97,6075,86815,6080,104307,6070,120263,6065,152139
2020-06-09 09:23:58.400000,6080.97,6075,43513,6080,98507,6070,125316,6065,152139
2020-06-09 09:23:59.090000,6080.97,6075,25282,6080,98507,6070,125316,6065,152139
2020-06-09 09:24:00.230000,6082.91,6080,98507,6085,72412,6075,27861,6070,131116
2020-06-09 09:24:00.790000,6082.91,6080,98507,6085,72412,6075,32861,6070,131116
2020-06-09 09:24:01.810000,6082.91,6080,98507,6085,72412,6075,9074,6070,125317
2020-06-09 09:24:02.870000,6082.91,6075,24670,6080,82060,6070,134316,6065,142139
2020-06-09 09:24:03.430000,6082.91,6075,19711,6080,88060,6070,134315,6065,142139
2020-06-09 09:24:04.420000,6082.91,6075,19730,6080,88060,6070,129299,6065,142139
2020-06-09 09:24:05.400000,6082.91,6075,24688,6080,88060,6070,129299,6065,142139
2020-06-09 09:24:06.510000,6082.91,6075,24688,6080,88060,6070,129299,6065,142139
2020-06-09 09:24:07.560000,6082.13,6075,24688,6080,88060,6070,133299,6065,142139
2020-06-09 09:24:07.790000,6080.97,6075,38288,6080,88060,6070,133299,6065,128657
2020-06-09 09:24:08.670000,6080.97,6075,27688,6080,85060,6070,133299,6065,142139
2020-06-09 09:24:09.660000,6082.65,6075,27709,6080,85060,6070,133299,6065,147139
2020-06-09 09:24:10.070000,6082.65,6075,44961,6080,85060,6070,127299,6065,139657
2020-06-09 09:24:11.340000,6082.65,6075,37597,6080,85060,6070,133299,6065,133657
2020-06-09 09:24:12.350000,6082.65,6075,42426,6080,90560,6070,127299,6065,139657
2020-06-09 09:24:13.400000,6082.65,6075,38110,6080,91560,6070,127299,6065,139657
2020-06-09 09:24:13.800000,6082.65,6075,33118,6080,108007,6070,127300,6065,139657
2020-06-09 09:24:14.980000,6082.65,6075,33110,6080,108007,6070,138300,6065,133657
2020-06-09 09:24:15.930000,6082.65,6075,33110,6080,108007,6070,138301,6065,133657
2020-06-09 09:24:16.130000,6082.65,6075,31568,6080,108007,6070,138301,6065,133657
2020-06-09 09:24:17.100000,6081.88,6075,27369,6080,108007,6070,138301,6065,133657
2020-06-09 09:24:18.160000,6081.88,6075,27369,6080,108007,6070,138301,6065,133657
2020-06-09 09:24:18.460000,6082.26,6075,28083,6080,108007,6070,138301,6065,133657
2020-06-09 09:24:20.240000,6082.26,6075,28083,6080,108007,6070,138301,6065,133657
2020-06-09 09:24:20.690000,6082.26,6075,33083,6080,108007,6070,138301,6065,133657
2020-06-09 09:24:21.860000,6082.26,6075,32919,6080,108007,6070,140607,6065,133657
2020-06-09 09:24:22.240000,6082.26,6075,28620,6080,108007,6070,140607,6065,133657
2020-06-09 09:24:24.020000,6082.26,6075,47520,6080,107507,6070,134607,6065,139657
2020-06-09 09:24:24.530000,6082.26,6075,47520,6080,107507,6070,134607,6065,139627
2020-06-09 09:24:25.500000,6082.26,6075,47520,6080,107507,6070,124607,6065,149627
2020-06-09 09:24:26.020000,6082.26,6075,47520,6080,107507,6070,123894,6065,149662
2020-06-09 09:24:27.160000,6081.88,6075,61299,6080,107507,6070,117795,6065,143862
2020-06-09 09:24:27.600000,6081.88,6075,66599,6080,120989,6070,91229,6065,138845
2020-06-09 09:24:28.770000,6079.54,6070,30724,6075,66801,6065,129689,6060,101869
2020-06-09 09:24:29.660000,6079.54,6070,21925,6075,66901,6065,129689,6060,101869
2020-06-09 09:24:29.890000,6079.54,6075,61101,6080,105889,6070,29170,6065,143862
2020-06-09 09:24:30.880000,6079.54,6075,61100,6080,92407,6070,29170,6065,149662
2020-06-09 09:24:31.860000,6079.54,6075,61100,6080,105889,6070,29170,6065,143862
2020-06-09 09:24:32.190000,6079.54,6075,61100,6080,105889,6070,29220,6065,143852
2020-06-09 09:24:33.020000,6079.54,6075,61100,6080,105889,6070,29220,6065,143852
2020-06-09 09:24:34.030000,6079.54,6075,61100,6080,75960,6070,34220,6065,143852
2020-06-09 09:24:35.050000,6079.54,6075,61100,6080,89442,6070,34231,6065,143852
2020-06-09 09:24:35.330000,6079.54,6075,61100,6080,75960,6070,34231,6065,143852
2020-06-09 09:24:36.200000,6078.76,6075,61100,6080,89442,6070,34231,6065,143852
2020-06-09 09:24:37.160000,6080.32,6075,61100,6080,75960,6070,36380,6065,149652
2020-06-09 09:24:37.720000,6080.32,6075,61100,6080,75960,6070,39852,6065,143852
2020-06-09 09:24:38.780000,6080.32,6075,63100,6080,75960,6070,46552,6065,149652
2020-06-09 09:24:39.300000,6080.58,6075,63100,6080,75960,6070,46577,6065,149652
2020-06-09 09:24:40.310000,6080.58,6075,63940,6080,75960,6070,46577,6065,149652
2020-06-09 09:24:40.720000,6080.58,6075,63940,6080,89442,6070,43206,6065,143852
2020-06-09 09:24:41.860000,6080.58,6075,63940,6080,89442,6070,42856,6065,149653
2020-06-09 09:24:42.140000,6080.58,6075,63940,6080,89642,6070,42856,6065,149653
2020-06-09 09:24:42.940000,6080.58,6075,63840,6080,90062,6070,43206,6065,143853
2020-06-09 09:24:44.060000,6080.58,6075,63840,6080,90062,6070,43206,6065,143853
2020-06-09 09:24:44.330000,6080.58,6075,63840,6080,90062,6070,43206,6065,143883
2020-06-09 09:24:45.120000,6080.58,6075,63840,6080,90062,6070,44206,6065,143883
2020-06-09 09:24:46.560000,6080.58,6075,63840,6080,90062,6070,44306,6065,143883
2020-06-09 09:24:47.290000,6079.02,6075,63840,6080,76580,6070,44306,6065,143883
2020-06-09 09:24:48.250000,6078.63,6075,63840,6080,76580,6070,44306,6065,149783
2020-06-09 09:24:49.310000,6078.63,6075,63900,6080,76580,6070,44306,6065,149783
2020-06-09 09:24:49.620000,6078.63,6075,63900,6080,76580,6070,44306,6065,149783
2020-06-09 09:24:50.440000,6078.63,6075,63900,6080,76580,6070,44356,6065,149783
2020-06-09 09:24:51.210000,6078.63,6075,63900,6080,76580,6070,44356,6065,143983
2020-06-09 09:24:51.830000,6078.63,6075,63900,6080,76580,6070,44356,6065,149783
2020-06-09 09:24:52.540000,6078.63,6075,63900,6080,76580,6070,44356,6065,149783
2020-06-09 09:24:53.500000,6078.63,6075,63900,6080,76580,6070,44356,6065,149783
2020-06-09 09:24:53.940000,6078.63,6075,63900,6080,76580,6070,44356,6065,149783
2020-06-09 09:24:54.740000,6078.63,6075,58900,6080,76634,6070,55847,6065,149783
2020-06-09 09:24:55.660000,6078.63,6075,45000,6080,76634,6070,55847,6065,149783
2020-06-09 09:24:56.710000,6078.63,6075,50000,6080,76634,6070,50847,6065,149783
2020-06-09 09:24:57.160000,6079.41,6075,51605,6080,76634,6070,50847,6065,149833
2020-06-09 09:24:58.180000,6080.58,6075,62586,6080,76644,6070,50847,6065,149833
2020-06-09 09:24:58.500000,6080.19,6075,69586,6080,76644,6070,50847,6065,149833
2020-06-09 09:24:59.280000,6080.19,6075,69586,6080,76644,6070,44356,6065,149833
2020-06-09 09:25:00.360000,6080.19,6075,39813,6080,76644,6070,66655,6065,143833
2020-06-09 09:25:01.410000,6080.19,6075,40813,6080,76647,6070,66655,6065,143833
2020-06-09 09:25:01.830000,6080.19,6075,57356,6080,76647,6070,55655,6065,149833
2020-06-09 09:25:02.950000,6080.19,6075,55876,6080,57477,6070,55655,6065,149833
2020-06-09 09:25:03.440000,6080.19,6075,55826,6080,57477,6070,55655,6065,149833
2020-06-09 09:25:04.500000,6080.19,6075,55451,6080,57477,6070,55655,6065,149833
2020-06-09 09:25:05.490000,6080.19,6075,34751,6080,57477,6070,53955,6065,149833
2020-06-09 09:25:05.800000,6080.19,6075,31909,6080,57487,6070,59955,6065,143833
2020-06-09 09:25:06.640000,6080.97,6075,60037,6080,57487,6070,48955,6065,149833
2020-06-09 09:25:07.700000,6080.97,6075,60037,6080,57487,6070,40158,6065,144033
2020-06-09 09:25:09.280000,6079.8,6075,61918,6080,57492,6070,44342,6065,149933
2020-06-09 09:25:09.730000,6079.8,6075,61718,6080,57492,6070,40158,6065,149933
2020-06-09 09:25:10.750000,6079.8,6075,61718,6080,57492,6070,40158,6065,149933
2020-06-09 09:25:11.760000,6079.8,6075,61718,6080,57492,6070,49276,6065,149933
2020-06-09 09:25:11.970000,6079.8,6075,63718,6080,70974,6070,49693,6065,144133
2020-06-09 09:25:12.890000,6079.8,6075,63718,6080,70974,6070,49693,6065,149933
2020-06-09 09:25:13.950000,6079.8,6075,64118,6080,70974,6070,49693,6065,144133
2020-06-09 09:25:14.500000,6079.8,6075,64118,6080,70974,6070,47193,6065,144133
2020-06-09 09:25:15.580000,6079.8,6075,63918,6080,70974,6070,47920,6065,144133
2020-06-09 09:25:16.560000,6079.8,6075,63918,6080,70974,6070,28950,6065,144133
2020-06-09 09:25:17.110000,6079.41,6075,69718,6080,70984,6070,17084,6065,144133
2020-06-09 09:25:18.200000,6079.02,6070,3365,6075,85428,6065,139133,6060,102912
2020-06-09 09:25:19.260000,6079.02,6070,5365,6075,85428,6065,139133,6060,102912
2020-06-09 09:25:20.320000,6079.02,6075,79628,6080,70994,6070,23970,6065,144133
2020-06-09 09:25:21.370000,6079.02,6075,85428,6080,70994,6065,144133,6060,102912
2020-06-09 09:25:22.420000,6079.02,6070,7000,6075,78228,6065,144133,6060,102912
2020-06-09 09:25:23.420000,6079.02,6070,25970,6075,59258,6065,144133,6060,102912
2020-06-09 09:25:23.930000,6079.02,6070,8881,6075,76347,6065,139133,6060,102912
2020-06-09 09:25:25.010000,6079.02,6070,8881,6075,76347,6065,137714,6060,102912
2020-06-09 09:25:26.100000,6077.85,6070,37851,6075,57377,6065,137714,6060,102912
2020-06-09 09:25:26.570000,6079.02,6070,33351,6075,57577,6065,137714,6060,102912
2020-06-09 09:25:28.130000,6078.24,6070,33351,6075,57577,6065,137714,6060,101494
2020-06-09 09:25:29.150000,6078.24,6070,31686,6075,57577,6065,137714,6060,101494
2020-06-09 09:25:29.600000,6078.24,6070,28126,6075,57577,6065,136114,6060,101494
2020-06-09 09:25:30.380000,6078.24,6070,28126,6075,57577,6065,130114,6060,107494
2020-06-09 09:25:31.330000,6078.24,6070,32926,6075,57577,6065,136114,6060,101404
2020-06-09 09:25:32.430000,6078.24,6070,16644,6075,57577,6065,136263,6060,87922
2020-06-09 09:25:33.460000,6078.24,6070,32642,6075,57577,6065,127464,6060,101404
2020-06-09 09:25:33.880000,6078.24,6070,33142,6075,57077,6065,127464,6060,87932
2020-06-09 09:25:35.070000,6078.24,6070,33142,6075,57127,6065,121464,6060,93932
2020-06-09 09:25:36.070000,6078.24,6070,34040,6075,57127,6065,122458,6060,87932
2020-06-09 09:25:36.600000,6078.24,6070,47902,6075,57127,6065,26678,6060,93932
2020-06-09 09:25:37.690000,6077.46,6070,47852,6075,57127,6065,26678,6060,102731
2020-06-09 09:25:38.220000,6077.46,6070,48819,6075,70609,6065,27678,6060,96931
2020-06-09 09:25:39.300000,6077.46,6070,48819,6075,70609,6065,12559,6060,96931
2020-06-09 09:25:40.300000,6075.13,6070,48819,6075,57127,6065,38231,6060,102731
2020-06-09 09:25:41.430000,6075.13,6070,49464,6075,63711,6065,32678,6060,102731
2020-06-09 09:25:42.440000,6075.13,6070,49463,6075,63711,6065,32678,6060,102731
2020-06-09 09:25:43.520000,6075.13,6070,44463,6075,63711,6065,51471,6060,179079
2020-06-09 09:25:44.570000,6075.13,6070,49465,6075,63711,6065,40141,6060,185079
2020-06-09 09:25:45.490000,6075.13,6070,44465,6075,63711,6065,45171,6060,185079
2020-06-09 09:25:45.800000,6075.13,6070,49465,6075,63711,6065,40171,6060,185079
2020-06-09 09:25:46.600000,6075.13,6070,49465,6075,63711,6065,40171,6060,185079
2020-06-09 09:25:47.700000,6076.3,6070,35783,6075,62160,6065,35241,6060,195079
2020-06-09 09:25:48.130000,6076.68,6070,18983,6075,62160,6065,43441,6060,189079
2020-06-09 09:25:49.300000,6076.68,6070,58010,6075,62160,6065,43605,6060,189077
2020-06-09 09:25:50.890000,6077.07,6070,77610,6075,62160,6065,32705,6060,195237
2020-06-09 09:25:51.420000,6077.07,6070,73380,6075,62160,6065,37685,6060,195237
2020-06-09 09:25:52.470000,6077.07,6070,78380,6075,62160,6065,32685,6060,195237
2020-06-09 09:25:53.090000,6077.07,6070,79415,6075,62160,6065,24987,6060,195237
2020-06-09 09:25:54.060000,6077.07,6070,78915,6075,62160,6065,24487,6060,195237
2020-06-09 09:25:55.090000,6077.07,6070,78915,6075,75642,6065,15186,6060,189437
2020-06-09 09:25:55.420000,6077.07,6070,78915,6075,75642,6065,155271,6060,189437
2020-06-09 09:25:56.140000,6077.07,6070,78915,6075,75642,6065,169843,6060,190337
2020-06-09 09:25:57.230000,6077.07,6070,84715,6075,75642,6065,155271,6060,190337
2020-06-09 09:25:57.700000,6075.91,6070,78915,6075,75642,6065,156271,6060,190337
2020-06-09 09:25:58.760000,6075.13,6070,78915,6075,75642,6065,173343,6060,190337
2020-06-09 09:25:59.170000,6075.13,6070,76415,6075,75642,6065,158771,6060,190337
2020-06-09 09:26:00.370000,6075.13,6070,76255,6075,75642,6065,173343,6060,190337
2020-06-09 09:26:01.540000,6075.13,6070,76255,6075,75642,6065,173443,6060,190337
2020-06-09 09:26:02.290000,6075.13,6070,76255,6075,75642,6065,173443,6060,190337
2020-06-09 09:26:03.040000,6075.13,6070,76255,6075,75642,6065,174266,6060,190337
2020-06-09 09:26:04.050000,6075.13,6070,76255,6075,75642,6065,174266,6060,190337
2020-06-09 09:26:04.580000,6075.13,6070,75431,6075,75642,6065,158871,6060,190337
2020-06-09 09:26:06.630000,6075.13,6070,75431,6075,75642,6065,173343,6060,196137
2020-06-09 09:26:06.830000,6076.3,6070,60131,6075,62160,6065,174343,6060,196137
2020-06-09 09:26:07.770000,6075.13,6070,60141,6075,62160,6065,174343,6060,196137
2020-06-09 09:26:08.850000,6075.91,6070,46342,6075,62270,6065,205343,6060,190137
2020-06-09 09:26:09.360000,6075.91,6070,46342,6075,62270,6065,205228,6060,190137
2020-06-09 09:26:10.390000,6075.91,6070,51342,6075,62270,6065,194229,6060,196137
2020-06-09 09:26:11.440000,6075.91,6070,44826,6075,62270,6065,205229,6060,190137
2020-06-09 09:26:11.830000,6075.91,6070,44876,6075,62270,6065,204229,6060,190137
2020-06-09 09:26:13.000000,6075.91,6070,44876,6075,62320,6065,204329,6060,190137
2020-06-09 09:26:13.440000,6075.91,6070,44576,6075,62320,6065,204229,6060,190137
2020-06-09 09:26:14.610000,6075.91,6070,44576,6075,62320,6065,204229,6060,190137
2020-06-09 09:26:14.860000,6075.91,6070,44082,6075,62320,6065,204229,6060,190137
2020-06-09 09:26:15.630000,6075.91,6070,44582,6075,62320,6065,198229,6060,196137
2020-06-09 09:26:16.700000,6075.91,6070,44582,6075,62320,6065,206229,6060,190137
2020-06-09 09:26:17.030000,6077.46,6070,44582,6075,62320,6065,206229,6060,190137
2020-06-09 09:26:17.740000,6077.46,6070,44582,6075,62320,6065,206249,6060,190137
