time,nav,sell1,sell1_cnt,sell2,sell2_cnt,buy1,buy1_cnt,buy2,buy2_cnt
2020-06-04 09:26:14.600000,0.0,6195,56901,6200,109558,6190,51766,6185,96261
2020-06-04 09:26:14.930000,0.0,6195,62401,6200,109558,6190,52466,6185,96261
2020-06-04 09:26:15.600000,0.0,6195,63207,6200,109558,6190,52416,6185,96261
2020-06-04 09:26:16.500000,6199.93,6195,64007,6200,109558,6190,16186,6185,96461
2020-06-04 09:26:17.650000,6199.93,6195,73278,6200,102758,6190,50392,6185,93961
2020-06-04 09:26:18.140000,6193.4,6195,73017,6200,102758,6190,51392,6185,93961
2020-06-04 09:26:18.930000,6196.12,6195,79906,6200,100758,6190,52392,6185,93961
2020-06-04 09:26:19.850000,6196.12,6195,79501,6200,100758,6190,52392,6185,96961
2020-06-04 09:26:20.630000,6196.12,6195,79242,6200,100758,6190,52592,6185,96961
2020-06-04 09:26:21.490000,6196.12,6195,72242,6200,102758,6190,52592,6185,96961
2020-06-04 09:26:22.500000,6196.12,6195,79241,6200,100758,6190,55806,6185,96961
2020-06-04 09:26:23.250000,6196.12,6195,82938,6200,97062,6190,17543,6185,75495
2020-06-04 09:26:24.110000,6196.12,6195,81937,6200,97062,6190,17543,6185,69495
2020-06-04 09:26:25.130000,6196.12,6195,78243,6200,100813,6190,1,6185,75495
2020-06-04 09:26:25.730000,6196.12,6190,26957,6195,81938,6185,75495,6180,72909
2020-06-04 09:26:26.610000,6195.58,6190,49359,6195,94804,6185,60799,6180,82703
2020-06-04 09:26:27.550000,6196.12,6190,58858,6195,92804,6185,26619,6180,82703
2020-06-04 09:26:28.330000,6193.95,6190,58808,6195,92804,6185,26619,6180,82703
2020-06-04 09:26:29.690000,6190.68,6190,58808,6195,92804,6185,26719,6180,91528
2020-06-04 09:26:30.490000,6190.68,6190,75369,6195,89108,6180,72562,6175,63185
2020-06-04 09:26:31.630000,6190.68,6185,49699,6190,75369,6180,66662,6175,69285
2020-06-04 09:26:32.570000,6190.68,6185,52198,6190,75369,6180,50189,6175,72870
2020-06-04 09:26:33.460000,6190.68,6185,39655,6190,62503,6180,70051,6175,63174
2020-06-04 09:26:34.520000,6190.68,6185,31969,6190,58807,6180,70051,6175,63176
2020-06-04 09:26:35.430000,6190.68,6185,32018,6190,68807,6180,70132,6175,63176
2020-06-04 09:26:36.520000,6189.59,6190,61787,6195,95803,6185,32703,6180,91598
2020-06-04 09:26:37.250000,6187.96,6190,68702,6195,93803,6185,32753,6180,92598
2020-06-04 09:26:38.830000,6190.68,6190,61701,6195,95803,6185,35947,6180,92698
2020-06-04 09:26:39.300000,6190.68,6190,61701,6195,95803,6185,35947,6180,92698
2020-06-04 09:26:40.470000,6192.86,6190,61690,6195,95803,6185,3693,6180,92698
2020-06-04 09:26:40.900000,6192.86,6190,61690,6195,95803,6185,38579,6180,92698
2020-06-04 09:26:41.820000,6192.86,6190,67584,6195,92803,6185,36579,6180,92718
2020-06-04 09:26:42.740000,6192.86,6190,67228,6195,92803,6185,36579,6180,92718
2020-06-04 09:26:43.850000,6192.86,6190,66906,6195,92803,6185,39129,6180,92718
2020-06-04 09:26:44.520000,6192.86,6190,66018,6195,92803,6185,52881,6180,89032
2020-06-04 09:26:45.300000,6192.86,6190,73018,6195,90803,6185,10079,6180,93728
2020-06-04 09:26:46.380000,6192.86,6185,33949,6190,90579,6180,64096,6175,69181
2020-06-04 09:26:47.580000,6191.77,6185,28398,6190,81018,6180,72362,6175,63181
2020-06-04 09:26:48.710000,6189.59,6190,70322,6195,91803,6185,29020,6180,90828
2020-06-04 09:26:49.690000,6189.59,6190,77322,6195,88996,6185,29020,6180,90730
2020-06-04 09:26:50.720000,6189.59,6185,12899,6190,77322,6180,93609,6175,63191
2020-06-04 09:26:51.750000,6189.59,6185,41245,6190,81018,6180,75143,6175,63191
2020-06-04 09:26:52.860000,6189.59,6185,49504,6190,93884,6180,66981,6175,69191
2020-06-04 09:26:53.640000,6189.59,6185,54509,6190,95384,6180,66081,6175,69291
2020-06-04 09:26:54.520000,6189.59,6185,60375,6190,95384,6180,49219,6175,73085
2020-06-04 09:26:55.750000,6192.31,6185,69874,6190,93384,6180,40473,6175,81810
2020-06-04 09:26:56.430000,6191.23,6185,70163,6190,93384,6180,12098,6175,83810
2020-06-04 09:26:57.350000,6189.05,6185,73160,6190,93384,6180,15172,6175,83810
2020-06-04 09:26:58.460000,6185.78,6185,67159,6190,95509,6180,45918,6175,83810
2020-06-04 09:27:00.580000,6187.42,6185,68052,6190,95509,6180,45896,6175,83810
2020-06-04 09:27:01.300000,6187.42,6185,68052,6190,94509,6180,45896,6175,83810
2020-06-04 09:27:01.740000,6187.42,6185,65052,6190,94509,6180,54693,6175,80114
2020-06-04 09:27:02.320000,6187.42,6185,51277,6190,81609,6180,61859,6175,80114
2020-06-04 09:27:03.300000,6187.42,6185,48453,6190,81609,6180,67839,6175,74114
2020-06-04 09:27:04.220000,6187.42,6185,48275,6190,81609,6180,67859,6175,74099
2020-06-04 09:27:04.990000,6187.42,6185,41090,6190,81609,6180,69186,6175,74099
2020-06-04 09:27:05.820000,6187.42,6185,41089,6190,81609,6180,69186,6175,74199
2020-06-04 09:27:06.710000,6190.14,6185,41089,6190,81609,6180,69166,6175,74199
2020-06-04 09:27:07.710000,6190.14,6185,5656,6190,86494,6180,72166,6175,74199
2020-06-04 09:27:08.790000,6189.59,6185,5656,6190,86494,6180,90632,6175,74199
2020-06-04 09:27:09.830000,6190.68,6190,86493,6195,92006,6185,49311,6180,90632
2020-06-04 09:27:10.910000,6190.68,6190,86493,6195,92006,6185,35002,6180,90632
2020-06-04 09:27:11.860000,6190.68,6190,86492,6195,92006,6185,35003,6180,90632
2020-06-04 09:27:12.800000,6190.68,6190,79492,6195,94006,6185,35203,6180,90632
2020-06-04 09:27:13.660000,6190.68,6190,80153,6195,105375,6185,34945,6180,90632
2020-06-04 09:27:14.570000,6190.68,6190,87153,6195,103375,6185,34945,6180,100732
2020-06-04 09:27:15.430000,6190.68,6190,87173,6195,103375,6185,34945,6180,100732
2020-06-04 09:27:16.390000,6191.23,6190,80656,6195,105429,6185,34945,6180,100737
2020-06-04 09:27:17.220000,6191.23,6190,88155,6195,103429,6185,11465,6180,100737
2020-06-04 09:27:18.070000,6191.77,6190,88154,6195,103429,6185,11765,6180,100737
2020-06-04 09:27:19.470000,6191.77,6185,37232,6190,88029,6180,79271,6175,75504
2020-06-04 09:27:19.970000,6191.77,6185,35221,6190,88029,6180,97537,6175,75504
2020-06-04 09:27:20.830000,6191.77,6185,35221,6190,88029,6180,97537,6175,75504
2020-06-04 09:27:21.750000,6191.77,6185,36705,6190,90725,6180,73905,6175,75504
2020-06-04 09:27:22.440000,6191.77,6185,36705,6190,90725,6180,73905,6175,75504
2020-06-04 09:27:23.240000,6191.77,6185,4538,6190,86029,6180,100657,6175,75584
2020-06-04 09:27:24.210000,6191.77,6190,86028,6195,103429,6185,25414,6180,100687
2020-06-04 09:27:25.140000,6191.77,6190,86027,6195,103429,6185,24514,6180,100537
2020-06-04 09:27:25.910000,6191.77,6190,86027,6195,103429,6185,1100,6180,79081
2020-06-04 09:27:26.750000,6189.05,6185,29247,6190,89743,6180,79081,6175,75734
2020-06-04 09:27:27.550000,6190.68,6185,29246,6190,89743,6180,79081,6175,75734
2020-06-04 09:27:28.470000,6190.68,6185,29976,6190,89743,6180,79081,6175,75734
2020-06-04 09:27:29.150000,6190.68,6185,30945,6190,89743,6180,79081,6175,75735
2020-06-04 09:27:30.040000,6190.68,6185,30714,6190,89743,6180,79091,6175,75725
2020-06-04 09:27:30.970000,6190.68,6185,2651,6190,86047,6180,84691,6175,75725
2020-06-04 09:27:32.050000,6190.68,6185,23866,6190,86036,6180,82091,6175,75525
2020-06-04 09:27:33.100000,6190.68,6185,25865,6190,89737,6180,82091,6175,75525
2020-06-04 09:27:33.830000,6190.68,6185,38138,6190,89737,6180,73191,6175,81525
2020-06-04 09:27:34.740000,6190.68,6185,45724,6190,102603,6180,62495,6175,85321
2020-06-04 09:27:35.600000,6190.68,6185,46923,6190,102603,6180,57320,6175,85321
2020-06-04 09:27:36.690000,6191.23,6185,50672,6190,102603,6180,57320,6175,85321
2020-06-04 09:27:37.670000,6190.68,6185,50571,6190,102603,6180,57320,6175,85321
2020-06-04 09:27:38.530000,6187.42,6185,50370,6190,102603,6180,57320,6175,85321
2020-06-04 09:27:39.500000,6187.42,6185,57869,6190,100603,6180,29945,6175,85321
2020-06-04 09:27:40.360000,6187.42,6185,57869,6190,100603,6180,21000,6175,63855
2020-06-04 09:27:41.380000,6187.42,6180,92611,6185,61567,6175,62355,6170,108915
2020-06-04 09:27:42.240000,6187.42,6180,110884,6185,74483,6175,11776,6170,99745
2020-06-04 09:27:43.130000,6187.42,6180,105883,6185,74483,6175,41447,6170,112611
2020-06-04 09:27:44.030000,6187.42,6180,109633,6185,74483,6175,41447,6170,112611
2020-06-04 09:27:44.910000,6187.42,6180,56881,6185,78483,6175,41452,6170,112611
2020-06-04 09:27:45.770000,6186.87,6180,56880,6185,78483,6175,51548,6170,108415
2020-06-04 09:27:46.720000,6186.87,6180,44692,6185,65617,6175,62685,6170,102415
2020-06-04 09:27:47.550000,6181.98,6180,44169,6185,65617,6175,57685,6170,102415
2020-06-04 09:27:48.330000,6184.15,6185,54706,6190,102583,6180,32224,6175,76171
2020-06-04 09:27:49.120000,6186.87,6185,49620,6190,102583,6180,38420,6175,72477
2020-06-04 09:27:50.050000,6186.87,6185,49619,6190,102573,6180,33410,6175,75477
2020-06-04 09:27:50.900000,6186.87,6185,66182,6190,102578,6180,22704,6175,79173
2020-06-04 09:27:51.920000,6186.87,6185,66182,6190,102578,6180,25669,6175,82473
2020-06-04 09:27:52.870000,6186.87,6185,66182,6190,102578,6180,25669,6175,82473
2020-06-04 09:27:53.730000,6186.87,6185,66882,6190,102578,6180,25364,6175,82473
2020-06-04 09:27:54.580000,6186.87,6185,73882,6190,100578,6180,25364,6175,82473
2020-06-04 09:27:55.370000,6186.87,6185,73881,6190,100578,6180,18513,6175,82473
2020-06-04 09:27:56.390000,6187.96,6185,74281,6190,100578,6180,5631,6175,61007
2020-06-04 09:27:57.200000,6187.96,6185,74301,6190,100578,6180,5831,6175,79473
2020-06-04 09:27:57.960000,6185.78,6185,66627,6190,96882,6180,4616,6175,79473
2020-06-04 09:27:58.920000,6185.78,6185,62936,6190,100578,6180,1,6175,61007
2020-06-04 09:27:59.810000,6185.78,6180,29,6185,62936,6175,61007,6170,102415
2020-06-04 09:28:00.600000,6185.24,6180,26476,6185,67402,6175,61007,6170,102415
2020-06-04 09:28:01.600000,6185.24,6180,24475,6185,67402,6175,64007,6170,102415
2020-06-04 09:28:02.530000,6185.24,6180,23975,6185,67402,6175,64007,6170,102415
2020-06-04 09:28:03.230000,6185.24,6185,63705,6190,100577,6180,36725,6175,82473
2020-06-04 09:28:04.100000,6185.24,6185,56905,6190,102577,6180,34725,6175,87473
2020-06-04 09:28:04.970000,6185.24,6185,56905,6190,104179,6180,34725,6175,87473
2020-06-04 09:28:05.910000,6185.24,6185,63914,6190,102189,6180,5645,6175,87661
2020-06-04 09:28:06.710000,6185.24,6185,63914,6190,102189,6180,1622,6175,87661
2020-06-04 09:28:07.720000,6186.33,6180,400,6185,63913,6175,84661,6170,102445
2020-06-04 09:28:08.830000,6186.87,6185,56113,6190,104189,6180,30670,6175,84670
2020-06-04 09:28:09.910000,6186.87,6185,63112,6190,104189,6180,28319,6175,87670
2020-06-04 09:28:10.830000,6186.87,6185,63112,6190,104189,6180,29513,6175,92670
2020-06-04 09:28:11.830000,6186.87,6185,66288,6190,104189,6180,46953,6175,92670
2020-06-04 09:28:12.800000,6186.87,6185,64003,6190,104189,6180,62099,6175,82974
2020-06-04 09:28:13.570000,6186.87,6185,64002,6190,104189,6180,65144,6175,82974
2020-06-04 09:28:14.440000,6186.87,6185,64002,6190,104189,6180,64589,6175,82974
2020-06-04 09:28:16.210000,6186.87,6185,64001,6190,104189,6180,64589,6175,83174
2020-06-04 09:28:16.990000,6186.87,6185,55263,6190,91323,6180,69646,6175,87702
2020-06-04 09:28:17.830000,6186.87,6185,55262,6190,91323,6180,69589,6175,87702
2020-06-04 09:28:18.710000,6189.59,6185,53862,6190,104189,6180,69588,6175,87702
2020-06-04 09:28:19.540000,6189.59,6185,53861,6190,104189,6180,69588,6175,87702
2020-06-04 09:28:20.400000,6189.59,6185,56860,6190,104189,6180,58588,6175,93702
2020-06-04 09:28:21.210000,6189.59,6185,56859,6190,104189,6180,58771,6175,93702
2020-06-04 09:28:22.830000,6189.59,6185,56735,6190,104189,6180,58771,6175,93702
2020-06-04 09:28:23.710000,6189.59,6185,54735,6190,104189,6180,69771,6175,88002
2020-06-04 09:28:24.540000,6189.59,6185,56735,6190,104189,6180,58821,6175,94173
2020-06-04 09:28:25.240000,6189.59,6185,56735,6190,104189,6180,59305,6175,94173
2020-06-04 09:28:26.210000,6187.96,6185,76533,6190,104189,6180,50552,6175,97869
2020-06-04 09:28:27.110000,6187.96,6185,76533,6190,104189,6180,42636,6175,97869
2020-06-04 09:28:28.000000,6186.33,6185,59782,6190,104189,6180,52332,6175,88183
2020-06-04 09:28:28.830000,6187.42,6185,73783,6190,104189,6180,48627,6175,91879
2020-06-04 09:28:29.660000,6187.42,6185,73782,6190,104189,6180,37628,6175,97879
2020-06-04 09:28:31.040000,6187.42,6185,80782,6190,102189,6180,2423,6175,97929
2020-06-04 09:28:32.440000,6187.42,6185,83781,6190,102289,6180,38531,6175,100029
2020-06-04 09:28:33.500000,6187.42,6185,76041,6190,104289,6180,38531,6175,100029
2020-06-04 09:28:34.610000,6187.42,6185,57041,6190,104289,6180,41153,6175,100029
2020-06-04 09:28:35.050000,6187.42,6185,56941,6190,104289,6180,52349,6175,96333
2020-06-04 09:28:35.890000,6187.42,6185,60055,6190,91423,6180,58349,6175,90333
2020-06-04 09:28:36.630000,6186.87,6185,57047,6190,91423,6180,53349,6175,90333
2020-06-04 09:28:37.540000,6185.24,6185,57046,6190,91423,6180,68406,6175,85333
2020-06-04 09:28:38.290000,6188.51,6185,69746,6190,104298,6180,63349,6175,85333
2020-06-04 09:28:39.800000,6190.14,6185,79945,6190,104298,6180,48653,6175,95029
2020-06-04 09:28:40.100000,6190.14,6185,82944,6190,104298,6180,46553,6175,95029
2020-06-04 09:28:40.930000,6190.14,6185,54849,6190,91432,6180,68515,6175,85333
2020-06-04 09:28:41.770000,6190.14,6185,57334,6190,91432,6180,68515,6175,85333
2020-06-04 09:28:42.580000,6190.14,6185,57334,6190,91432,6180,68515,6175,85333
2020-06-04 09:28:43.270000,6190.14,6185,57334,6190,91432,6180,68514,6175,85333
2020-06-04 09:28:43.970000,6190.14,6185,54334,6190,91432,6180,68414,6175,85339
2020-06-04 09:28:44.710000,6190.14,6185,28009,6190,87736,6180,86880,6175,85339
2020-06-04 09:28:45.520000,6190.14,6185,25513,6190,87736,6180,86879,6175,85339
2020-06-04 09:28:46.240000,6190.14,6185,25512,6190,80736,6180,86859,6175,85339
2020-06-04 09:28:47.100000,6190.68,6185,25511,6190,87736,6180,89859,6175,85339
2020-06-04 09:28:47.900000,6191.23,6185,25511,6190,87736,6180,89859,6175,85339
2020-06-04 09:28:48.740000,6191.23,6185,20028,6190,87736,6180,89861,6175,85339
2020-06-04 09:28:49.600000,6191.23,6185,20027,6190,87736,6180,88354,6175,85339
2020-06-04 09:28:50.540000,6191.23,6185,75159,6190,87736,6180,66888,6175,85339
2020-06-04 09:28:51.540000,6191.23,6185,70523,6190,91432,6180,66888,6175,85339
2020-06-04 09:28:52.490000,6191.23,6185,71373,6190,91432,6180,66898,6175,85339
2020-06-04 09:28:53.400000,6191.23,6185,84447,6190,91432,6180,66898,6175,85339
2020-06-04 09:28:54.270000,6191.23,6185,87152,6190,91432,6180,66898,6175,85339
2020-06-04 09:28:55.180000,6191.23,6185,87151,6190,87736,6180,66698,6175,85339
2020-06-04 09:28:56.000000,6191.23,6185,87151,6190,91432,6180,64798,6175,85350
2020-06-04 09:28:56.770000,6189.59,6185,97365,6190,91432,6180,66798,6175,90130
2020-06-04 09:28:57.470000,6189.59,6185,97364,6190,91432,6180,66798,6175,90130
2020-06-04 09:28:58.270000,6189.59,6185,95761,6190,91432,6180,66798,6175,90130
2020-06-04 09:28:59.040000,6189.59,6185,61091,6190,87736,6180,90364,6175,90630
2020-06-04 09:28:59.910000,6189.59,6185,50498,6190,87736,6180,90364,6175,90630
2020-06-04 09:29:00.950000,6189.59,6185,85168,6190,91432,6180,71398,6175,90630
2020-06-04 09:29:01.810000,6189.59,6185,85167,6190,91432,6180,71398,6175,90630
2020-06-04 09:29:02.580000,6189.59,6185,85167,6190,91432,6180,62348,6175,96630
2020-06-04 09:29:03.280000,6189.59,6185,85067,6190,91432,6180,67162,6175,90630
2020-06-04 09:29:04.080000,6189.59,6185,85066,6190,91432,6180,69262,6175,90630
2020-06-04 09:29:04.970000,6189.59,6185,85065,6190,91432,6180,69262,6175,90630
2020-06-04 09:29:05.910000,6189.59,6185,111251,6190,104298,6180,59062,6175,96130
2020-06-04 09:29:06.700000,6189.59,6185,114400,6190,104298,6180,44501,6175,99826
2020-06-04 09:29:07.500000,6189.59,6185,121399,6190,102298,6180,8448,6175,99826
2020-06-04 09:29:08.310000,6188.51,6180,41975,6185,116142,6175,99826,6170,101201
2020-06-04 09:29:09.200000,6186.33,6180,40975,6185,116144,6175,99826,6170,101201
2020-06-04 09:29:10.000000,6186.33,6180,48074,6185,118144,6175,99826,6170,101201
2020-06-04 09:29:10.940000,6186.33,6180,62976,6185,123144,6175,100826,6170,101201
2020-06-04 09:29:11.940000,6186.33,6180,91050,6185,126840,6175,77260,6170,101201
2020-06-04 09:29:12.730000,6186.33,6180,91050,6185,126840,6175,77260,6170,101201
2020-06-04 09:29:13.470000,6186.33,6180,104123,6185,114516,6175,80760,6170,101201
2020-06-04 09:29:14.260000,6186.33,6180,104123,6185,132058,6175,80760,6170,101201
2020-06-04 09:29:15.060000,6186.33,6180,109188,6185,132058,6175,74760,6170,107201
2020-06-04 09:29:15.920000,6186.33,6180,105372,6185,132058,6175,80760,6170,101201
2020-06-04 09:29:16.790000,6185.24,6180,110437,6185,132058,6175,74760,6170,107201
2020-06-04 09:29:17.430000,6184.15,6180,110275,6185,132058,6175,74760,6170,107201
2020-06-04 09:29:18.210000,6184.15,6180,110279,6185,132058,6175,74765,6170,107201
2020-06-04 09:29:18.960000,6184.7,6180,89312,6185,115496,6175,82489,6170,101201
2020-06-04 09:29:19.790000,6184.7,6180,66759,6185,114816,6175,107382,6170,101201
2020-06-04 09:29:20.540000,6184.7,6180,66759,6185,114816,6175,107378,6170,101201
2020-06-04 09:29:21.370000,6184.7,6180,67659,6185,114816,6175,107378,6170,101201
2020-06-04 09:29:22.140000,6184.7,6180,95610,6185,118512,6175,88912,6170,101201
2020-06-04 09:29:22.900000,6184.7,6180,96110,6185,131378,6175,83312,6170,101201
2020-06-04 09:29:23.670000,6184.7,6180,95609,6185,131378,6175,83312,6170,101201
2020-06-04 09:29:25.060000,6184.7,6180,95609,6185,131378,6175,85688,6170,101201
2020-06-04 09:29:25.840000,6184.7,6180,95558,6185,131378,6175,83589,6170,101351
2020-06-04 09:29:26.600000,6185.24,6180,64326,6185,114816,6175,105529,6170,101361
2020-06-04 09:29:27.410000,6185.24,6180,64322,6185,114816,6175,105529,6170,101361
2020-06-04 09:29:28.200000,6186.33,6180,91349,6185,110140,6175,87063,6170,101361
2020-06-04 09:29:29.010000,6186.33,6180,91349,6185,110140,6175,86674,6170,101361
2020-06-04 09:29:29.770000,6186.33,6180,92062,6185,109426,6175,83654,6170,101361
2020-06-04 09:29:30.540000,6186.33,6180,92058,6185,109426,6175,83654,6170,101361
2020-06-04 09:29:31.370000,6186.33,6180,92077,6185,109426,6175,79942,6170,101366
2020-06-04 09:29:32.190000,6186.33,6180,96690,6185,104808,6175,80042,6170,101366
2020-06-04 09:29:32.940000,6186.33,6180,98690,6185,104808,6175,80042,6170,101366
2020-06-04 09:29:33.770000,6186.33,6180,104289,6185,108504,6175,77942,6170,101366
2020-06-04 09:29:34.470000,6186.33,6180,104289,6185,107939,6175,79477,6170,101366
2020-06-04 09:29:35.240000,6186.33,6180,76337,6185,104243,6175,79477,6170,101366
2020-06-04 09:29:36.070000,6186.33,6180,76336,6185,104243,6175,79477,6170,101366
2020-06-04 09:29:36.970000,6186.33,6180,98683,6185,104565,6175,82477,6170,101366
2020-06-04 09:29:37.830000,6186.33,6180,143472,6185,121127,6175,74377,6170,107366
2020-06-04 09:29:38.710000,6186.87,6180,143472,6185,121127,6175,66677,6170,116091
2020-06-04 09:29:39.470000,6183.61,6175,37835,6180,105072,6170,122287,6165,72570
2020-06-04 09:29:40.360000,6183.61,6175,72774,6180,108770,6170,122287,6165,72570
2020-06-04 09:29:41.210000,6183.61,6175,72873,6180,121736,6170,103826,6165,72420
2020-06-04 09:29:41.970000,6183.61,6175,72873,6180,108870,6170,109667,6165,72420
2020-06-04 09:29:42.830000,6183.61,6175,31775,6180,105174,6170,120333,6165,72420
2020-06-04 09:29:43.710000,6183.61,6175,8499,6180,98174,6170,120333,6165,72420
2020-06-04 09:29:44.530000,6183.61,6180,122274,6185,102027,6175,50164,6170,137637
2020-06-04 09:29:45.330000,6183.61,6180,122239,6185,102027,6175,39832,6170,141333
2020-06-04 09:29:46.270000,6180.34,6180,122238,6185,102027,6175,39732,6170,146333
2020-06-04 09:29:47.140000,6180.34,6180,126345,6185,102027,6175,39732,6170,146333
2020-06-04 09:29:47.860000,6181.98,6180,126344,6185,102027,6175,39722,6170,146333
2020-06-04 09:29:48.640000,6181.98,6180,125630,6185,102027,6175,39013,6170,142333
2020-06-04 09:29:49.240000,6181.98,6180,125629,6185,102027,6175,39013,6170,142333
2020-06-04 09:29:50.030000,6181.98,6180,125629,6185,102027,6175,39013,6170,139507
2020-06-04 09:29:50.910000,6181.98,6180,125629,6185,102027,6175,37087,6170,139507
2020-06-04 09:29:51.880000,6181.98,6180,127628,6185,102027,6175,37187,6170,139507
2020-06-04 09:29:52.730000,6181.98,6180,127638,6185,102027,6175,37187,6170,139507
2020-06-04 09:29:53.590000,6181.98,6180,137637,6185,102027,6175,37187,6170,139507
2020-06-04 09:29:54.390000,6181.98,6180,109552,6185,101412,6175,54746,6170,135811
2020-06-04 09:29:55.170000,6181.98,6180,109452,6185,101412,6175,54786,6170,135811
2020-06-04 09:29:55.940000,6183.06,6180,109351,6185,101412,6175,54761,6170,135711
2020-06-04 09:29:56.640000,6183.06,6180,109351,6185,101412,6175,54761,6170,135711
2020-06-04 09:29:57.440000,6183.06,6180,132750,6185,101412,6175,46065,6170,139407
2020-06-04 09:29:58.280000,6183.06,6180,123661,6185,101412,6175,46444,6170,139407
2020-06-04 09:29:59.110000,6183.06,6180,116860,6185,101412,6175,40581,6170,139407
2020-06-04 09:30:00.030000,6183.06,6180,136157,6185,101412,6175,40551,6170,139407
2020-06-04 09:30:01.030000,6183.06,6180,143157,6185,109312,6175,40401,6170,141407
2020-06-04 09:30:02.030000,6183.06,6180,143235,6185,109312,6175,14356,6170,141407
2020-06-04 09:30:03.000000,6183.06,6180,136235,6185,111312,6175,37931,6170,141457
2020-06-04 09:30:04.000000,6183.06,6180,136368,6185,111312,6175,33841,6170,141457
2020-06-04 09:30:04.870000,6183.06,6180,136368,6185,111312,6175,33841,6170,142457
2020-06-04 09:30:05.900000,6183.06,6180,136363,6185,111312,6175,33841,6170,142457
2020-06-04 09:30:06.900000,6183.06,6180,136363,6185,111312,6175,33841,6170,142460
2020-06-04 09:30:07.760000,6183.06,6180,136362,6185,111312,6175,34342,6170,142460
2020-06-04 09:30:08.600000,6182.52,6180,145362,6185,109312,6175,34342,6170,139460
2020-06-04 09:30:09.370000,6181.43,6180,146331,6185,109312,6175,2703,6170,139460
2020-06-04 09:30:10.200000,6181.43,6180,146331,6185,109312,6175,4703,6170,139460
2020-06-04 09:30:10.960000,6181.43,6180,145716,6185,109312,6175,30233,6170,142460
2020-06-04 09:30:11.930000,6181.43,6180,127115,6185,111312,6175,19913,6170,142460
2020-06-04 09:30:12.780000,6181.43,6180,129115,6185,111312,6175,500,6170,142460
2020-06-04 09:30:13.570000,6181.43,6175,41682,6180,136115,6170,124004,6165,72303
2020-06-04 09:30:14.430000,6181.43,6175,47301,6180,139811,6170,119004,6165,72303
2020-06-04 09:30:15.340000,6181.43,6175,79725,6180,126211,6170,90279,6165,72303
2020-06-04 09:30:16.400000,6181.43,6175,84768,6180,139077,6170,82279,6165,80303
2020-06-04 09:30:17.270000,6181.43,6175,87902,6180,139077,6170,81527,6165,80303
2020-06-04 09:30:18.200000,6178.71,6175,88124,6180,139077,6170,85427,6165,80203
2020-06-04 09:30:19.100000,6178.71,6175,88124,6180,139077,6170,90252,6165,80203
2020-06-04 09:30:19.990000,6178.71,6175,85124,6180,126211,6170,90252,6165,80203
2020-06-04 09:30:21.010000,6178.71,6175,85144,6180,139077,6170,90252,6165,80503
2020-06-04 09:30:21.760000,6178.71,6175,85143,6180,139077,6170,90252,6165,80503
2020-06-04 09:30:22.630000,6178.71,6175,85143,6180,139077,6170,90252,6165,80503
2020-06-04 09:30:23.660000,6178.71,6175,88141,6180,139077,6170,85283,6165,80553
2020-06-04 09:30:24.600000,6178.71,6175,88141,6180,139077,6170,90783,6165,80553
2020-06-04 09:30:25.490000,6178.71,6175,89120,6180,139077,6170,90783,6165,80553
2020-06-04 09:30:26.330000,6178.17,6175,55196,6180,126211,6170,98783,6165,72558
2020-06-04 09:30:27.190000,6178.17,6175,56337,6180,128277,6170,91283,6165,80922
2020-06-04 09:30:28.100000,6178.71,6175,84330,6180,128177,6170,82587,6165,84618
2020-06-04 09:30:29.000000,6179.26,6175,89828,6180,128177,6170,82587,6165,84618
2020-06-04 09:30:29.860000,6179.26,6175,90728,6180,127277,6170,77762,6165,85618
2020-06-04 09:30:30.630000,6179.26,6175,90727,6180,127327,6170,77762,6165,85618
2020-06-04 09:30:31.690000,6179.26,6175,87857,6180,127197,6170,86458,6165,81942
2020-06-04 09:30:32.710000,6179.26,6175,87857,6180,127197,6170,86398,6165,81942
2020-06-04 09:30:33.740000,6179.26,6175,88787,6180,126974,6170,86398,6165,81942
2020-06-04 09:30:34.710000,6179.26,6175,100749,6180,126974,6170,86398,6165,81942
2020-06-04 09:30:35.530000,6179.26,6175,100749,6180,126974,6170,86398,6165,81942
2020-06-04 09:30:36.310000,6179.26,6175,68209,6180,114108,6170,101869,6165,73942
2020-06-04 09:30:37.110000,6178.17,6175,28861,6180,110412,6170,104869,6165,73952
2020-06-04 09:30:37.970000,6179.8,6175,16942,6180,110537,6170,104879,6165,73952
2020-06-04 09:30:38.800000,6179.8,6175,48350,6180,114233,6170,123345,6165,73952
2020-06-04 09:30:39.590000,6179.8,6175,41600,6180,114233,6170,104878,6165,73952
2020-06-04 09:30:40.380000,6180.89,6175,41600,6180,114233,6170,101878,6165,73952
2020-06-04 09:30:41.160000,6180.89,6175,53924,6180,101909,6170,101578,6165,73952
2020-06-04 09:30:41.880000,6180.89,6175,53423,6180,103524,6170,101578,6165,73952
2020-06-04 09:30:42.770000,6180.89,6175,53646,6180,103524,6170,101578,6165,73952
2020-06-04 09:30:43.530000,6180.89,6175,53646,6180,103524,6170,101578,6165,83952
2020-06-04 09:30:44.330000,6180.89,6175,57174,6180,116390,6170,93578,6165,91932
2020-06-04 09:30:45.090000,6180.89,6175,84923,6180,100474,6170,87935,6165,92932
2020-06-04 09:30:45.940000,6180.89,6175,60235,6180,100474,6170,87935,6165,92932
2020-06-04 09:30:46.700000,6180.89,6175,66433,6180,95798,6170,87935,6165,92935
2020-06-04 09:30:47.500000,6180.34,6175,65872,6180,82932,6170,95034,6165,90935
2020-06-04 09:30:48.230000,6180.34,6175,66642,6180,82932,6170,93034,6165,90935
2020-06-04 09:30:49.030000,6180.34,6175,66644,6180,82932,6170,99034,6165,84935
2020-06-04 09:30:49.840000,6180.34,6175,66643,6180,82932,6170,88034,6165,90935
2020-06-04 09:30:50.700000,6180.34,6175,54835,6180,79236,6170,97034,6165,84935
2020-06-04 09:30:51.610000,6180.34,6175,26152,6180,74236,6170,115500,6165,84935
2020-06-04 09:30:52.430000,6180.34,6180,103736,6185,107199,6175,6151,6170,117502
2020-06-04 09:30:53.230000,6180.34,6180,91735,6185,109199,6175,42656,6170,113806
2020-06-04 09:30:54.070000,6180.34,6180,93735,6185,109199,6175,31960,6170,117502
2020-06-04 09:30:54.820000,6180.34,6180,93735,6185,109199,6175,34190,6170,117502
2020-06-04 09:30:55.760000,6179.26,6180,92119,6185,110814,6175,34190,6170,117502
2020-06-04 09:30:56.670000,6180.89,6180,92119,6185,110814,6175,34190,6170,117512
2020-06-04 09:30:57.480000,6184.15,6180,95118,6185,110814,6175,29190,6170,117512
2020-06-04 09:30:58.290000,6183.61,6180,95118,6185,114464,6175,29190,6170,117512
2020-06-04 09:30:59.140000,6183.61,6180,102111,6185,112464,6170,126313,6165,85635
2020-06-04 09:31:00.070000,6183.61,6175,40470,6180,94183,6170,104849,6165,83635
2020-06-04 09:31:01.040000,6183.61,6175,36670,6180,81317,6170,112849,6165,75635
2020-06-04 09:31:02.010000,6183.61,6175,34671,6180,81317,6170,118057,6165,75635
2020-06-04 09:31:02.870000,6183.61,6175,34668,6180,81639,6170,118057,6165,75271
2020-06-04 09:31:03.810000,6183.61,6175,750,6180,77943,6170,139523,6165,75271
2020-06-04 09:31:04.630000,6183.61,6180,102958,6185,110527,6170,138723,6165,75271
2020-06-04 09:31:05.460000,6183.61,6175,36667,6180,106653,6170,114257,6165,81271
2020-06-04 09:31:06.300000,6179.8,6180,79157,6185,110527,6175,22919,6170,140729
2020-06-04 09:31:07.130000,6180.34,6180,96057,6185,112527,6175,24519,6170,140729
2020-06-04 09:31:07.910000,6180.89,6180,103056,6185,110527,6175,24519,6170,140729
2020-06-04 09:31:08.770000,6181.43,6180,103056,6185,110527,6175,22919,6170,140729
2020-06-04 09:31:09.600000,6181.43,6180,98542,6185,110041,6175,22669,6170,140729
2020-06-04 09:31:10.370000,6181.43,6180,98541,6185,110041,6175,22669,6170,140729
2020-06-04 09:31:11.210000,6181.43,6180,105530,6185,109041,6175,22669,6170,140729
2020-06-04 09:31:11.830000,6181.43,6180,105530,6185,109041,6175,23569,6170,140729
2020-06-04 09:31:12.540000,6181.43,6180,105530,6185,109041,6175,23569,6170,140729
2020-06-04 09:31:13.190000,6181.43,6180,105529,6185,109041,6175,22969,6170,140729
2020-06-04 09:31:14.040000,6181.43,6180,105450,6185,109041,6175,22969,6170,140729
2020-06-04 09:31:14.900000,6181.43,6180,105450,6185,109643,6175,1000,6170,119263
2020-06-04 09:31:15.630000,6181.43,6175,35819,6180,109146,6170,137729,6165,72291
2020-06-04 09:31:16.460000,6181.98,6175,35819,6180,109196,6170,119263,6165,72291
2020-06-04 09:31:17.330000,6180.34,6175,36220,6180,109196,6170,117263,6165,72291
2020-06-04 09:31:18.130000,6180.34,6175,36219,6180,119826,6170,117263,6165,72491
2020-06-04 09:31:18.970000,6179.8,6175,36219,6180,119826,6170,117253,6165,72491
2020-06-04 09:31:19.830000,6179.8,6175,78735,6180,108792,6170,78878,6165,84187
2020-06-04 09:31:20.800000,6179.8,6170,2713,6175,81235,6165,92912,6160,100443
2020-06-04 09:31:21.800000,6179.8,6170,35092,6175,83236,6165,97412,6160,100450
2020-06-04 09:31:22.740000,6179.8,6170,38349,6175,75432,6165,66235,6160,100450
2020-06-04 09:31:23.610000,6179.8,6170,40954,6175,73736,6165,68315,6160,100450
2020-06-04 09:31:24.380000,6179.8,6170,48674,6175,77432,6165,73543,6160,100450
2020-06-04 09:31:25.240000,6179.8,6170,39874,6175,73736,6165,73543,6160,100450
2020-06-04 09:31:26.060000,6175.99,6170,40075,6175,73736,6165,64543,6160,100450
2020-06-04 09:31:26.920000,6175.45,6170,9006,6175,73736,6165,86009,6160,100450
2020-06-04 09:31:27.830000,6174.9,6170,32729,6175,73736,6165,67543,6160,100450
2020-06-04 09:31:28.670000,6174.9,6170,60029,6175,73736,6165,67543,6160,100450
2020-06-04 09:31:29.530000,6175.99,6170,63140,6175,73736,6165,67870,6160,100490
2020-06-04 09:31:30.380000,6175.99,6170,63140,6175,77282,6165,62720,6160,100490
2020-06-04 09:31:31.410000,6175.99,6170,36918,6175,79594,6165,64720,6160,100490
2020-06-04 09:31:32.370000,6175.99,6170,35273,6175,75898,6165,65640,6160,100490
2020-06-04 09:31:33.160000,6175.99,6170,43393,6175,79594,6165,69803,6160,100490
2020-06-04 09:31:34.060000,6175.99,6170,48006,6175,75898,6165,72803,6160,100490
2020-06-04 09:31:34.940000,6175.99,6170,48006,6175,75898,6165,73803,6160,100490
2020-06-04 09:31:35.730000,6175.99,6170,48006,6175,79594,6165,73833,6160,100510
2020-06-04 09:31:36.510000,6174.9,6170,48005,6175,79594,6165,57138,6160,100510
2020-06-04 09:31:37.290000,6174.36,6170,70104,6175,91059,6165,54638,6160,102510
2020-06-04 09:31:38.110000,6174.36,6170,81378,6175,91059,6165,45913,6160,110735
2020-06-04 09:31:39.060000,6174.36,6170,81378,6175,91059,6165,51421,6160,116735
2020-06-04 09:31:39.900000,6174.36,6170,81377,6175,91059,6165,48421,6160,116735
2020-06-04 09:31:40.840000,6174.36,6170,82127,6175,91059,6165,58421,6160,116735
2020-06-04 09:31:41.760000,6174.36,6170,80724,6175,91059,6165,69421,6160,110735
2020-06-04 09:31:42.640000,6174.36,6170,80724,6175,91059,6165,69921,6160,110735
2020-06-04 09:31:43.510000,6174.36,6170,48140,6175,74497,6165,100895,6160,107735
2020-06-04 09:31:44.370000,6174.36,6175,72497,6180,102363,6170,38260,6165,103897
2020-06-04 09:31:45.260000,6174.36,6175,78497,6180,102363,6170,38250,6165,104497
2020-06-04 09:31:46.170000,6173.27,6175,76384,6180,102363,6170,38250,6165,144497
2020-06-04 09:31:46.990000,6173.27,6175,73385,6180,89497,6170,73104,6165,132801
2020-06-04 09:31:47.700000,6178.17,6175,73384,6180,102363,6170,71604,6165,134801
2020-06-04 09:31:48.430000,6178.71,6175,83884,6180,102363,6170,61888,6165,145401
2020-06-04 09:31:49.290000,6178.71,6175,83884,6180,102363,6170,67604,6165,141705
2020-06-04 09:31:50.070000,6178.71,6175,72883,6180,102363,6170,73104,6165,135705
2020-06-04 09:31:50.930000,6178.71,6175,82983,6180,102363,6170,73106,6165,135705
2020-06-04 09:31:51.870000,6178.71,6175,72882,6180,102363,6170,73106,6165,135705
2020-06-04 09:31:52.630000,6178.71,6175,73783,6180,102363,6170,73106,6165,135705
2020-06-04 09:31:53.430000,6178.71,6175,73783,6180,102363,6170,73106,6165,135705
2020-06-04 09:31:54.310000,6178.71,6175,62582,6180,89497,6170,77106,6165,133707
2020-06-04 09:31:55.020000,6178.71,6175,62581,6180,89997,6170,77106,6165,133707
2020-06-04 09:31:55.770000,6178.71,6175,60081,6180,90197,6170,78106,6165,132707
2020-06-04 09:31:57.230000,6179.26,6175,53287,6180,90197,6170,78088,6165,132707
2020-06-04 09:31:58.070000,6179.26,6175,53287,6180,90197,6170,78088,6165,132707
2020-06-04 09:31:59.520000,6179.26,6175,84169,6180,103063,6170,68088,6165,140707
2020-06-04 09:32:00.400000,6179.26,6175,89972,6180,93063,6170,68088,6165,140707
2020-06-04 09:32:01.330000,6179.26,6175,62038,6180,80197,6170,78088,6165,132707
2020-06-04 09:32:02.240000,6179.26,6175,59038,6180,80197,6170,78088,6165,132707
2020-06-04 09:32:03.100000,6179.26,6175,31558,6180,80197,6170,78088,6165,132707
2020-06-04 09:32:04.010000,6179.26,6180,64436,6185,117195,6175,41525,6170,90556
2020-06-04 09:32:05.000000,6179.26,6180,87936,6185,117195,6175,38301,6170,91682
2020-06-04 09:32:06.040000,6179.26,6180,100527,6185,115195,6175,31004,6170,91682
2020-06-04 09:32:07.000000,6179.26,6180,100527,6185,115695,6175,29945,6170,91682
2020-06-04 09:32:07.860000,6181.43,6180,93525,6185,117695,6175,25550,6170,91682
2020-06-04 09:32:08.800000,6181.43,6180,104955,6185,117695,6175,27550,6170,92182
2020-06-04 09:32:09.800000,6182.52,6180,104954,6185,117695,6175,25550,6170,92183
2020-06-04 09:32:10.800000,6182.52,6180,111954,6185,115695,6175,26550,6170,92183
2020-06-04 09:32:11.740000,6182.52,6180,111954,6185,115695,6175,26550,6170,92183
2020-06-04 09:32:12.740000,6182.52,6180,111953,6185,115695,6175,26550,6170,92183
2020-06-04 09:32:13.770000,6182.52,6180,104752,6185,117695,6175,28550,6170,92183
2020-06-04 09:32:14.640000,6182.52,6180,104746,6185,117695,6175,29050,6170,92183
2020-06-04 09:32:15.440000,6182.52,6180,104745,6185,117695,6175,27050,6170,92483
2020-06-04 09:32:16.240000,6182.52,6175,41270,6180,111745,6170,92493,6165,132307
2020-06-04 09:32:17.030000,6180.89,6175,57170,6180,115441,6170,71027,6165,132307
2020-06-04 09:32:17.810000,6180.34,6175,57169,6180,128307,6170,63027,6165,140307
2020-06-04 09:32:18.610000,6180.34,6175,63782,6180,128307,6170,63027,6165,140307
2020-06-04 09:32:19.370000,6179.8,6175,64532,6180,128307,6170,61027,6165,139307
2020-06-04 09:32:20.230000,6179.8,6175,73433,6180,115441,6170,69027,6165,131307
2020-06-04 09:32:21.030000,6179.8,6175,70332,6180,115441,6170,69027,6165,131807
2020-06-04 09:32:21.900000,6179.8,6175,44979,6180,111745,6170,69227,6165,131807
2020-06-04 09:32:22.830000,6179.8,6175,31397,6180,111745,6170,69227,6165,131807
2020-06-04 09:32:23.730000,6179.8,6175,67111,6180,111745,6170,68957,6165,131807
2020-06-04 09:32:25.260000,6179.8,6175,72711,6180,115441,6170,69957,6165,131807
2020-06-04 09:32:26.000000,6179.8,6175,72710,6180,115441,6170,69957,6165,131807
2020-06-04 09:32:26.810000,6180.34,6175,82255,6180,128307,6170,53577,6165,139807
2020-06-04 09:32:27.730000,6180.34,6175,96054,6180,128307,6170,48577,6165,139807
2020-06-04 09:32:28.590000,6180.34,6175,96054,6180,128307,6170,10861,6165,143503
2020-06-04 09:32:29.530000,6177.62,6170,50849,6175,103056,6165,125037,6160,100610
2020-06-04 09:32:30.510000,6177.62,6170,30738,6175,103056,6165,143503,6160,100610
2020-06-04 09:32:31.400000,6177.62,6175,95956,6180,105007,6170,35160,6165,151803
2020-06-04 09:32:32.230000,6177.62,6175,95956,6180,105007,6170,38360,6165,152803
2020-06-04 09:32:33.100000,6177.62,6175,92957,6180,105007,6170,43360,6165,152803
2020-06-04 09:32:34.100000,6177.62,6175,97956,6180,105007,6170,40860,6165,152803
2020-06-04 09:32:35.030000,6177.62,6175,97956,6180,94377,6170,41864,6165,152803
2020-06-04 09:32:35.820000,6177.62,6175,99955,6180,92377,6165,134337,6160,100610
2020-06-04 09:32:36.540000,6175.99,6170,22070,6175,102954,6165,131337,6160,100610
2020-06-04 09:32:37.400000,6177.08,6170,27170,6175,102954,6165,123037,6160,100610
2020-06-04 09:32:38.130000,6177.08,6170,27282,6175,102954,6165,123037,6160,100610
2020-06-04 09:32:38.810000,6175.99,6175,100954,6180,94377,6170,29057,6165,141503
2020-06-04 09:32:39.600000,6175.99,6175,95953,6180,94377,6170,29057,6165,144593
2020-06-04 09:32:40.410000,6175.99,6175,95953,6180,96260,6170,29057,6165,144593
2020-06-04 09:32:41.230000,6175.99,6175,95952,6180,96260,6170,33057,6165,144593
2020-06-04 09:32:42.070000,6175.99,6175,95051,6180,96260,6170,30057,6165,144593
2020-06-04 09:32:42.900000,6175.99,6175,105747,6180,90564,6170,2000,6165,141593
2020-06-04 09:32:43.730000,6175.99,6175,102050,6180,94260,6170,2000,6165,141593
2020-06-04 09:32:44.540000,6175.99,6175,102050,6180,94260,6170,4000,6165,141593
2020-06-04 09:32:45.270000,6175.99,6175,105746,6180,90564,6170,4000,6165,144593
2020-06-04 09:32:46.010000,6178.17,6175,107745,6180,90564,6170,31441,6165,144593
2020-06-04 09:32:46.800000,6175.99,6175,97049,6180,96260,6170,32041,6165,144593
2020-06-04 09:32:47.570000,6175.99,6175,97049,6180,96260,6170,40856,6165,144593
2020-06-04 09:32:48.430000,6177.08,6175,97049,6180,96260,6170,35861,6165,144593
2020-06-04 09:32:49.190000,6177.08,6175,97048,6180,96260,6170,35961,6165,144593
2020-06-04 09:32:50.020000,6177.08,6175,95031,6180,96260,6170,44753,6165,140897
2020-06-04 09:32:50.970000,6177.08,6175,98030,6180,96260,6170,49753,6165,140897
2020-06-04 09:32:51.930000,6177.08,6175,98029,6180,96260,6170,56253,6165,134897
2020-06-04 09:32:52.890000,6177.08,6175,80132,6180,83394,6170,63316,6165,132897
2020-06-04 09:32:53.800000,6177.08,6175,77132,6180,83394,6170,73316,6165,132897
2020-06-04 09:32:54.710000,6177.08,6175,77132,6180,96260,6170,71416,6165,134897
2020-06-04 09:32:55.530000,6177.08,6175,94329,6180,96260,6170,60416,6165,141397
2020-06-04 09:32:56.330000,6177.62,6175,81327,6180,96260,6170,81416,6165,135397
2020-06-04 09:32:57.210000,6177.62,6175,98726,6180,96260,6170,66720,6165,145093
2020-06-04 09:32:58.060000,6179.26,6175,100226,6180,97260,6170,61657,6165,145093
2020-06-04 09:32:58.920000,6179.26,6175,100226,6180,97260,6170,61657,6165,145093
2020-06-04 09:32:59.770000,6179.26,6175,100218,6180,97260,6170,61657,6165,145093
2020-06-04 09:33:00.530000,6179.26,6175,100218,6180,97260,6170,61658,6165,145094
2020-06-04 09:33:01.520000,6179.26,6175,82947,6180,97260,6170,71354,6165,135398
2020-06-04 09:33:02.340000,6179.26,6175,79948,6180,97260,6170,69869,6165,141931
2020-06-04 09:33:03.200000,6179.26,6175,79948,6180,97260,6170,74932,6165,141931
2020-06-04 09:33:04.230000,6179.26,6175,99847,6180,97260,6170,69932,6165,141931
2020-06-04 09:33:05.020000,6179.26,6175,102846,6180,97260,6170,86236,6165,145627
2020-06-04 09:33:05.890000,6179.26,6175,99845,6180,97260,6170,83236,6165,145627
2020-06-04 09:33:06.550000,6179.26,6175,81945,6180,97260,6170,93031,6165,135931
2020-06-04 09:33:07.330000,6179.26,6175,79944,6180,97260,6170,87031,6165,141931
2020-06-04 09:33:08.200000,6178.17,6175,83832,6180,97260,6170,83335,6165,145627
2020-06-04 09:33:09.000000,6178.17,6175,89732,6180,97260,6170,83335,6165,145627
2020-06-04 09:33:09.640000,6178.17,6175,92987,6180,97260,6170,83335,6165,145677
2020-06-04 09:33:10.400000,6178.17,6175,83087,6180,96460,6170,87076,6165,141981
2020-06-04 09:33:11.310000,6178.17,6175,83087,6180,96460,6170,87126,6165,141981
2020-06-04 09:33:12.140000,6178.17,6175,83086,6180,96460,6170,87126,6165,141981
2020-06-04 09:33:12.840000,6178.17,6175,80087,6180,96460,6170,88460,6165,145677
2020-06-04 09:33:13.640000,6178.17,6175,80087,6180,96460,6170,98156,6165,135981
2020-06-04 09:33:14.530000,6178.17,6175,89686,6180,96460,6170,83460,6165,145677
2020-06-04 09:33:15.370000,6178.17,6175,82584,6180,96460,6170,103156,6165,141981
2020-06-04 09:33:16.140000,6178.17,6175,82584,6180,83594,6170,111156,6165,133981
2020-06-04 09:33:16.930000,6178.71,6175,78646,6180,83594,6170,111156,6165,133981
2020-06-04 09:33:17.670000,6178.71,6175,76446,6180,83594,6170,111156,6165,133981
2020-06-04 09:33:18.320000,6179.26,6175,76396,6180,83594,6170,111256,6165,133981
2020-06-04 09:33:19.210000,6180.89,6175,29936,6180,83594,6170,112742,6165,133981
2020-06-04 09:33:20.120000,6180.89,6175,25676,6180,83594,6170,134209,6165,133981
2020-06-04 09:33:21.000000,6180.89,6180,103598,6185,115745,6175,107513,6170,134211
2020-06-04 09:33:21.900000,6180.89,6180,100293,6185,114049,6175,107513,6170,134211
2020-06-04 09:33:22.640000,6180.89,6180,72897,6185,117745,6175,107513,6170,134211
2020-06-04 09:33:23.490000,6180.89,6180,67897,6185,117745,6175,122209,6170,125015
2020-06-04 09:33:24.230000,6180.89,6180,67896,6185,117745,6175,121559,6170,125015
2020-06-04 09:33:24.900000,6180.89,6180,94096,6185,117745,6175,106863,6170,135411
2020-06-04 09:33:25.600000,6180.89,6180,101095,6185,115745,6175,106913,6170,135411
2020-06-04 09:33:26.320000,6181.43,6180,104095,6185,115745,6175,106913,6170,135411
2020-06-04 09:33:27.160000,6183.06,6180,107791,6185,112049,6175,78964,6170,116945
2020-06-04 09:33:27.960000,6181.43,6180,107770,6185,112049,6175,79474,6170,116945
2020-06-04 09:33:28.840000,6181.43,6180,104074,6185,112568,6175,31313,6170,135411
2020-06-04 09:33:29.630000,6181.98,6180,104073,6185,112568,6175,31313,6170,135411
2020-06-04 09:33:31.210000,6181.98,6180,95073,6185,114568,6175,60546,6170,109411
2020-06-04 09:33:32.100000,6181.98,6180,59147,6185,123293,6175,74284,6170,105715
2020-06-04 09:33:32.990000,6181.98,6180,59146,6185,110427,6175,76284,6170,103715
2020-06-04 09:33:33.960000,6181.98,6180,67266,6185,110427,6175,68284,6170,111715
2020-06-04 09:33:34.740000,6181.98,6180,86752,6185,123333,6175,68284,6170,111715
2020-06-04 09:33:35.600000,6181.98,6180,95262,6185,123333,6175,74164,6170,105815
2020-06-04 09:33:36.570000,6181.98,6180,112355,6185,123333,6175,74144,6170,106115
2020-06-04 09:33:37.400000,6184.15,6180,112354,6185,123333,6175,74244,6170,106116
2020-06-04 09:33:38.220000,6184.15,6180,112275,6185,123333,6175,68244,6170,112146
2020-06-04 09:33:39.100000,6183.06,6180,112275,6185,123333,6175,74244,6170,106246
2020-06-04 09:33:39.900000,6183.06,6180,94388,6185,123333,6175,74434,6170,106246
2020-06-04 09:33:40.890000,6183.06,6180,95018,6185,123333,6175,68534,6170,112246
2020-06-04 09:33:41.970000,6183.06,6180,95341,6185,110467,6175,76535,6170,104546
2020-06-04 09:33:43.000000,6183.06,6180,89948,6185,123333,6175,68535,6170,112546
2020-06-04 09:33:44.000000,6183.06,6180,111349,6185,123333,6175,68135,6170,102545
2020-06-04 09:33:44.770000,6183.06,6180,127449,6185,123333,6175,63105,6170,102645
2020-06-04 09:33:45.460000,6184.7,6180,127448,6185,123333,6175,63155,6170,102645
2020-06-04 09:33:46.330000,6184.7,6180,101548,6185,110467,6175,76585,6170,94645
2020-06-04 09:33:47.130000,6185.78,6180,101548,6185,110467,6175,76588,6170,94645
2020-06-04 09:33:47.940000,6184.15,6180,98490,6185,123283,6175,68588,6170,105645
2020-06-04 09:33:48.660000,6184.15,6180,97990,6185,123283,6175,68638,6170,105645
2020-06-04 09:33:49.530000,6184.15,6180,97990,6185,110417,6175,76643,6170,97645
2020-06-04 09:33:50.390000,6184.15,6180,97989,6185,123283,6175,68213,6170,105645
2020-06-04 09:33:51.300000,6184.15,6180,100988,6185,123283,6175,68647,6170,105648
2020-06-04 09:33:52.030000,6184.15,6180,100968,6185,110467,6175,76647,6170,97748
2020-06-04 09:33:52.890000,6184.15,6180,67036,6185,110467,6175,95113,6170,97748
2020-06-04 09:33:53.730000,6184.15,6180,66825,6185,110467,6175,95113,6170,97748
2020-06-04 09:33:54.440000,6184.15,6180,61139,6185,110467,6175,98113,6170,97748
2020-06-04 09:33:55.230000,6184.15,6180,61119,6185,110467,6175,107113,6170,88748
2020-06-04 09:33:56.090000,6184.15,6180,61018,6185,110467,6175,101563,6170,88748
2020-06-04 09:33:57.000000,6183.61,6180,97690,6185,110467,6175,85697,6170,88749
2020-06-04 09:33:57.800000,6186.87,6180,97689,6185,110467,6175,85697,6170,88749
2020-06-04 09:33:58.690000,6186.87,6180,97684,6185,110467,6175,79267,6170,94749
2020-06-04 09:33:59.620000,6184.7,6180,91043,6185,123333,6175,77367,6170,96749
2020-06-04 09:34:00.590000,6184.7,6180,98142,6185,123333,6175,77367,6170,96749
2020-06-04 09:34:01.530000,6184.7,6180,98140,6185,123333,6175,77317,6170,96749
2020-06-04 09:34:02.590000,6184.7,6180,101140,6185,123333,6175,77319,6170,96749
2020-06-04 09:34:03.470000,6184.7,6180,91940,6185,123333,6175,77319,6170,96749
2020-06-04 09:34:04.370000,6184.7,6180,101640,6185,123333,6175,77319,6170,96849
2020-06-04 09:34:05.290000,6184.7,6180,98640,6185,123333,6175,74319,6170,96849
2020-06-04 09:34:06.000000,6183.61,6180,98640,6185,123333,6175,79319,6170,96849
2020-06-04 09:34:06.760000,6183.61,6180,98640,6185,123333,6175,79319,6170,96849
2020-06-04 09:34:07.570000,6182.52,6180,81740,6185,123333,6175,79319,6170,98849
2020-06-04 09:34:08.310000,6183.61,6180,99540,6185,123333,6175,79319,6170,98849
2020-06-04 09:34:09.070000,6183.61,6180,99540,6185,123333,6175,79319,6170,98849
2020-06-04 09:34:10.100000,6183.61,6180,102540,6185,123333,6175,61248,6170,102545
2020-06-04 09:34:11.140000,6183.61,6180,105367,6185,117637,6175,63713,6170,102545
2020-06-04 09:34:12.100000,6183.61,6180,100571,6185,121333,6175,63713,6170,102545
2020-06-04 09:34:12.870000,6183.61,6180,100571,6185,121333,6175,63713,6170,102545
2020-06-04 09:34:13.730000,6183.61,6180,100570,6185,121333,6175,63717,6170,102545
2020-06-04 09:34:14.540000,6183.61,6180,100570,6185,121333,6175,63697,6170,102545
2020-06-04 09:34:15.230000,6183.61,6180,93570,6185,123333,6175,67393,6170,98849
2020-06-04 09:34:16.100000,6181.43,6180,94069,6185,123333,6175,63697,6170,102545
2020-06-04 09:34:16.900000,6181.43,6180,94069,6185,123333,6175,63707,6170,102545
2020-06-04 09:34:17.630000,6182.52,6180,93969,6185,123333,6175,65707,6170,102579
2020-06-04 09:34:18.370000,6182.52,6180,94913,6185,123333,6175,65709,6170,102579
2020-06-04 09:34:19.130000,6182.52,6180,94468,6185,123333,6175,65709,6170,102579
2020-06-04 09:34:19.840000,6182.52,6180,61008,6185,123333,6175,74405,6170,98883
2020-06-04 09:34:20.630000,6182.52,6180,61004,6185,123933,6175,76905,6170,98883
2020-06-04 09:34:21.430000,6182.52,6180,61193,6185,111067,6175,92995,6170,90883
2020-06-04 09:34:22.430000,6182.52,6180,61192,6185,111067,6175,92995,6170,90884
2020-06-04 09:34:23.160000,6182.52,6180,60992,6185,111067,6175,92995,6170,90884
2020-06-04 09:34:24.080000,6182.52,6180,60806,6185,123933,6175,84995,6170,135884
2020-06-04 09:34:24.910000,6182.52,6180,52081,6185,111067,6175,94995,6170,127884
2020-06-04 09:34:25.930000,6182.52,6180,52080,6185,111067,6175,97995,6170,127884
2020-06-04 09:34:26.960000,6183.61,6180,52079,6185,111067,6175,97995,6170,127884
2020-06-04 09:34:27.900000,6185.24,6180,59522,6185,111067,6175,94995,6170,127884
2020-06-04 09:34:28.800000,6185.24,6180,57522,6185,111067,6175,94995,6170,127884
2020-06-04 09:34:29.940000,6185.24,6180,4245,6185,111067,6175,113461,6170,127884
2020-06-04 09:34:31.000000,6185.24,6185,100371,6190,98200,6180,78597,6175,118961
2020-06-04 09:34:32.100000,6185.24,6185,89645,6190,98200,6180,83917,6175,119011
2020-06-04 09:34:33.030000,6185.24,6185,107370,6190,96200,6180,81337,6175,119011
2020-06-04 09:34:33.960000,6185.24,6185,107369,6190,96200,6180,81337,6175,119021
2020-06-04 09:34:34.860000,6185.24,6185,113669,6190,96200,6180,83935,6175,119021
2020-06-04 09:34:35.630000,6185.24,6185,113669,6190,96200,6180,83915,6175,119021
2020-06-04 09:34:36.360000,6186.33,6185,133168,6190,96200,6180,83915,6175,119021
2020-06-04 09:34:37.160000,6187.96,6185,133146,6190,96200,6180,83925,6175,119021
2020-06-04 09:34:37.880000,6187.96,6185,116546,6190,98200,6180,83925,6175,119021
2020-06-04 09:34:38.670000,6187.96,6185,127446,6190,98200,6180,83925,6175,119021
2020-06-04 09:34:39.390000,6187.96,6185,138161,6190,92504,6180,81925,6175,119021
2020-06-04 09:34:40.240000,6187.96,6185,145095,6190,96200,6180,81925,6175,119021
2020-06-04 09:34:41.110000,6187.96,6185,148791,6190,92504,6180,78851,6175,119021
2020-06-04 09:34:41.890000,6187.96,6185,145094,6190,96200,6180,77030,6175,119021
2020-06-04 09:34:42.730000,6187.96,6185,122975,6190,98200,6180,77039,6175,119021
2020-06-04 09:34:43.530000,6187.96,6185,153671,6190,92504,6180,48810,6175,119021
2020-06-04 09:34:44.330000,6187.96,6185,153670,6190,92504,6180,46317,6175,119021
2020-06-04 09:34:45.120000,6187.96,6185,176273,6190,92504,6180,44288,6175,119021
2020-06-04 09:34:45.860000,6187.96,6185,176273,6190,92504,6180,44308,6175,119021
2020-06-04 09:34:46.620000,6187.96,6185,172557,6190,96200,6180,69012,6175,119021
2020-06-04 09:34:47.360000,6187.96,6185,172556,6190,96200,6180,69512,6175,119025
2020-06-04 09:34:48.200000,6187.42,6185,176252,6190,92504,6180,46892,6175,119025
2020-06-04 09:34:49.060000,6187.96,6185,176252,6190,92504,6180,46882,6175,119025
2020-06-04 09:34:49.970000,6187.96,6185,176251,6190,92504,6180,46882,6175,116035
2020-06-04 09:34:50.930000,6187.96,6180,17508,6185,176251,6175,97569,6170,128398
2020-06-04 09:34:51.730000,6187.96,6180,37387,6185,152751,6175,97569,6170,128398
2020-06-04 09:34:52.590000,6187.96,6180,37387,6185,152751,6175,97573,6170,128398
2020-06-04 09:34:53.430000,6187.96,6180,48097,6185,152751,6175,97583,6170,128398
2020-06-04 09:34:54.200000,6187.96,6180,57592,6185,152751,6175,97583,6170,128398
2020-06-04 09:34:54.930000,6187.96,6180,30,6185,152771,6175,118292,6170,128398
2020-06-04 09:34:55.760000,6187.96,6185,174531,6190,92504,6180,2000,6175,119977
2020-06-04 09:34:56.430000,6185.78,6185,168931,6190,86904,6180,24620,6175,114373
2020-06-04 09:34:57.170000,6185.24,6185,167796,6190,86904,6180,24620,6175,114373
2020-06-04 09:34:57.730000,6185.24,6185,167795,6190,86904,6180,24624,6175,114373
2020-06-04 09:34:58.460000,6185.24,6185,167795,6190,86904,6180,26209,6175,112788
2020-06-04 09:34:59.140000,6185.24,6185,135299,6190,92600,6180,31656,6175,110788
2020-06-04 09:34:59.990000,6185.24,6185,126981,6190,92600,6180,38055,6175,106870
2020-06-04 09:35:00.820000,6185.24,6185,123982,6190,92600,6180,49055,6175,100880
2020-06-04 09:35:01.620000,6185.24,6185,129411,6190,98200,6180,54180,6175,106480
2020-06-04 09:35:02.370000,6185.24,6185,156711,6190,98200,6180,39984,6175,117176
2020-06-04 09:35:03.170000,6185.24,6185,159709,6190,98200,6180,28759,6175,117176
2020-06-04 09:35:03.870000,6185.24,6185,162689,6190,98200,6180,28759,6175,117676
2020-06-04 09:35:04.600000,6185.24,6185,152989,6190,98200,6180,28759,6175,117676
2020-06-04 09:35:05.320000,6185.24,6185,135388,6190,98700,6180,31309,6175,117256
2020-06-04 09:35:06.010000,6188.51,6185,135388,6190,98700,6180,31309,6175,117256
2020-06-04 09:35:06.790000,6187.96,6185,132389,6190,98700,6180,46055,6175,107560
2020-06-04 09:35:07.510000,6187.96,6185,132688,6190,98700,6180,46051,6175,107560
2020-06-04 09:35:08.160000,6188.51,6185,132688,6190,98700,6180,46551,6175,107060
2020-06-04 09:35:08.870000,6188.51,6185,131688,6190,101700,6180,49711,6175,107060
2020-06-04 09:35:09.730000,6188.51,6185,131724,6190,101700,6180,51042,6175,107060
2020-06-04 09:35:10.540000,6188.51,6185,131724,6190,101700,6180,51127,6175,107060
2020-06-04 09:35:11.300000,6188.51,6185,131724,6190,101705,6180,63758,6175,106060
2020-06-04 09:35:12.040000,6188.51,6185,131723,6190,101705,6180,63758,6175,106060
2020-06-04 09:35:12.800000,6188.51,6185,161572,6190,101705,6180,36289,6175,115756
2020-06-04 09:35:13.690000,6188.51,6185,161571,6190,101705,6180,13669,6175,115756
2020-06-04 09:35:14.690000,6188.51,6180,26405,6185,180267,6175,109756,6170,127458
2020-06-04 09:35:15.600000,6188.51,6180,24424,6185,180267,6175,109756,6170,127458
2020-06-04 09:35:16.360000,6187.96,6180,35013,6185,180267,6175,88290,6170,127458
2020-06-04 09:35:17.240000,6187.96,6180,25314,6185,163067,6175,88290,6170,127458
2020-06-04 09:35:18.130000,6185.78,6180,25313,6185,163067,6175,88290,6170,127458
2020-06-04 09:35:19.040000,6185.78,6180,25252,6185,163067,6175,88290,6170,127458
2020-06-04 09:35:19.940000,6185.78,6180,68934,6185,169933,6175,86190,6170,129458
2020-06-04 09:35:20.830000,6185.78,6180,71036,6185,175933,6175,78142,6170,129458
2020-06-04 09:35:21.710000,6185.78,6180,70935,6185,175933,6175,69404,6170,133154
2020-06-04 09:35:22.570000,6185.78,6180,70935,6185,175933,6175,76332,6170,129458
2020-06-04 09:35:23.420000,6185.78,6180,67934,6185,175933,6175,81332,6170,129458
2020-06-04 09:35:24.250000,6185.78,6180,68009,6185,163067,6175,83332,6170,127458
2020-06-04 09:35:25.110000,6185.78,6180,68009,6185,175933,6175,81237,6170,129358
2020-06-04 09:35:25.830000,6185.78,6180,74458,6185,169933,6175,74160,6170,133054
2020-06-04 09:35:26.560000,6183.61,6180,76455,6185,169933,6175,68928,6170,133054
2020-06-04 09:35:27.300000,6183.61,6180,83455,6185,167933,6175,68928,6170,133054
2020-06-04 09:35:28.060000,6183.61,6180,76454,6185,169933,6175,68928,6170,133054
2020-06-04 09:35:28.910000,6183.61,6180,83454,6185,167933,6175,68928,6170,133054
2020-06-04 09:35:29.640000,6183.61,6180,83454,6185,167933,6175,66428,6170,133054
2020-06-04 09:35:30.500000,6183.61,6180,76453,6185,169933,6175,66428,6170,133104
2020-06-04 09:35:31.280000,6183.61,6180,89750,6185,164237,6175,41886,6170,133109
2020-06-04 09:35:32.090000,6183.61,6175,36324,6180,89789,6170,113057,6165,128918
2020-06-04 09:35:33.700000,6183.61,6175,36148,6180,79089,6170,113062,6165,128918
2020-06-04 09:35:34.500000,6183.61,6175,36148,6180,91955,6170,111062,6165,130918
2020-06-04 09:35:35.230000,6183.61,6175,36185,6180,91918,6170,111062,6165,130918
2020-06-04 09:35:35.950000,6183.61,6175,36184,6180,92191,6170,111062,6165,130918
2020-06-04 09:35:36.640000,6183.61,6175,36184,6180,91490,6170,111062,6165,130918
2020-06-04 09:35:37.390000,6179.26,6175,72265,6180,85490,6170,105999,6165,130918
2020-06-04 09:35:38.200000,6179.26,6175,72863,6180,94071,6170,105999,6165,130918
2020-06-04 09:35:39.030000,6179.26,6175,69362,6180,100071,6170,105859,6165,130918
2020-06-04 09:35:40.010000,6179.26,6175,69352,6180,100071,6170,100359,6165,130918
2020-06-04 09:35:40.900000,6179.26,6175,69352,6180,100071,6170,95177,6165,134614
2020-06-04 09:35:41.760000,6179.26,6175,69351,6180,100071,6170,95167,6165,134614
2020-06-04 09:35:42.500000,6179.26,6175,75351,6180,94121,6170,95167,6165,134614
2020-06-04 09:35:43.150000,6179.26,6175,70252,6180,100121,6170,98863,6165,130918
2020-06-04 09:35:43.900000,6179.26,6175,68851,6180,100121,6170,95167,6165,134614
2020-06-04 09:35:45.310000,6179.26,6175,79851,6180,94121,6170,95167,6165,134614
2020-06-04 09:35:46.100000,6177.62,6175,68850,6180,100121,6170,95177,6165,134614
2020-06-04 09:35:46.900000,6177.62,6175,68850,6180,100121,6170,95097,6165,134614
2020-06-04 09:35:47.810000,6177.62,6175,83529,6180,90425,6170,95097,6165,134614
2020-06-04 09:35:48.700000,6177.62,6175,79832,6180,94121,6170,95097,6165,134614
2020-06-04 09:35:49.560000,6176.54,6175,79831,6180,94121,6170,97695,6165,134614
2020-06-04 09:35:50.260000,6176.54,6175,80143,6180,94121,6170,98505,6165,134614
2020-06-04 09:35:51.130000,6176.54,6175,75143,6180,94121,6170,99505,6165,134614
2020-06-04 09:35:51.930000,6176.54,6175,71742,6180,97021,6170,99505,6165,134614
2020-06-04 09:35:52.730000,6176.54,6175,82742,6180,91021,6170,99905,6165,134614
2020-06-04 09:35:53.460000,6176.54,6175,82742,6180,91021,6170,99906,6165,134614
2020-06-04 09:35:54.340000,6176.54,6175,86427,6180,87325,6170,99756,6165,135615
2020-06-04 09:35:55.290000,6176.54,6170,5594,6175,73329,6165,120874,6160,129338
2020-06-04 09:35:56.400000,6176.54,6170,30214,6175,73329,6165,123028,6160,127338
2020-06-04 09:35:57.370000,6175.45,6170,30213,6175,73329,6165,123018,6160,127338
2020-06-04 09:35:58.300000,6174.9,6170,80504,6175,80195,6165,4119,6160,129638
2020-06-04 09:35:59.190000,6174.9,6170,74504,6175,86195,6165,6119,6160,129638
2020-06-04 09:36:00.300000,6172.73,6170,76115,6175,85294,6165,6119,6160,130912
2020-06-04 09:36:01.300000,6172.73,6170,81598,6175,85344,6165,26149,6160,130912
2020-06-04 09:36:02.300000,6172.73,6170,79978,6175,85344,6165,47250,6160,132912
2020-06-04 09:36:03.270000,6172.73,6170,79977,6175,85344,6165,47350,6160,132912
2020-06-04 09:36:04.130000,6172.73,6170,80309,6175,85295,6165,46857,6160,132912
2020-06-04 09:36:04.900000,6172.73,6170,80319,6175,85295,6165,46857,6160,132912
2020-06-04 09:36:05.630000,6172.73,6170,80318,6175,85305,6165,47657,6160,132912
2020-06-04 09:36:06.400000,6172.73,6170,80318,6175,85305,6165,47637,6160,132942
2020-06-04 09:36:07.040000,6173.27,6170,80318,6175,85305,6165,47637,6160,132942
2020-06-04 09:36:07.830000,6173.27,6170,80307,6175,85305,6165,47637,6160,132932
2020-06-04 09:36:08.720000,6173.27,6170,80307,6175,85305,6165,46637,6160,132932
2020-06-04 09:36:09.630000,6173.27,6170,97002,6175,73609,6165,22020,6160,134919
2020-06-04 09:36:10.430000,6173.27,6165,35486,6170,71702,6160,139335,6155,77451
2020-06-04 09:36:11.250000,6173.27,6165,67269,6170,66219,6160,120368,6155,77451
2020-06-04 09:36:12.130000,6173.27,6165,67168,6170,66419,6160,120368,6155,77451
2020-06-04 09:36:12.920000,6173.27,6165,77933,6170,66749,6160,96902,6155,79451
2020-06-04 09:36:13.800000,6173.27,6165,77943,6170,66749,6160,96902,6155,79451
2020-06-04 09:36:14.630000,6173.27,6165,83943,6170,73615,6160,91902,6155,79451
2020-06-04 09:36:15.410000,6172.73,6165,77943,6170,79615,6160,96701,6155,79451
2020-06-04 09:36:16.200000,6170.55,6165,80942,6170,79615,6160,96701,6155,79451
2020-06-04 09:36:17.000000,6168.92,6165,80942,6170,79615,6160,97701,6155,79551
2020-06-04 09:36:17.740000,6168.37,6165,80942,6170,79615,6160,84793,6155,79551
2020-06-04 09:36:18.610000,6168.37,6165,86942,6170,73615,6160,84793,6155,79551
2020-06-04 09:36:19.420000,6167.83,6165,87853,6170,73615,6160,84793,6155,80551
2020-06-04 09:36:20.300000,6167.83,6165,88086,6170,73382,6160,82652,6155,82538
2020-06-04 09:36:21.200000,6167.83,6165,88086,6170,73382,6160,75262,6155,82538
2020-06-04 09:36:22.030000,6167.83,6165,88086,6170,73882,6160,72762,6155,82538
2020-06-04 09:36:23.000000,6167.83,6165,88086,6170,73882,6160,77312,6155,82538
2020-06-04 09:36:23.910000,6167.83,6165,88086,6170,73882,6160,76686,6155,83038
2020-06-04 09:36:24.810000,6167.83,6165,88086,6170,73882,6160,75686,6155,81038
2020-06-04 09:36:25.590000,6167.83,6165,88086,6170,73882,6160,75686,6155,81038
2020-06-04 09:36:26.420000,6166.74,6165,78468,6170,79882,6160,84668,6155,79051
2020-06-04 09:36:27.230000,6166.74,6165,78468,6170,79882,6160,84670,6155,79051
2020-06-04 09:36:27.940000,6168.92,6165,78466,6170,79882,6160,76297,6155,79051
2020-06-04 09:36:28.750000,6168.92,6165,78466,6170,67016,6160,79398,6155,79051
2020-06-04 09:36:29.540000,6168.92,6165,88186,6170,73882,6160,72236,6155,79101
2020-06-04 09:36:30.320000,6168.92,6165,82186,6170,79882,6160,72306,6155,79101
2020-06-04 09:36:31.060000,6168.92,6165,82186,6170,79882,6160,60824,6155,79101
2020-06-04 09:36:32.430000,6168.92,6165,82186,6170,79882,6160,60824,6155,79101
2020-06-04 09:36:33.640000,6168.92,6165,82186,6170,79882,6160,60824,6155,79101
2020-06-04 09:36:34.370000,6168.92,6165,82186,6170,79882,6160,60824,6155,79101
2020-06-04 09:36:35.070000,6168.92,6165,82186,6170,79882,6160,61468,6155,79101
2020-06-04 09:36:35.760000,6168.92,6165,88186,6170,73882,6160,71968,6155,79101
2020-06-04 09:36:36.490000,6168.92,6165,88186,6170,73882,6160,69981,6155,81247
2020-06-04 09:36:37.230000,6167.83,6165,91883,6170,70186,6160,58352,6155,81247
2020-06-04 09:36:38.100000,6167.83,6165,88187,6170,70186,6160,58452,6155,79260
2020-06-04 09:36:38.790000,6167.29,6165,88187,6170,70186,6160,58932,6155,79260
2020-06-04 09:36:39.600000,6166.74,6160,10093,6165,71787,6155,79260,6150,162248
2020-06-04 09:36:40.430000,6166.74,6160,29263,6165,71887,6155,62294,6150,162260
2020-06-04 09:36:41.290000,6166.74,6160,34745,6165,66404,6155,80760,6150,162260
2020-06-04 09:36:42.040000,6166.74,6160,34745,6165,70100,6155,65990,6150,162260
2020-06-04 09:36:42.760000,6166.74,6160,34765,6165,70100,6155,65990,6150,162260
2020-06-04 09:36:43.460000,6166.74,6160,40464,6165,70000,6155,65990,6150,162260
2020-06-04 09:36:44.160000,6166.74,6160,40464,6165,70000,6155,65990,6150,162260
2020-06-04 09:36:44.840000,6166.74,6160,41599,6165,70000,6155,66490,6150,162260
2020-06-04 09:36:45.570000,6166.74,6160,41520,6165,70000,6155,66490,6150,162260
2020-06-04 09:36:46.290000,6165.11,6160,13300,6165,66304,6155,87972,6150,162260
2020-06-04 09:36:47.020000,6165.11,6165,64904,6170,73882,6160,4882,6155,117971
2020-06-04 09:36:47.790000,6166.2,6165,64904,6170,73682,6160,28002,6155,112574
2020-06-04 09:36:48.600000,6166.2,6165,58037,6170,79682,6160,37980,6155,108878
2020-06-04 09:36:49.410000,6167.83,6165,49437,6170,66816,6160,46290,6155,108880
2020-06-04 09:36:50.370000,6167.83,6170,66816,6175,59026,6160,77785,6155,106980
2020-06-04 09:36:51.300000,6167.83,6170,73416,6175,59026,6165,2000,6160,81729
2020-06-04 09:36:52.130000,6167.83,6170,73415,6175,59026,6160,84729,6155,107080
2020-06-04 09:36:52.830000,6167.83,6165,22620,6170,73415,6160,84729,6155,112080
2020-06-04 09:36:53.690000,6167.83,6165,22619,6170,73415,6160,84729,6155,112080
2020-06-04 09:36:54.490000,6167.83,6165,42012,6170,66815,6160,66263,6155,112130
2020-06-04 09:36:55.400000,6167.83,6165,49211,6170,79701,6160,61363,6155,115130
2020-06-04 09:36:56.130000,6170.01,6165,42011,6170,66835,6160,61363,6155,115130
2020-06-04 09:36:56.930000,6170.01,6165,49178,6170,66835,6160,61363,6155,115130
2020-06-04 09:36:57.640000,6170.01,6165,49197,6170,66835,6160,61363,6155,115130
2020-06-04 09:36:58.300000,6169.46,6165,49197,6170,66835,6160,61372,6155,115130
2020-06-04 09:36:58.990000,6169.46,6165,49197,6170,79701,6160,61772,6155,115130
2020-06-04 09:36:59.740000,6169.46,6165,52188,6170,79701,6160,56772,6155,115130
2020-06-04 09:37:00.530000,6169.46,6165,44888,6170,79701,6160,62488,6155,115130
2020-06-04 09:37:01.500000,6169.46,6165,44888,6170,79701,6160,62488,6155,115130
2020-06-04 09:37:02.380000,6169.46,6165,52089,6170,79701,6160,62488,6155,115130
2020-06-04 09:37:03.220000,6169.46,6165,50083,6170,79701,6160,57488,6155,115130
2020-06-04 09:37:04.030000,6169.46,6165,42782,6170,66835,6160,62488,6155,115130
2020-06-04 09:37:04.830000,6169.46,6165,43104,6170,66835,6160,62488,6155,115130
2020-06-04 09:37:05.590000,6169.46,6165,43103,6170,79701,6160,62488,6155,115130
2020-06-04 09:37:06.420000,6169.46,6165,49003,6170,66835,6160,62488,6155,115130
2020-06-04 09:37:07.060000,6168.92,6165,43103,6170,66736,6160,62488,6155,115580
2020-06-04 09:37:07.800000,6168.92,6170,79936,6175,59726,6160,86503,6155,113580
2020-06-04 09:37:08.770000,6168.92,6170,69140,6175,65422,6165,27849,6160,86503
2020-06-04 09:37:09.730000,6168.92,6170,69139,6175,65422,6165,27849,6160,86503
2020-06-04 09:37:10.670000,6168.92,6170,69139,6175,65676,6165,27849,6160,87003
2020-06-04 09:37:11.450000,6168.92,6170,69138,6175,65676,6165,19850,6160,87013
2020-06-04 09:37:12.300000,6168.92,6170,69138,6175,65676,6165,19851,6160,87063
2020-06-04 09:37:13.030000,6168.92,6170,71864,6175,85676,6165,19851,6160,87063
2020-06-04 09:37:13.830000,6171.64,6170,71863,6175,85676,6165,18556,6160,87066
2020-06-04 09:37:14.610000,6171.64,6170,71863,6175,85676,6165,18556,6160,87566
2020-06-04 09:37:15.390000,6171.64,6170,65863,6175,91676,6165,22214,6160,83370
2020-06-04 09:37:16.140000,6172.18,6170,71862,6175,85676,6165,22214,6160,83370
2020-06-04 09:37:17.000000,6172.18,6170,49661,6175,91676,6165,25452,6160,83370
2020-06-04 09:37:17.810000,6173.27,6170,70761,6175,85676,6165,32576,6160,83370
2020-06-04 09:37:18.530000,6173.27,6170,55661,6175,85676,6165,32576,6160,83370
2020-06-04 09:37:19.230000,6173.81,6170,55660,6175,85676,6165,32580,6160,83370
2020-06-04 09:37:20.010000,6173.81,6170,49660,6175,91676,6165,32530,6160,83370
2020-06-04 09:37:20.820000,6173.81,6170,65360,6175,91676,6165,32530,6160,83374
2020-06-04 09:37:21.670000,6173.81,6170,65359,6175,91676,6165,32630,6160,83374
2020-06-04 09:37:22.590000,6173.81,6170,40934,6175,87535,6165,39636,6160,81374
2020-06-04 09:37:23.500000,6173.81,6170,10422,6175,87535,6165,39666,6160,81374
2020-06-04 09:37:24.400000,6173.81,6170,37033,6175,87535,6165,42666,6160,80825
2020-06-04 09:37:25.400000,6173.81,6170,2225,6175,87535,6165,60551,6160,80898
2020-06-04 09:37:26.230000,6173.81,6175,106934,6180,85111,6170,26853,6165,61007
2020-06-04 09:37:27.030000,6175.45,6175,104929,6180,87111,6170,16853,6165,61007
2020-06-04 09:37:27.930000,6176.54,6175,78522,6180,90807,6170,27999,6165,57311
2020-06-04 09:37:29.100000,6178.71,6175,58298,6180,96807,6170,32999,6165,57311
2020-06-04 09:37:30.230000,6178.71,6175,67022,6180,96807,6170,23487,6165,57311
2020-06-04 09:37:31.370000,6178.71,6175,67021,6180,96807,6170,28487,6165,57321
2020-06-04 09:37:33.340000,6178.71,6175,58296,6180,83941,6170,35582,6165,55321
2020-06-04 09:37:34.200000,6178.71,6175,64037,6180,90807,6170,33582,6165,57321
2020-06-04 09:37:35.020000,6178.71,6175,57977,6180,96807,6170,33592,6165,57321
2020-06-04 09:37:35.820000,6178.71,6175,73120,6180,90807,6170,33785,6165,57321
2020-06-04 09:37:36.800000,6179.26,6175,91463,6180,90807,6170,13494,6165,61017
2020-06-04 09:37:37.690000,6179.8,6175,102608,6180,87111,6170,1181,6165,61017
2020-06-04 09:37:38.600000,6177.62,6175,103509,6180,87111,6170,3081,6165,62017
2020-06-04 09:37:39.400000,6176.54,6175,96416,6180,90807,6170,26026,6165,62017
2020-06-04 09:37:40.080000,6176.54,6175,84516,6180,90807,6170,25826,6165,62017
2020-06-04 09:37:40.960000,6176.54,6175,95016,6180,90807,6170,25278,6165,62017
2020-06-04 09:37:41.800000,6176.54,6175,96915,6180,90807,6170,20724,6165,62017
2020-06-04 09:37:42.600000,6176.54,6170,57561,6175,114011,6165,40605,6160,143891
2020-06-04 09:37:43.490000,6176.54,6170,60415,6175,126877,6165,33600,6160,145891
2020-06-04 09:37:44.390000,6176.54,6170,61715,6175,126877,6165,33600,6160,145891
2020-06-04 09:37:45.390000,6176.54,6170,69715,6175,120877,6165,38608,6160,145891
2020-06-04 09:37:46.390000,6177.08,6170,63664,6175,126877,6165,38608,6160,145891
2020-06-04 09:37:47.250000,6174.9,6170,61664,6175,114011,6165,40522,6160,143891
2020-06-04 09:37:48.100000,6174.9,6170,61663,6175,114011,6165,41525,6160,143891
2020-06-04 09:37:48.830000,6174.9,6170,61663,6175,114011,6165,44604,6160,143941
2020-06-04 09:37:49.660000,6175.45,6170,61613,6175,114011,6165,63071,6160,143941
2020-06-04 09:37:50.420000,6175.45,6170,42804,6175,114011,6165,63063,6160,143941
2020-06-04 09:37:51.160000,6175.45,6170,17471,6175,112011,6165,63063,6160,143941
2020-06-04 09:37:52.020000,6175.45,6175,95515,6180,93807,6170,36295,6165,63063
2020-06-04 09:37:52.690000,6175.45,6175,89716,6180,93807,6170,44991,6165,59367
2020-06-04 09:37:53.440000,6175.45,6175,104415,6180,93807,6170,22827,6165,62638
2020-06-04 09:37:54.200000,6175.45,6170,66390,6175,115111,6165,44172,6160,143991
2020-06-04 09:37:55.090000,6175.45,6170,70351,6175,130976,6165,34214,6160,145991
2020-06-04 09:37:55.890000,6175.45,6170,70350,6175,130075,6165,34214,6160,146059
2020-06-04 09:37:56.800000,6175.45,6170,70250,6175,130075,6165,21527,6160,146059
2020-06-04 09:37:57.630000,6174.36,6170,69440,6175,130075,6165,45445,6160,146059
2020-06-04 09:37:58.500000,6173.27,6170,69312,6175,130075,6165,54794,6160,144059
2020-06-04 09:37:59.390000,6174.9,6170,69305,6175,117209,6165,54551,6160,144224
2020-06-04 09:38:00.310000,6174.9,6170,58577,6175,117209,6165,54551,6160,144224
2020-06-04 09:38:01.200000,6174.9,6170,58227,6175,117209,6165,57551,6160,144224
2020-06-04 09:38:02.030000,6174.9,6170,58206,6175,117209,6165,57551,6160,144224
2020-06-04 09:38:03.420000,6174.9,6170,58205,6175,117209,6165,57571,6160,144224
2020-06-04 09:38:04.170000,6174.9,6170,58155,6175,117209,6165,54561,6160,144224
2020-06-04 09:38:04.890000,6174.9,6170,42306,6175,115209,6165,72849,6160,144224
2020-06-04 09:38:05.500000,6174.9,6175,115209,6180,94271,6165,72849,6160,144224
2020-06-04 09:38:06.230000,6174.9,6170,2000,6175,115128,6165,75849,6160,144224
2020-06-04 09:38:07.060000,6174.9,6175,115128,6180,94271,6165,75849,6160,144224
2020-06-04 09:38:07.810000,6175.99,6170,24512,6175,117127,6165,75849,6160,144224
2020-06-04 09:38:08.610000,6175.99,6170,27318,6175,117127,6165,57386,6160,144224
2020-06-04 09:38:09.400000,6176.54,6170,24512,6175,117127,6165,54386,6160,144524
2020-06-04 09:38:10.200000,6176.54,6170,29705,6175,115523,6165,54386,6160,144524
2020-06-04 09:38:10.930000,6176.54,6170,51088,6175,115523,6165,54336,6160,144524
2020-06-04 09:38:11.730000,6176.54,6170,39787,6175,115523,6165,54336,6160,144524
2020-06-04 09:38:12.560000,6176.54,6170,35187,6175,115523,6165,54340,6160,144524
2020-06-04 09:38:13.320000,6176.54,6170,58288,6175,115523,6165,54340,6160,144524
2020-06-04 09:38:14.200000,6176.54,6170,58287,6175,115523,6165,54340,6160,144524
2020-06-04 09:38:14.930000,6176.54,6170,52687,6175,109923,6165,54214,6160,138924
2020-06-04 09:38:15.620000,6176.54,6170,60215,6175,122789,6165,52214,6160,140924
2020-06-04 09:38:16.530000,6175.99,6170,60215,6175,122789,6165,52214,6160,140924
2020-06-04 09:38:17.320000,6175.99,6170,60215,6175,122889,6165,52214,6160,140924
2020-06-04 09:38:18.120000,6175.99,6170,60215,6175,122889,6165,52214,6160,141174
2020-06-04 09:38:18.990000,6175.99,6170,60215,6175,110023,6165,54136,6160,139224
2020-06-04 09:38:19.790000,6173.81,6170,60211,6175,110023,6165,54136,6160,139224
2020-06-04 09:38:20.710000,6173.81,6170,65816,6175,115623,6165,54136,6160,144825
2020-06-04 09:38:21.490000,6173.81,6170,66815,6175,115623,6165,54136,6160,144825
2020-06-04 09:38:22.960000,6173.81,6170,66815,6175,115623,6165,58136,6160,144825
2020-06-04 09:38:23.730000,6173.81,6170,66890,6175,115623,6165,59205,6160,144825
2020-06-04 09:38:24.370000,6173.81,6170,66890,6175,115723,6165,59205,6160,146815
2020-06-04 09:38:25.160000,6173.81,6170,56090,6175,115723,6165,59157,6160,146815
2020-06-04 09:38:25.980000,6173.81,6170,51782,6175,115079,6165,59157,6160,146815
2020-06-04 09:38:26.870000,6174.9,6170,61309,6175,115079,6165,59257,6160,146815
2020-06-04 09:38:27.830000,6173.81,6170,61408,6175,119079,6165,59257,6160,146815
2020-06-04 09:38:28.430000,6173.81,6170,61408,6175,119079,6165,59247,6160,146815
2020-06-04 09:38:29.070000,6173.81,6170,51880,6175,119079,6165,59247,6160,146815
2020-06-04 09:38:29.900000,6173.81,6170,46279,6175,119079,6165,80713,6160,146815
2020-06-04 09:38:30.680000,6173.81,6170,23762,6175,119079,6165,81213,6160,146815
2020-06-04 09:38:31.400000,6173.81,6170,35657,6175,119079,6165,81213,6160,146815
2020-06-04 09:38:32.160000,6173.81,6170,35600,6175,119079,6165,93713,6160,147373
2020-06-04 09:38:32.860000,6173.81,6170,5601,6175,112079,6165,93614,6160,147373
2020-06-04 09:38:33.710000,6173.81,6175,110782,6180,99267,6170,21896,6165,110114
2020-06-04 09:38:34.410000,6173.81,6175,110782,6180,99267,6170,24896,6165,110114
2020-06-04 09:38:35.100000,6173.81,6175,108382,6180,99267,6170,24896,6165,110114
2020-06-04 09:38:35.890000,6173.81,6175,93531,6180,99267,6170,24896,6165,110114
2020-06-04 09:38:36.630000,6173.81,6175,110531,6180,90686,6170,24896,6165,110114
2020-06-04 09:38:37.360000,6178.17,6175,110531,6180,90686,6170,24896,6165,110214
2020-06-04 09:38:38.070000,6178.17,6175,110530,6180,89875,6170,24896,6165,110214
2020-06-04 09:38:38.800000,6178.17,6175,93530,6180,89875,6170,28167,6165,106943
2020-06-04 09:38:39.330000,6177.62,6175,93510,6180,89875,6170,28167,6165,106943
2020-06-04 09:38:39.970000,6177.62,6175,110409,6180,89875,6170,24896,6165,110214
2020-06-04 09:38:40.800000,6177.62,6175,119105,6180,86179,6170,3100,6165,110214
2020-06-04 09:38:41.610000,6177.62,6170,24512,6175,121105,6165,110214,6160,147794
2020-06-04 09:38:42.130000,6177.62,6170,30112,6175,121105,6165,110214,6160,147794
2020-06-04 09:38:42.830000,6177.62,6170,24490,6175,121105,6165,110214,6160,147794
2020-06-04 09:38:43.630000,6177.62,6170,34103,6175,121105,6165,77248,6160,147794
2020-06-04 09:38:44.590000,6177.62,6170,56537,6175,121105,6165,75248,6160,147794
2020-06-04 09:38:45.440000,6177.62,6170,67566,6175,127971,6165,68248,6160,149794
2020-06-04 09:38:46.190000,6177.62,6170,64066,6175,133971,6165,68248,6160,149794
2020-06-04 09:38:47.700000,6173.81,6170,64011,6175,133971,6165,68248,6160,149794
2020-06-04 09:38:48.550000,6173.81,6170,47610,6175,121105,6165,70249,6160,147794
2020-06-04 09:38:49.340000,6173.81,6170,32261,6175,121105,6165,75249,6160,147814
2020-06-04 09:38:50.140000,6174.9,6170,4604,6175,121105,6165,94215,6160,147814
2020-06-04 09:38:51.140000,6174.9,6170,52328,6175,121105,6165,75949,6160,147814
2020-06-04 09:38:52.000000,6174.9,6170,63404,6175,127971,6165,71742,6160,149814
2020-06-04 09:38:52.750000,6174.9,6170,60342,6175,133971,6165,68744,6160,149814
2020-06-04 09:38:53.440000,6174.9,6170,60342,6175,133971,6165,68744,6160,149814
2020-06-04 09:38:54.200000,6174.9,6170,61243,6175,133971,6165,68744,6160,149814
2020-06-04 09:38:55.000000,6174.9,6170,60366,6175,121105,6165,70744,6160,147814
2020-06-04 09:38:55.830000,6174.9,6170,60366,6175,121105,6165,70744,6160,147814
2020-06-04 09:38:57.320000,6175.99,6170,60355,6175,121105,6165,70744,6160,147814
2020-06-04 09:38:58.060000,6174.9,6170,60355,6175,133971,6165,68744,6160,149814
2020-06-04 09:38:58.700000,6174.9,6170,60354,6175,121105,6165,70744,6160,147814
2020-06-04 09:38:59.570000,6175.45,6170,60353,6175,121105,6165,70744,6160,147814
2020-06-04 09:39:00.260000,6175.45,6170,60346,6175,121105,6165,70744,6160,147814
2020-06-04 09:39:00.790000,6175.45,6170,39746,6175,121105,6165,88610,6160,147814
2020-06-04 09:39:01.900000,6175.45,6175,110408,6180,91280,6170,25528,6165,94210
2020-06-04 09:39:02.890000,6175.45,6175,119104,6180,87584,6170,20505,6165,94210
2020-06-04 09:39:03.350000,6175.45,6175,119104,6180,87584,6170,20505,6165,94220
2020-06-04 09:39:04.530000,6175.45,6175,119103,6180,87584,6170,20505,6165,94220
2020-06-04 09:39:04.980000,6175.45,6175,118933,6180,87584,6170,60,6165,94221
2020-06-04 09:39:05.710000,6175.45,6170,24412,6175,120933,6165,72755,6160,147805
2020-06-04 09:39:06.620000,6175.45,6170,48611,6175,120933,6165,72755,6160,147805
2020-06-04 09:39:07.620000,6177.08,6170,30010,6175,120933,6165,72755,6160,147805
2020-06-04 09:39:08.620000,6177.08,6170,39810,6175,120933,6165,72755,6160,147805
2020-06-04 09:39:09.040000,6177.08,6170,33109,6175,120933,6165,72805,6160,147805
2020-06-04 09:39:09.820000,6177.08,6170,24409,6175,120933,6165,94271,6160,147806
2020-06-04 09:39:10.840000,6177.08,6175,118948,6180,87584,6170,250,6165,94271
2020-06-04 09:39:11.850000,6177.08,6175,118947,6180,87584,6170,20694,6165,94271
2020-06-04 09:39:12.260000,6177.08,6175,118947,6180,87584,6170,20694,6165,94271
2020-06-04 09:39:13.440000,6177.08,6175,110251,6180,91280,6170,20694,6165,94571
2020-06-04 09:39:13.690000,6177.08,6175,115700,6180,91280,6170,20694,6165,94571
2020-06-04 09:39:14.540000,6177.08,6175,115700,6180,91281,6170,249,6165,94571
2020-06-04 09:39:15.520000,6177.08,6175,119395,6180,87585,6165,94576,6160,147711
2020-06-04 09:39:16.020000,6177.08,6175,119394,6180,87585,6165,94576,6160,147711
2020-06-04 09:39:17.020000,6176.54,6170,901,6175,119394,6165,94576,6160,147711
2020-06-04 09:39:17.220000,6176.54,6175,110698,6180,91281,6170,21544,6165,94576
2020-06-04 09:39:18.110000,6177.08,6175,115897,6180,91281,6170,20470,6165,94576
2020-06-04 09:39:19.720000,6177.08,6175,93396,6180,89881,6170,32333,6165,91305
2020-06-04 09:39:19.940000,6177.08,6175,93396,6180,89881,6170,32333,6165,91305
2020-06-04 09:39:20.790000,6177.08,6175,93515,6180,89881,6170,32333,6165,91305
2020-06-04 09:39:21.860000,6177.08,6175,104814,6180,95881,6170,20206,6165,94576
2020-06-04 09:39:22.160000,6177.08,6175,110814,6180,89881,6170,20126,6165,94576
2020-06-04 09:39:22.830000,6177.08,6175,110764,6180,89881,6170,22126,6165,94576
2020-06-04 09:39:23.910000,6177.08,6175,110763,6180,89881,6170,22126,6165,94576
2020-06-04 09:39:24.330000,6177.08,6175,110763,6180,89881,6170,20331,6165,94576
2020-06-04 09:39:25.530000,6177.08,6175,84464,6180,95881,6170,37942,6165,91307
2020-06-04 09:39:25.830000,6177.08,6175,75185,6180,83015,6170,38808,6165,89307
2020-06-04 09:39:26.790000,6178.17,6175,72685,6180,91740,6170,43904,6165,89307
2020-06-04 09:39:27.760000,6177.62,6175,69699,6180,91740,6170,43907,6165,89307
2020-06-04 09:39:28.730000,6179.26,6175,44522,6180,91740,6170,43907,6165,89307
2020-06-04 09:39:29.830000,6179.26,6175,36801,6180,91740,6170,46907,6165,89307
2020-06-04 09:39:30.860000,6179.26,6175,62019,6180,91790,6170,65373,6165,89307
2020-06-04 09:39:31.320000,6179.26,6175,42441,6180,91790,6170,66373,6165,89307
2020-06-04 09:39:32.450000,6179.26,6175,36328,6180,91790,6170,63373,6165,89707
2020-06-04 09:39:33.420000,6179.26,6175,35328,6180,88094,6170,63373,6165,89717
2020-06-04 09:39:33.730000,6179.26,6180,83605,6185,118077,6175,32858,6170,65993
2020-06-04 09:39:34.510000,6179.26,6180,103605,6185,118080,6175,105610,6170,68995
2020-06-04 09:39:35.530000,6179.26,6180,103604,6185,118080,6175,108110,6170,68995
2020-06-04 09:39:36.090000,6181.43,6180,83604,6185,118080,6175,111381,6170,65724
2020-06-04 09:39:37.180000,6181.43,6180,83604,6185,118080,6175,108114,6170,68995
2020-06-04 09:39:37.460000,6181.43,6180,83592,6185,118080,6175,108114,6170,68995
2020-06-04 09:39:38.240000,6181.43,6180,101592,6185,118080,6175,109114,6170,68995
2020-06-04 09:39:39.280000,6181.43,6180,101592,6185,118080,6175,109114,6170,68995
2020-06-04 09:39:39.420000,6181.43,6180,93991,6185,118080,6175,109114,6170,68995
2020-06-04 09:39:40.340000,6181.43,6180,102791,6185,118080,6175,109114,6170,68999
2020-06-04 09:39:41.430000,6181.43,6180,109891,6185,116080,6175,100886,6170,68999
2020-06-04 09:39:42.490000,6181.43,6180,121382,6185,112384,6175,100939,6170,69009
2020-06-04 09:39:42.900000,6181.43,6180,121382,6185,112384,6175,100939,6170,69013
2020-06-04 09:39:44.050000,6181.43,6180,117636,6185,116080,6175,101764,6170,69013
2020-06-04 09:39:44.540000,6181.43,6180,118536,6185,116080,6175,29002,6170,69013
2020-06-04 09:39:45.290000,6181.43,6175,44197,6180,121231,6170,47547,6165,89751
2020-06-04 09:39:46.180000,6181.43,6175,65324,6180,134097,6170,45547,6165,91751
2020-06-04 09:39:46.760000,6181.43,6175,59076,6180,121231,6170,47536,6165,89751
2020-06-04 09:39:47.760000,6181.43,6175,59075,6180,121231,6170,47528,6165,89751
2020-06-04 09:39:48.260000,6181.43,6175,58216,6180,121231,6170,47528,6165,89751
2020-06-04 09:39:49.260000,6181.43,6175,58216,6180,121231,6170,47528,6165,89751
2020-06-04 09:39:49.600000,6181.43,6175,58265,6180,121241,6170,53982,6165,89751
2020-06-04 09:39:50.420000,6181.43,6175,56993,6180,121241,6170,53982,6165,89751
2020-06-04 09:39:51.300000,6181.43,6175,850,6180,121241,6170,75448,6165,89751
2020-06-04 09:39:52.470000,6181.43,6180,108544,6185,118080,6175,24740,6170,75454
2020-06-04 09:39:53.060000,6181.43,6180,82343,6185,124080,6175,40591,6170,72183
2020-06-04 09:39:54.050000,6181.43,6180,79342,6185,124080,6175,40591,6170,72183
2020-06-04 09:39:55.110000,6181.43,6180,79342,6185,111214,6175,50670,6170,70183
2020-06-04 09:39:56.170000,6181.43,6180,79336,6185,111214,6175,51155,6170,70233
2020-06-04 09:39:56.760000,6181.43,6180,79336,6185,111214,6175,51225,6170,70233
2020-06-04 09:39:57.730000,6184.7,6180,70611,6185,111214,6175,51225,6170,70233
2020-06-04 09:39:58.750000,6184.7,6180,54777,6185,111214,6175,73500,6170,70233
2020-06-04 09:39:59.200000,6184.7,6185,132035,6190,93119,6180,31964,6175,76000
2020-06-04 09:40:00.370000,6184.7,6185,140065,6190,91119,6180,1495,6175,79002
2020-06-04 09:40:01.000000,6184.7,6180,27553,6185,143761,6175,79477,6170,70233
2020-06-04 09:40:01.950000,6184.7,6180,23321,6185,143761,6175,79477,6170,70233
2020-06-04 09:40:02.900000,6184.7,6180,23321,6185,143761,6175,79477,6170,70233
2020-06-04 09:40:04.030000,6184.7,6180,52668,6185,143761,6175,78477,6170,70233
2020-06-04 09:40:04.360000,6184.7,6180,50668,6185,143761,6175,57011,6170,70233
2020-06-04 09:40:05.200000,6184.7,6180,51737,6185,156627,6175,55011,6170,72233
2020-06-04 09:40:06.200000,6186.87,6180,50789,6185,156627,6175,55173,6170,72233
2020-06-04 09:40:07.250000,6186.33,6180,60834,6185,150627,6175,20662,6170,75929
2020-06-04 09:40:08.310000,6183.06,6180,54348,6185,156627,6175,15740,6170,75929
2020-06-04 09:40:08.820000,6180.89,6175,18594,6180,71044,6170,70329,6165,85641
2020-06-04 09:40:09.900000,6180.89,6175,18231,6180,71046,6170,49367,6165,85641
2020-06-04 09:40:10.950000,6180.89,6180,67350,6185,128327,6170,73038,6165,85641
2020-06-04 09:40:12.010000,6180.89,6175,37056,6180,71045,6170,54572,6165,85641
2020-06-04 09:40:12.960000,6180.89,6175,61613,6180,83911,6170,52572,6165,87641
2020-06-04 09:40:13.600000,6180.89,6175,64511,6180,83911,6170,52877,6165,87641
2020-06-04 09:40:14.700000,6180.89,6175,64163,6180,84961,6170,52877,6165,87941
2020-06-04 09:40:15.660000,6180.89,6175,64162,6180,84961,6170,52877,6165,87941
2020-06-04 09:40:16.740000,6181.43,6175,61163,6180,72095,6170,59328,6165,86446
2020-06-04 09:40:17.790000,6178.71,6175,60663,6180,84961,6170,57328,6165,88446
2020-06-04 09:40:18.230000,6179.8,6175,60862,6180,84961,6170,57928,6165,88446
2020-06-04 09:40:19.320000,6179.8,6175,60862,6180,86582,6170,57928,6165,88446
2020-06-04 09:40:19.930000,6179.8,6175,60861,6180,73716,6170,59928,6165,86446
2020-06-04 09:40:20.940000,6179.8,6175,2714,6180,70020,6170,87797,6165,86496
2020-06-04 09:40:21.960000,6179.8,6175,27991,6180,73716,6170,76311,6165,86496
2020-06-04 09:40:22.290000,6179.8,6175,27090,6180,73716,6170,57845,6165,86496
2020-06-04 09:40:23.110000,6179.8,6175,27089,6180,73716,6170,57845,6165,86496
2020-06-04 09:40:23.860000,6179.8,6175,27089,6180,73716,6170,73316,6165,86496
2020-06-04 09:40:24.530000,6179.8,6175,27089,6180,73716,6170,73316,6165,86496
2020-06-04 09:40:25.660000,6179.8,6175,27088,6180,73716,6170,73316,6165,86496
2020-06-04 09:40:26.020000,6180.89,6175,402,6180,63020,6170,76316,6165,86496
2020-06-04 09:40:27.240000,6180.89,6180,63020,6185,130327,6175,22338,6170,76318
2020-06-04 09:40:28.220000,6180.89,6180,63019,6185,130327,6175,20338,6170,76473
2020-06-04 09:40:28.580000,6181.43,6180,73715,6185,124631,6170,77008,6165,86496
2020-06-04 09:40:29.310000,6180.89,6175,27064,6180,73715,6170,77008,6165,86500
2020-06-04 09:40:30.410000,6180.89,6175,49542,6180,73893,6170,55542,6165,86500
2020-06-04 09:40:31.410000,6180.89,6175,49542,6180,73893,6170,55552,6165,86500
2020-06-04 09:40:31.670000,6180.89,6175,43939,6180,72272,6170,55552,6165,86500
2020-06-04 09:40:32.470000,6180.89,6175,24739,6180,72272,6170,77018,6165,86500
2020-06-04 09:40:33.530000,6180.89,6175,39303,6180,72272,6170,58552,6165,86500
2020-06-04 09:40:33.830000,6180.89,6175,39319,6180,72272,6170,58552,6165,86500
2020-06-04 09:40:34.560000,6180.89,6175,47616,6180,72272,6170,55552,6165,86500
2020-06-04 09:40:35.610000,6180.89,6175,45615,6180,72272,6170,56052,6165,86500
2020-06-04 09:40:36.000000,6180.89,6175,55269,6180,72272,6170,56053,6165,86496
2020-06-04 09:40:36.620000,6180.89,6175,53269,6180,72272,6170,56053,6165,86529
2020-06-04 09:40:37.700000,6181.43,6175,35368,6180,72472,6170,56053,6165,86529
2020-06-04 09:40:38.000000,6179.8,6175,50168,6180,72472,6170,56053,6165,86529
2020-06-04 09:40:38.720000,6179.8,6175,36281,6180,85319,6170,56053,6165,86529
2020-06-04 09:40:39.290000,6179.8,6175,38280,6180,85319,6170,56104,6165,86529
2020-06-04 09:40:40.260000,6179.8,6180,74623,6185,123544,6175,32715,6170,77570
2020-06-04 09:40:40.590000,6179.8,6180,74623,6185,123544,6175,33215,6170,77570
2020-06-04 09:40:41.360000,6179.8,6180,74672,6185,123544,6175,33215,6170,77570
2020-06-04 09:40:42.400000,6179.8,6175,511,6180,81672,6170,78421,6165,87090
2020-06-04 09:40:42.930000,6179.8,6175,23131,6180,84368,6170,78421,6165,87090
2020-06-04 09:40:43.930000,6179.8,6175,28730,6180,84368,6170,75822,6165,87090
2020-06-04 09:40:44.960000,6179.8,6175,47230,6180,84373,6170,57356,6165,87090
2020-06-04 09:40:45.200000,6179.8,6175,70472,6180,91239,6170,46555,6165,89090
2020-06-04 09:40:46.030000,6179.8,6175,67471,6180,97239,6170,34978,6165,89090
2020-06-04 09:40:47.460000,6181.98,6175,67471,6180,99739,6170,41758,6165,89090
2020-06-04 09:40:48.670000,6180.34,6175,90075,6180,99739,6170,47092,6165,89090
2020-06-04 09:40:48.960000,6178.17,6175,87076,6180,86873,6170,47092,6165,87090
2020-06-04 09:40:49.650000,6178.17,6175,87086,6180,86873,6170,49092,6165,87090
2020-06-04 09:40:50.760000,6178.17,6175,87086,6180,86883,6170,48242,6165,87090
2020-06-04 09:40:51.320000,6178.17,6175,104361,6180,93749,6170,44242,6165,89100
2020-06-04 09:40:52.270000,6178.17,6175,98361,6180,99759,6170,40908,6165,89120
2020-06-04 09:40:52.760000,6178.17,6175,101360,6180,99759,6170,41899,6165,89120
2020-06-04 09:40:53.810000,6178.17,6175,101360,6180,99859,6170,41899,6165,89170
2020-06-04 09:40:54.900000,6178.17,6175,101360,6180,99859,6170,41719,6165,89170
2020-06-04 09:40:55.460000,6178.17,6175,101360,6180,99859,6170,41719,6165,91170
2020-06-04 09:40:56.850000,6179.26,6175,107360,6180,93859,6170,28109,6165,103591
2020-06-04 09:40:57.590000,6178.71,6175,107360,6180,93859,6170,28109,6165,103591
2020-06-04 09:40:58.660000,6177.62,6170,1193,6175,116056,6165,103591,6160,139099
2020-06-04 09:40:59.190000,6176.54,6170,1193,6175,107362,6165,103591,6160,139100
2020-06-04 09:41:00.180000,6176.54,6175,112362,6180,82559,6170,50,6165,103591
2020-06-04 09:41:01.260000,6176.54,6175,112362,6180,82559,6165,103591,6160,139100
2020-06-04 09:41:01.630000,6176.54,6175,107362,6180,82559,6165,103591,6160,139100
2020-06-04 09:41:02.290000,6176.54,6175,101362,6180,88559,6170,24620,6165,103591
2020-06-04 09:41:03.400000,6176.54,6175,101362,6180,88559,6170,27773,6165,103591
2020-06-04 09:41:03.900000,6176.54,6175,104363,6180,82559,6170,40375,6165,99895
2020-06-04 09:41:04.850000,6176.54,6175,104363,6180,82559,6170,37179,6165,103591
2020-06-04 09:41:05.360000,6176.54,6175,104363,6180,82559,6170,22447,6165,103591
2020-06-04 09:41:06.540000,6176.54,6175,116068,6180,78863,6165,103591,6160,139100
2020-06-04 09:41:07.580000,6177.62,6170,2929,6175,116068,6165,103591,6160,139100
2020-06-04 09:41:08.190000,6178.17,6170,27760,6175,118068,6165,103591,6160,139100
2020-06-04 09:41:09.140000,6175.99,6170,27760,6175,118068,6165,104091,6160,139100
2020-06-04 09:41:10.030000,6175.99,6170,27759,6175,118068,6165,104091,6160,139262
2020-06-04 09:41:10.600000,6175.99,6170,25442,6175,118120,6165,104091,6160,139762
2020-06-04 09:41:11.610000,6175.99,6170,25439,6175,118121,6165,104091,6160,139762
2020-06-04 09:41:12.080000,6175.99,6170,63140,6175,112121,6165,82125,6160,139762
2020-06-04 09:41:13.300000,6175.99,6170,57119,6175,118121,6165,82125,6160,139762
2020-06-04 09:41:13.800000,6175.99,6170,5803,6175,118121,6165,100591,6160,139762
2020-06-04 09:41:14.860000,6175.99,6175,107425,6180,75509,6170,18581,6165,103591
2020-06-04 09:41:15.390000,6175.99,6175,107425,6180,75509,6170,18582,6165,103591
2020-06-04 09:41:16.450000,6175.99,6170,21612,6175,116121,6165,103591,6160,139762
2020-06-04 09:41:16.910000,6174.9,6170,21612,6175,118121,6165,103611,6160,139762
2020-06-04 09:41:18.000000,6176.54,6170,20873,6175,118121,6165,82145,6160,139762
2020-06-04 09:41:18.360000,6175.99,6170,20873,6175,118121,6165,100611,6160,139762
2020-06-04 09:41:20.130000,6175.99,6170,20872,6175,84887,6165,100611,6160,139762
2020-06-04 09:41:20.440000,6175.99,6170,20872,6175,84887,6165,103611,6160,139762
2020-06-04 09:41:21.200000,6175.99,6170,26472,6175,84887,6165,85205,6160,139762
2020-06-04 09:41:22.220000,6175.99,6170,26471,6175,84887,6165,85205,6160,139762
2020-06-04 09:41:22.700000,6175.99,6170,26471,6175,84887,6165,85205,6160,139762
2020-06-04 09:41:23.810000,6175.99,6175,74191,6180,75509,6170,20381,6165,103671
2020-06-04 09:41:24.280000,6175.99,6175,74191,6180,75509,6170,20381,6165,105293
2020-06-04 09:41:25.370000,6175.99,6175,74191,6180,75509,6170,20381,6165,105293
2020-06-04 09:41:25.730000,6175.99,6175,74202,6180,75509,6170,20381,6165,105293
2020-06-04 09:41:26.520000,6174.36,6175,68202,6180,81509,6170,25406,6165,105293
2020-06-04 09:41:27.200000,6177.62,6175,74202,6180,75509,6170,25406,6165,105293
2020-06-04 09:41:27.990000,6177.62,6175,82898,6180,71813,6165,105293,6160,139762
2020-06-04 09:41:29.040000,6177.62,6170,20871,6175,84898,6165,108293,6160,139762
2020-06-04 09:41:29.430000,6175.99,6170,25390,6175,84908,6165,86827,6160,139762
2020-06-04 09:41:30.170000,6175.99,6170,25330,6175,84908,6165,86827,6160,139772
2020-06-04 09:41:30.960000,6175.99,6170,78826,6175,84908,6165,86827,6160,139772
2020-06-04 09:41:32.170000,6175.99,6170,80600,6175,84908,6165,86827,6160,139772
2020-06-04 09:41:32.580000,6175.99,6170,85629,6175,84908,6165,84827,6160,139772
2020-06-04 09:41:33.280000,6175.99,6170,85628,6175,84908,6165,84827,6160,139772
2020-06-04 09:41:34.350000,6175.99,6170,85628,6175,84908,6165,84827,6160,139772
2020-06-04 09:41:34.660000,6175.99,6170,85628,6175,84908,6165,84837,6160,139772
2020-06-04 09:41:35.330000,6175.99,6170,85428,6175,84908,6165,84837,6160,139772
2020-06-04 09:41:35.830000,6175.99,6170,85426,6175,84908,6165,84837,6160,139772
2020-06-04 09:41:37.520000,6174.9,6170,84926,6175,97774,6165,82837,6160,141772
2020-06-04 09:41:37.690000,6174.9,6170,115450,6175,98309,6165,69112,6160,141772
2020-06-04 09:41:38.560000,6174.9,6170,103550,6175,98309,6165,69112,6160,141772
2020-06-04 09:41:39.030000,6174.9,6170,103550,6175,98309,6165,66493,6160,141772
2020-06-04 09:41:40.080000,6174.9,6170,108443,6175,98309,6165,66493,6160,141772
2020-06-04 09:41:40.360000,6174.9,6170,100543,6175,98309,6165,66993,6160,141792
2020-06-04 09:41:41.170000,6174.9,6170,100542,6175,98309,6165,66993,6160,141792
2020-06-04 09:41:41.470000,6174.9,6170,90542,6175,98509,6165,66995,6160,141802
2020-06-04 09:41:42.250000,6174.9,6170,102142,6175,89509,6165,66995,6160,141802
2020-06-04 09:41:42.800000,6174.9,6170,90542,6175,89509,6165,67395,6160,141802
2020-06-04 09:41:43.870000,6174.9,6170,90541,6175,89509,6165,67395,6160,141802
2020-06-04 09:41:44.120000,6174.9,6170,82541,6175,90509,6165,67395,6160,141802
2020-06-04 09:41:44.890000,6174.9,6170,79816,6175,84509,6165,75005,6160,141802
2020-06-04 09:41:45.560000,6172.73,6170,73815,6175,77643,6165,82010,6160,139802
2020-06-04 09:41:46.540000,6172.73,6170,73815,6175,77643,6165,82210,6160,139802
2020-06-04 09:41:46.810000,6173.27,6170,73815,6175,90509,6165,80210,6160,141802
2020-06-04 09:41:47.610000,6174.36,6170,73814,6175,90509,6165,80210,6160,141302
2020-06-04 09:41:48.620000,6174.36,6170,85506,6175,90509,6165,90210,6160,141302
2020-06-04 09:41:48.720000,6173.81,6170,85506,6175,90509,6165,90210,6160,141304
2020-06-04 09:41:49.570000,6173.81,6170,85495,6175,90509,6165,90210,6160,141304
2020-06-04 09:41:50.060000,6173.81,6170,82495,6175,90509,6165,90210,6160,141304
2020-06-04 09:41:51.150000,6173.81,6170,82495,6175,90509,6165,90210,6160,141524
2020-06-04 09:41:51.360000,6173.81,6170,82495,6175,90509,6165,90210,6160,141524
2020-06-04 09:41:52.360000,6173.81,6170,73802,6175,77643,6165,92210,6160,139524
2020-06-04 09:41:52.790000,6173.81,6170,68202,6175,77643,6165,92270,6160,139524
2020-06-04 09:41:53.850000,6173.81,6170,68201,6175,77643,6165,94270,6160,139524
2020-06-04 09:41:54.290000,6173.81,6170,73801,6175,90509,6165,93270,6160,141524
2020-06-04 09:41:55.530000,6173.81,6170,76559,6175,90509,6165,93270,6160,141524
2020-06-04 09:41:56.560000,6173.81,6170,76559,6175,90509,6165,93270,6160,141524
2020-06-04 09:41:56.960000,6175.45,6170,73800,6175,77643,6165,92270,6160,139524
2020-06-04 09:41:58.120000,6174.9,6170,74099,6175,77643,6165,92320,6160,139524
2020-06-04 09:41:59.680000,6174.9,6170,74099,6175,77643,6165,94320,6160,139524
2020-06-04 09:42:00.020000,6174.9,6170,74098,6175,77643,6165,94320,6160,139524
2020-06-04 09:42:00.830000,6174.9,6170,82823,6175,90509,6165,90320,6160,141524
2020-06-04 09:42:01.630000,6174.9,6170,91822,6175,84509,6165,77710,6160,141524
2020-06-04 09:42:02.890000,6174.9,6170,107522,6175,90509,6165,72705,6160,150299
2020-06-04 09:42:03.860000,6174.9,6170,118242,6175,90509,6165,72781,6160,150309
2020-06-04 09:42:04.330000,6174.9,6170,124241,6175,84509,6165,69781,6160,150329
2020-06-04 09:42:05.500000,6174.9,6170,124241,6175,84509,6165,66695,6160,154125
2020-06-04 09:42:06.020000,6174.9,6170,124240,6175,84509,6165,70391,6160,150429
2020-06-04 09:42:07.020000,6172.73,6170,102540,6175,84509,6165,70387,6160,150429
2020-06-04 09:42:07.580000,6172.18,6170,147343,6175,84509,6165,66691,6160,154125
2020-06-04 09:42:08.580000,6172.18,6170,147343,6175,84509,6165,66691,6160,154125
2020-06-04 09:42:09.580000,6172.18,6170,147343,6175,84509,6165,67191,6160,154125
2020-06-04 09:42:09.940000,6172.18,6170,147342,6175,84509,6165,67191,6160,154125
2020-06-04 09:42:10.640000,6172.18,6170,147342,6175,84498,6165,70876,6160,150929
2020-06-04 09:42:11.580000,6172.18,6170,125141,6175,84498,6165,70876,6160,150929
2020-06-04 09:42:12.470000,6172.18,6170,119141,6175,90498,6165,76392,6160,150929
2020-06-04 09:42:13.020000,6172.18,6170,116141,6175,90498,6165,84647,6160,150929
2020-06-04 09:42:13.740000,6172.18,6170,122040,6175,84498,6165,75951,6160,154625
2020-06-04 09:42:14.360000,6172.18,6170,122040,6175,84498,6165,79801,6160,150929
2020-06-04 09:42:15.190000,6172.18,6170,125050,6175,84498,6165,79811,6160,150929
2020-06-04 09:42:16.410000,6172.18,6170,119049,6175,90498,6165,79811,6160,150929
2020-06-04 09:42:16.990000,6172.18,6170,119049,6175,90498,6165,79811,6160,150929
2020-06-04 09:42:17.330000,6173.27,6170,119048,6175,90498,6165,80085,6160,150929
2020-06-04 09:42:18.000000,6173.27,6170,148448,6175,74998,6165,47518,6160,154625
2020-06-04 09:42:19.250000,6172.73,6170,148347,6175,74998,6165,47518,6160,154625
2020-06-04 09:42:19.990000,6172.73,6170,150276,6175,74998,6165,21128,6160,154625
2020-06-04 09:42:21.300000,6172.73,6165,24384,6170,137573,6160,157125,6155,133959
2020-06-04 09:42:22.020000,6172.73,6165,22384,6170,137573,6160,157125,6155,133959
2020-06-04 09:42:22.750000,6172.73,6165,24285,6170,137573,6160,157625,6155,133959
2020-06-04 09:42:23.540000,6172.73,6165,23984,6170,137573,6160,157625,6155,133959
2020-06-04 09:42:24.160000,6172.73,6165,23952,6170,137573,6160,157625,6155,134059
2020-06-04 09:42:24.750000,6172.73,6165,23952,6170,137573,6160,157625,6155,134059
2020-06-04 09:42:25.430000,6172.73,6165,38281,6170,137573,6160,157625,6155,134059
2020-06-04 09:42:26.100000,6172.73,6165,58188,6170,137573,6160,134159,6155,136059
2020-06-04 09:42:27.500000,6170.55,6165,58188,6170,137573,6160,134159,6155,136059
2020-06-04 09:42:28.190000,6170.55,6165,6879,6170,137573,6160,136159,6155,134059
2020-06-04 09:42:28.830000,6170.01,6165,56656,6170,80281,6160,159625,6155,134059
2020-06-04 09:42:29.600000,6170.01,6170,96106,6175,74998,6165,30740,6160,155929
2020-06-04 09:42:30.250000,6170.01,6170,96107,6175,74999,6165,30738,6160,155929
2020-06-04 09:42:30.930000,6170.01,6170,96017,6175,74999,6165,30648,6160,155929
2020-06-04 09:42:31.490000,6170.01,6170,96016,6175,74999,6165,30648,6160,155929
2020-06-04 09:42:32.100000,6170.01,6170,96016,6175,74999,6165,30948,6160,155829
2020-06-04 09:42:32.990000,6170.01,6170,96016,6175,74999,6165,28948,6160,155829
2020-06-04 09:42:33.390000,6170.01,6170,96015,6175,74999,6165,27507,6160,155829
2020-06-04 09:42:34.410000,6170.01,6170,96015,6175,74999,6165,21335,6160,159525
2020-06-04 09:42:34.740000,6170.01,6170,96015,6175,74999,6165,20385,6160,159525
2020-06-04 09:42:35.460000,6170.01,6170,96014,6175,74999,6165,20385,6160,159525
2020-06-04 09:42:36.410000,6172.73,6170,95994,6175,74999,6165,20385,6160,159525
2020-06-04 09:42:38.420000,6171.64,6170,95993,6175,74999,6165,20385,6160,159525
2020-06-04 09:42:38.750000,6171.64,6170,96093,6175,74999,6165,20386,6160,159525
2020-06-04 09:42:39.600000,6171.64,6170,96093,6175,75099,6165,20386,6160,159525
2020-06-04 09:42:40.030000,6171.64,6170,96092,6175,75099,6165,20586,6160,159526
2020-06-04 09:42:41.050000,6171.64,6170,96092,6175,75149,6165,20586,6160,159526
2020-06-04 09:42:41.330000,6171.64,6170,96091,6175,75149,6165,20586,6160,159526
2020-06-04 09:42:42.140000,6171.64,6170,96090,6175,75149,6165,20586,6160,159576
2020-06-04 09:42:42.700000,6171.64,6170,96090,6175,75149,6165,20586,6160,159576
2020-06-04 09:42:43.830000,6171.64,6170,96089,6175,75199,6165,20586,6160,159576
2020-06-04 09:42:44.190000,6171.64,6170,96089,6175,75199,6165,20586,6160,159576
2020-06-04 09:42:45.360000,6171.64,6170,96088,6175,75199,6165,22586,6160,159576
2020-06-04 09:42:46.590000,6171.64,6170,94088,6175,75199,6165,26282,6160,155880
2020-06-04 09:42:47.520000,6171.64,6170,91088,6175,75199,6165,31282,6160,155880
2020-06-04 09:42:47.890000,6172.73,6170,69987,6175,75199,6165,31282,6160,155881
2020-06-04 09:42:49.010000,6172.73,6170,89986,6175,75199,6165,28782,6160,155881
2020-06-04 09:42:49.200000,6173.81,6170,83986,6175,81199,6165,33782,6160,155881
2020-06-04 09:42:50.110000,6173.81,6170,84030,6175,81154,6165,33782,6160,155881
2020-06-04 09:42:51.200000,6173.81,6170,84030,6175,81154,6165,33788,6160,159881
2020-06-04 09:42:51.390000,6173.81,6170,83930,6175,81154,6165,33789,6160,159881
2020-06-04 09:42:52.170000,6173.81,6170,71464,6175,67753,6165,35789,6160,157881
2020-06-04 09:42:53.230000,6173.81,6170,65564,6175,67753,6165,41038,6160,157881
2020-06-04 09:42:53.400000,6173.81,6170,71563,6175,74619,6165,39038,6160,159881
2020-06-04 09:42:54.330000,6173.81,6170,86463,6175,80619,6165,39038,6160,159881
2020-06-04 09:42:55.330000,6173.81,6170,85863,6175,80619,6165,39038,6160,159881
2020-06-04 09:42:55.470000,6173.81,6170,85862,6175,80619,6165,39038,6160,159881
2020-06-04 09:42:56.700000,6173.81,6170,96862,6175,74619,6165,32038,6160,159883
2020-06-04 09:42:57.530000,6174.36,6165,56807,6170,84953,6160,155722,6155,133960
2020-06-04 09:42:58.570000,6173.27,6165,62407,6170,74323,6160,135256,6155,133960
2020-06-04 09:42:58.930000,6170.55,6165,60357,6170,74323,6160,135256,6155,133960
2020-06-04 09:43:00.100000,6170.55,6165,65364,6170,74323,6160,135282,6155,135960
2020-06-04 09:43:00.620000,6170.55,6165,82089,6170,81189,6160,121531,6155,135960
2020-06-04 09:43:01.700000,6170.55,6165,76011,6170,87189,6160,116531,6155,135960
2020-06-04 09:43:02.230000,6170.55,6165,84510,6170,81189,6160,116531,6155,135960
2020-06-04 09:43:03.210000,6170.55,6165,87509,6170,81189,6160,116531,6155,135960
2020-06-04 09:43:04.340000,6170.55,6165,81508,6170,74323,6160,121531,6155,135960
2020-06-04 09:43:04.680000,6170.55,6165,87508,6170,81189,6160,121531,6155,135960
2020-06-04 09:43:05.870000,6170.55,6165,87507,6170,80654,6160,121531,6155,135960
2020-06-04 09:43:06.020000,6170.55,6165,84508,6170,80654,6160,121531,6155,135960
2020-06-04 09:43:06.930000,6168.37,6165,84308,6170,80654,6160,116531,6155,135960
2020-06-04 09:43:07.200000,6167.83,6165,84307,6170,80654,6160,121531,6155,135960
2020-06-04 09:43:07.910000,6168.37,6165,84347,6170,80654,6160,121531,6155,135960
2020-06-04 09:43:08.520000,6168.37,6165,76347,6170,86654,6160,121531,6155,135960
2020-06-04 09:43:09.570000,6168.37,6165,76346,6170,86654,6160,121531,6155,135960
2020-06-04 09:43:10.600000,6168.37,6165,76346,6170,86654,6160,121531,6155,135960
2020-06-04 09:43:10.840000,6168.37,6165,76346,6170,86654,6160,121531,6155,135960
2020-06-04 09:43:11.600000,6168.37,6165,76345,6170,86654,6160,121530,6155,135960
2020-06-04 09:43:12.130000,6168.37,6165,76345,6170,86654,6160,123530,6155,135960
2020-06-04 09:43:12.760000,6168.37,6165,76345,6170,86654,6160,123530,6155,135960
2020-06-04 09:43:13.770000,6168.37,6165,81344,6170,86654,6160,118530,6155,135960
2020-06-04 09:43:13.940000,6168.37,6165,81343,6170,86654,6160,123530,6155,135960
2020-06-04 09:43:14.770000,6168.37,6165,81343,6170,86654,6160,123530,6155,135960
2020-06-04 09:43:15.020000,6168.37,6165,79193,6170,86654,6160,123530,6155,135960
2020-06-04 09:43:15.800000,6168.37,6165,76193,6170,86654,6160,123530,6155,135960
2020-06-04 09:43:16.290000,6168.37,6165,76193,6170,86654,6160,123530,6155,134560
2020-06-04 09:43:17.400000,6168.37,6165,76193,6170,86654,6160,123580,6155,134560
2020-06-04 09:43:17.600000,6168.37,6165,28569,6170,73788,6160,131006,6155,132560
2020-06-04 09:43:18.550000,6168.37,6170,70092,6175,73154,6165,299,6160,154072
2020-06-04 09:43:18.930000,6171.64,6170,63092,6175,75154,6165,32190,6160,154094
2020-06-04 09:43:19.630000,6171.64,6170,70091,6175,73154,6165,12155,6160,154094
2020-06-04 09:43:20.610000,6171.64,6165,26442,6170,73787,6160,135828,6155,122560
2020-06-04 09:43:21.680000,6171.64,6165,47349,6170,74322,6160,128628,6155,124560
2020-06-04 09:43:22.070000,6171.64,6165,47257,6170,74322,6160,128678,6155,124560
2020-06-04 09:43:22.660000,6171.64,6165,42857,6170,74322,6160,128678,6155,124560
2020-06-04 09:43:23.690000,6171.64,6165,49373,6170,74322,6160,128681,6155,124560
2020-06-04 09:43:23.830000,6171.64,6165,49383,6170,74322,6160,128681,6155,124560
2020-06-04 09:43:24.800000,6171.64,6165,48218,6170,74322,6160,130881,6155,122580
2020-06-04 09:43:24.960000,6171.64,6165,48718,6170,74322,6160,129841,6155,122580
2020-06-04 09:43:25.860000,6171.64,6165,6323,6170,70626,6160,151307,6155,122602
2020-06-04 09:43:26.300000,6170.55,6170,63626,6175,74619,6165,2000,6160,153107
2020-06-04 09:43:26.920000,6170.55,6165,1281,6170,70626,6160,155190,6155,122602
2020-06-04 09:43:27.890000,6170.01,6165,27553,6170,74322,6160,155190,6155,122603
2020-06-04 09:43:28.060000,6170.55,6165,27552,6170,74322,6160,155190,6155,122603
2020-06-04 09:43:28.920000,6170.55,6165,26453,6170,74322,6160,133724,6155,122603
2020-06-04 09:43:29.190000,6170.55,6170,63626,6175,74619,6165,20489,6160,152190
2020-06-04 09:43:30.020000,6170.55,6170,63625,6175,74619,6165,22489,6160,152220
