time,nav,sell1,sell1_cnt,sell2,sell2_cnt,buy1,buy1_cnt,buy2,buy2_cnt
2020-06-12 09:46:50.31,0.0,6180,24607,6185,151683,6175,74427,6170,90518
2020-06-12 09:46:50.73,6183.58,6180,27667,6185,154690,6175,74427,6170,90318
2020-06-12 09:46:51.62,6183.58,6180,33615,6185,154609,6175,74427,6170,90318
2020-06-12 09:46:52.56,6183.58,6180,30751,6185,154609,6175,75888,6170,88357
2020-06-12 09:46:53.62,6183.58,6180,31437,6185,154619,6175,85182,6170,88367
2020-06-12 09:46:54.56,6183.58,6180,30366,6185,154619,6175,85182,6170,88367
2020-06-12 09:46:55.42,6183.58,6180,62242,6185,154639,6175,83721,6170,90328
2020-06-12 09:46:56.29,6183.58,6180,73017,6185,154661,6175,83721,6170,90328
2020-06-12 09:46:58.69,6182.57,6180,61351,6185,152700,6175,89682,6170,90367
2020-06-12 09:46:58.97,6182.57,6180,56600,6185,135791,6175,91469,6170,90367
2020-06-12 09:46:59.45,6184.08,6180,41210,6185,135791,6175,111398,6170,91338
2020-06-12 09:47:00.42,6184.08,6180,39891,6185,135791,6175,119406,6170,91338
2020-06-12 09:47:01.25,6184.08,6180,42946,6185,135791,6175,109467,6170,111338
2020-06-12 09:47:02.23,6184.08,6180,43244,6185,135791,6175,109482,6170,116324
2020-06-12 09:47:03.28,6185.09,6180,41373,6185,135891,6175,115477,6170,110324
2020-06-12 09:47:04.39,6185.09,6180,25922,6185,128130,6175,127177,6170,110324
2020-06-12 09:47:05.01,6185.09,6180,25722,6185,136124,6175,120572,6170,110324
2020-06-12 09:47:06.00,6185.09,6180,28688,6185,128130,6175,120572,6170,110324
2020-06-12 09:47:07.06,6185.09,6180,39251,6185,136174,6175,120578,6170,110374
2020-06-12 09:47:08.11,6185.09,6180,57865,6185,136174,6175,120578,6170,110374
2020-06-12 09:47:08.73,6186.09,6180,44522,6185,136174,6175,120573,6170,110374
2020-06-12 09:47:09.72,6186.6,6180,44506,6185,128180,6175,120573,6170,90374
2020-06-12 09:47:10.81,6186.6,6180,71604,6185,136180,6175,105780,6170,90375
2020-06-12 09:47:11.87,6186.6,6180,66097,6185,136180,6175,86864,6170,90375
2020-06-12 09:47:12.90,6186.6,6180,92837,6185,148050,6175,57258,6170,90190
2020-06-12 09:47:13.98,6186.6,6180,88734,6185,139230,6175,63219,6170,89258
2020-06-12 09:47:15.01,6186.6,6180,93934,6185,151100,6175,61340,6170,89137
2020-06-12 09:47:16.01,6186.6,6180,96371,6185,163110,6175,57465,6170,89137
2020-06-12 09:47:16.45,6186.6,6180,101411,6185,163110,6175,57475,6170,89137
2020-06-12 09:47:17.60,6185.09,6180,102832,6185,163110,6175,60470,6170,89137
2020-06-12 09:47:18.65,6182.57,6180,104367,6185,163110,6175,60450,6170,89037
2020-06-12 09:47:19.73,6182.07,6180,109067,6185,163110,6175,60145,6170,88037
2020-06-12 09:47:20.04,6183.58,6180,130131,6185,163110,6175,31057,6170,87020
2020-06-12 09:47:20.84,6183.58,6175,32124,6180,127131,6170,82014,6165,62116
2020-06-12 09:47:21.90,6183.58,6175,25892,6180,123131,6170,95387,6165,62116
2020-06-12 09:47:22.95,6183.58,6175,29034,6180,119848,6170,51746,6165,61116
2020-06-12 09:47:23.52,6183.58,6175,32008,6180,116607,6170,67314,6165,61116
2020-06-12 09:47:24.54,6183.58,6175,32153,6180,116629,6170,51682,6165,61116
2020-06-12 09:47:25.59,6183.58,6175,35618,6180,117229,6170,49682,6165,63116
2020-06-12 09:47:26.63,6183.58,6175,39303,6180,109413,6170,49682,6165,63116
2020-06-12 09:47:27.05,6183.58,6175,41703,6180,109413,6170,69691,6165,63116
2020-06-12 09:47:28.21,6181.56,6175,29129,6180,99149,6170,72691,6165,63116
2020-06-12 09:47:29.26,6180.56,6175,44609,6180,99249,6170,77693,6165,63116
2020-06-12 09:47:30.27,6180.56,6175,64614,6180,99249,6170,77693,6165,63116
2020-06-12 09:47:31.30,6182.07,6175,49864,6180,95249,6170,77693,6165,63116
2020-06-12 09:47:31.82,6182.07,6175,65214,6180,99449,6170,77693,6165,63116
2020-06-12 09:47:32.91,6182.07,6175,60274,6180,99456,6170,77694,6165,63116
2020-06-12 09:47:34.02,6182.07,6175,44924,6180,96162,6170,77494,6165,63116
2020-06-12 09:47:35.08,6182.07,6175,65794,6180,100162,6170,33321,6165,63116
2020-06-12 09:47:36.14,6182.07,6175,80794,6180,105162,6170,40815,6165,63116
2020-06-12 09:47:36.74,6182.07,6175,78621,6180,107541,6170,60724,6165,63116
2020-06-12 09:47:37.71,6181.06,6175,78621,6180,107561,6170,113724,6165,63116
2020-06-12 09:47:38.78,6182.07,6175,73473,6180,107561,6170,96365,6165,63116
2020-06-12 09:47:39.35,6182.07,6175,73473,6180,107611,6170,99912,6165,63116
2020-06-12 09:47:40.39,6180.05,6175,73475,6180,107611,6170,96912,6165,63116
2020-06-12 09:47:41.44,6180.05,6175,72975,6180,107611,6170,95912,6165,63116
2020-06-12 09:47:42.50,6180.05,6175,107529,6180,78611,6170,90913,6165,63109
2020-06-12 09:47:43.52,6180.05,6175,98529,6180,85611,6170,91005,6165,63109
2020-06-12 09:47:44.58,6180.05,6175,97529,6180,84631,6170,89732,6165,63110
2020-06-12 09:47:45.64,6180.05,6175,97330,6180,84631,6170,89732,6165,63110
2020-06-12 09:47:46.19,6180.05,6175,92570,6180,81631,6170,89932,6165,63110
2020-06-12 09:47:47.20,6180.05,6175,94286,6180,81631,6170,89932,6165,63110
2020-06-12 09:47:48.27,6179.55,6175,94402,6180,81631,6170,89932,6165,63110
2020-06-12 09:47:48.70,6180.05,6175,94327,6180,81831,6170,86932,6165,63110
2020-06-12 09:47:49.95,6180.05,6175,93571,6180,100703,6170,86932,6165,63110
2020-06-12 09:47:50.33,6180.05,6175,86513,6180,80833,6170,86932,6165,63110
2020-06-12 09:47:51.51,6180.05,6175,68374,6180,81833,6170,87032,6165,63110
2020-06-12 09:47:52.53,6180.05,6175,65545,6180,81833,6170,87032,6165,63110
2020-06-12 09:47:53.61,6180.05,6175,62607,6180,81833,6170,87032,6165,63110
2020-06-12 09:47:54.69,6180.05,6175,63707,6180,94428,6170,87032,6165,63110
2020-06-12 09:47:55.75,6180.05,6175,68704,6180,93229,6170,87532,6165,64110
2020-06-12 09:47:56.79,6180.05,6175,64204,6180,95268,6170,87512,6165,64110
2020-06-12 09:47:57.76,6179.55,6175,65704,6180,95268,6170,87512,6165,64110
2020-06-12 09:47:58.26,6179.55,6175,55704,6180,97168,6170,77522,6165,64110
2020-06-12 09:47:59.45,6179.55,6175,59381,6180,76259,6170,82527,6165,64110
2020-06-12 09:47:59.97,6179.55,6175,58622,6180,77018,6170,82527,6165,64110
2020-06-12 09:48:01.04,6179.05,6175,58622,6180,80018,6170,77527,6165,69495
2020-06-12 09:48:02.07,6179.05,6175,72143,6180,83018,6170,77527,6165,69495
2020-06-12 09:48:03.14,6179.05,6175,71885,6180,96927,6170,77532,6165,69495
2020-06-12 09:48:03.82,6179.05,6175,69710,6180,97927,6170,77432,6165,69495
2020-06-12 09:48:04.79,6179.05,6175,69711,6180,97927,6170,77432,6165,69495
2020-06-12 09:48:05.72,6179.05,6175,69701,6180,97927,6170,77457,6165,69495
2020-06-12 09:48:06.88,6179.05,6175,85895,6180,97927,6170,77497,6165,69495
2020-06-12 09:48:07.93,6178.54,6175,95208,6180,95889,6170,77497,6165,67495
2020-06-12 09:48:08.94,6178.54,6175,91308,6180,106928,6170,77997,6165,69495
2020-06-12 09:48:10.02,6178.54,6175,91530,6180,106928,6170,77997,6165,69495
2020-06-12 09:48:10.96,6178.54,6175,91530,6180,106928,6170,77997,6165,69495
2020-06-12 09:48:11.39,6178.54,6175,88119,6180,107928,6170,74856,6165,69495
2020-06-12 09:48:12.60,6178.54,6175,89631,6180,108008,6170,74856,6165,69595
2020-06-12 09:48:13.58,6178.54,6175,89921,6180,109969,6170,74855,6165,69595
2020-06-12 09:48:13.94,6178.54,6175,88412,6180,109991,6170,74755,6165,69595
2020-06-12 09:48:15.12,6178.54,6175,88312,6180,91121,6170,74815,6165,69595
2020-06-12 09:48:16.33,6178.54,6175,88370,6180,91121,6170,74900,6165,69595
2020-06-12 09:48:17.55,6178.54,6175,82843,6180,92950,6170,74400,6165,69595
2020-06-12 09:48:18.62,6179.05,6175,82858,6180,75619,6170,75650,6165,69595
2020-06-12 09:48:19.62,6179.05,6175,87758,6180,89528,6170,73133,6165,69595
2020-06-12 09:48:20.73,6179.05,6175,75060,6180,91090,6170,69135,6165,67595
2020-06-12 09:48:21.79,6179.05,6175,75384,6180,94090,6170,66635,6165,67595
2020-06-12 09:48:22.86,6179.05,6175,75384,6180,94090,6170,66635,6165,67595
2020-06-12 09:48:23.90,6179.05,6175,73539,6180,94090,6170,70000,6165,67595
2020-06-12 09:48:24.93,6179.05,6175,77735,6180,94090,6170,66000,6165,67595
2020-06-12 09:48:25.93,6179.05,6175,77735,6180,94090,6170,66000,6165,67595
2020-06-12 09:48:26.23,6179.05,6175,81719,6180,90266,6170,64820,6165,68791
2020-06-12 09:48:27.13,6178.04,6175,83277,6180,97266,6170,45629,6165,68841
2020-06-12 09:48:27.96,6177.54,6175,83919,6180,93766,6170,45629,6165,68841
2020-06-12 09:48:29.16,6177.54,6175,94228,6180,93422,6170,5148,6165,66841
2020-06-12 09:48:29.63,6177.54,6170,41370,6175,99531,6165,66841,6160,89714
2020-06-12 09:48:30.76,6176.03,6170,44770,6175,97658,6165,66841,6160,89714
2020-06-12 09:48:31.82,6176.03,6170,45968,6175,97658,6165,65266,6160,89714
2020-06-12 09:48:32.75,6176.03,6170,46254,6175,97658,6165,65266,6160,89714
2020-06-12 09:48:33.16,6176.03,6170,46254,6175,98663,6165,65266,6160,89698
2020-06-12 09:48:34.35,6176.03,6170,46254,6175,106663,6165,65266,6160,89698
2020-06-12 09:48:35.43,6176.03,6170,46354,6175,105051,6165,65266,6160,89698
2020-06-12 09:48:35.93,6176.03,6170,46354,6175,105056,6165,37489,6160,89748
2020-06-12 09:48:37.03,6176.03,6170,62301,6175,105006,6165,37189,6160,89748
2020-06-12 09:48:38.08,6176.53,6170,67301,6175,100006,6165,37189,6160,89748
2020-06-12 09:48:39.11,6175.02,6170,67801,6175,101006,6165,40187,6160,89749
2020-06-12 09:48:40.21,6175.02,6170,68351,6175,116792,6165,47807,6160,89749
2020-06-12 09:48:41.25,6175.02,6170,72351,6175,115792,6165,43911,6160,91069
2020-06-12 09:48:41.83,6175.02,6170,68461,6175,119792,6165,41993,6160,89069
2020-06-12 09:48:42.81,6175.02,6170,68461,6175,103922,6165,42772,6160,89873
2020-06-12 09:48:43.78,6175.02,6170,68462,6175,100922,6165,42772,6160,89873
2020-06-12 09:48:44.80,6175.02,6170,67462,6175,114831,6165,42122,6160,89873
2020-06-12 09:48:45.83,6175.02,6170,71462,6175,112792,6165,41026,6160,91069
2020-06-12 09:48:46.30,6175.02,6170,70178,6175,119792,6165,5149,6160,89069
2020-06-12 09:48:47.53,6172.5,6165,1200,6170,84142,6160,89569,6155,78856
2020-06-12 09:48:48.58,6173.51,6165,10838,6170,79147,6160,95073,6155,78856
2020-06-12 09:48:48.92,6171.5,6170,75147,6175,114788,6165,241,6160,95073
2020-06-12 09:48:50.16,6171.5,6165,18449,6170,79147,6160,95073,6155,78856
2020-06-12 09:48:50.73,6170.99,6165,22065,6170,83147,6160,72164,6155,78856
2020-06-12 09:48:51.72,6170.99,6165,15665,6170,98554,6160,64256,6155,78680
2020-06-12 09:48:52.76,6170.99,6165,15765,6170,85145,6160,62156,6155,79802
2020-06-12 09:48:53.79,6170.99,6165,15865,6170,85345,6160,62256,6155,79802
2020-06-12 09:48:54.12,6170.99,6165,19488,6170,88346,6160,62241,6155,79802
2020-06-12 09:48:54.93,6170.99,6165,23325,6170,104266,6160,56388,6155,79802
2020-06-12 09:48:55.89,6170.99,6165,19850,6170,104266,6160,56398,6155,79802
2020-06-12 09:48:56.93,6170.99,6165,19882,6170,65397,6160,42914,6155,79802
2020-06-12 09:48:57.53,6169.99,6165,19886,6170,65357,6160,42815,6155,79802
2020-06-12 09:48:58.48,6167.97,6165,22526,6170,65357,6160,47802,6155,74802
2020-06-12 09:48:59.46,6170.99,6165,22526,6170,65357,6160,47798,6155,74902
2020-06-12 09:49:00.60,6170.99,6165,23026,6170,65357,6160,50798,6155,74905
2020-06-12 09:49:01.64,6170.99,6165,22626,6170,49150,6160,50394,6155,74905
2020-06-12 09:49:02.60,6170.99,6165,42913,6170,53050,6160,47393,6155,74971
2020-06-12 09:49:03.03,6170.99,6165,42897,6170,68959,6160,45519,6155,74971
2020-06-12 09:49:03.93,6170.99,6165,42897,6170,68959,6160,40424,6155,74971
2020-06-12 09:49:04.72,6170.99,6165,42897,6170,71959,6160,38302,6155,76076
2020-06-12 09:49:05.90,6170.99,6165,52901,6170,73920,6160,32982,6155,76076
2020-06-12 09:49:06.47,6170.99,6165,79435,6170,69920,6160,31581,6155,77272
2020-06-12 09:49:07.55,6171.5,6165,75471,6170,73942,6160,32223,6155,77076
2020-06-12 09:49:08.55,6169.48,6165,75471,6170,73942,6160,41975,6155,77076
2020-06-12 09:49:09.63,6168.48,6165,75472,6170,73981,6160,44791,6155,77076
2020-06-12 09:49:10.10,6168.48,6165,75472,6170,73981,6160,44291,6155,77076
2020-06-12 09:49:11.19,6168.48,6165,79375,6170,75922,6160,34111,6155,78472
2020-06-12 09:49:12.28,6168.48,6165,87457,6170,75923,6160,16125,6155,73372
2020-06-12 09:49:13.35,6168.48,6160,17155,6165,87457,6155,78872,6150,123771
2020-06-12 09:49:13.83,6168.48,6160,14305,6165,87457,6155,78872,6150,123771
2020-06-12 09:49:14.86,6168.48,6160,2600,6165,87457,6155,81872,6150,125035
2020-06-12 09:49:15.94,6168.48,6165,84550,6170,73525,6160,13999,6155,81872
2020-06-12 09:49:16.99,6168.48,6165,84550,6170,73525,6160,15089,6155,83337
2020-06-12 09:49:17.45,6166.97,6165,98242,6170,73525,6160,15627,6155,88337
2020-06-12 09:49:18.55,6166.97,6165,101849,6170,74188,6160,2091,6155,88337
2020-06-12 09:49:19.61,6166.97,6165,101849,6170,74188,6160,2135,6155,88337
2020-06-12 09:49:20.06,6166.97,6160,9930,6165,101849,6155,88340,6150,125845
2020-06-12 09:49:21.23,6166.97,6160,11030,6165,101849,6155,68621,6150,125845
2020-06-12 09:49:21.86,6166.97,6160,17930,6165,101849,6155,68611,6150,125846
2020-06-12 09:49:22.75,6166.97,6160,19830,6165,115758,6155,58877,6150,125846
2020-06-12 09:49:23.84,6166.97,6160,22090,6165,120719,6155,53877,6150,125846
2020-06-12 09:49:24.39,6166.97,6160,22090,6165,118758,6155,43801,6150,125846
2020-06-12 09:49:25.42,6166.97,6160,47876,6165,96532,6155,43791,6150,125846
2020-06-12 09:49:26.44,6166.97,6160,47976,6165,94471,6155,43791,6150,126008
2020-06-12 09:49:26.92,6166.97,6160,47976,6165,94471,6155,42736,6150,127213
2020-06-12 09:49:28.06,6164.95,6160,44002,6165,98436,6155,42741,6150,127213
2020-06-12 09:49:29.09,6163.44,6160,48502,6165,94436,6155,41706,6150,128159
2020-06-12 09:49:29.69,6163.44,6160,53401,6165,91397,6155,35506,6150,129355
2020-06-12 09:49:30.73,6162.94,6160,53501,6165,75197,6155,35606,6150,129355
2020-06-12 09:49:31.81,6162.94,6160,53501,6165,73236,6155,45412,6150,128159
2020-06-12 09:49:32.84,6162.94,6160,67998,6165,78497,6155,35016,6150,127355
2020-06-12 09:49:33.36,6162.94,6160,77074,6165,74497,6155,34512,6150,126355
2020-06-12 09:49:34.34,6162.94,6160,76074,6165,74497,6155,34731,6150,126355
2020-06-12 09:49:34.92,6162.94,6160,76074,6165,74497,6155,35299,6150,124355
2020-06-12 09:49:36.01,6162.94,6160,76074,6165,74497,6155,39299,6150,122156
2020-06-12 09:49:36.53,6162.94,6160,76074,6165,74597,6155,41495,6150,120960
2020-06-12 09:49:37.59,6162.94,6160,66796,6165,59727,6155,43087,6150,120960
2020-06-12 09:49:38.65,6162.94,6160,91065,6165,71697,6155,33341,6150,122156
2020-06-12 09:49:39.17,6164.45,6160,91066,6165,71921,6155,34341,6150,122156
2020-06-12 09:49:40.18,6164.45,6160,91324,6165,74922,6155,32987,6150,120156
2020-06-12 09:49:40.85,6162.94,6160,91324,6165,74922,6155,33207,6150,120326
2020-06-12 09:49:41.85,6162.94,6160,100500,6165,74972,6155,17857,6150,120326
2020-06-12 09:49:42.82,6162.94,6155,18980,6160,100500,6150,119829,6145,89964
2020-06-12 09:49:43.84,6162.94,6155,11280,6160,100500,6150,118863,6145,89964
2020-06-12 09:49:44.87,6162.94,6155,21758,6160,100700,6150,121063,6145,89972
2020-06-12 09:49:45.46,6162.94,6155,26688,6160,95750,6150,124063,6145,89972
2020-06-12 09:49:46.40,6162.94,6155,27188,6160,91850,6150,124063,6145,89972
2020-06-12 09:49:47.55,6161.93,6155,39057,6160,95850,6150,104154,6145,89972
2020-06-12 09:49:48.04,6161.93,6155,39142,6160,95850,6150,101154,6145,89972
2020-06-12 09:49:49.10,6161.93,6155,39163,6160,79617,6150,101154,6145,89972
2020-06-12 09:49:49.63,6160.42,6155,39143,6160,79817,6150,101178,6145,92972
2020-06-12 09:49:50.65,6160.42,6155,39163,6160,79927,6150,118087,6145,92972
2020-06-12 09:49:51.62,6160.42,6155,57297,6160,79927,6150,112933,6145,92972
2020-06-12 09:49:51.90,6160.42,6155,60341,6160,79932,6150,112933,6145,92972
2020-06-12 09:49:52.77,6160.42,6155,60453,6160,79932,6150,101633,6145,92972
2020-06-12 09:49:53.79,6160.42,6155,55722,6160,79932,6150,91109,6145,93472
2020-06-12 09:49:54.30,6160.42,6155,55717,6160,93841,6150,88409,6145,93472
2020-06-12 09:49:55.36,6160.42,6155,55717,6160,96841,6150,83822,6145,93472
2020-06-12 09:49:55.94,6160.42,6155,55719,6160,98802,6150,83822,6145,93472
2020-06-12 09:49:56.96,6160.42,6155,64719,6160,92841,6150,83872,6145,93472
2020-06-12 09:49:57.96,6160.93,6155,64719,6160,92841,6150,82772,6145,94472
2020-06-12 09:49:58.44,6159.42,6155,60737,6160,96841,6150,79066,6145,94472
2020-06-12 09:49:59.60,6158.91,6155,55737,6160,79932,6150,79066,6145,94472
2020-06-12 09:50:00.64,6158.91,6155,50921,6160,79932,6150,75632,6145,94472
2020-06-12 09:50:01.71,6158.91,6155,54371,6160,92841,6150,83216,6145,94472
2020-06-12 09:50:02.72,6158.91,6155,59824,6160,92841,6150,43015,6145,94622
2020-06-12 09:50:03.13,6158.91,6155,59824,6160,92841,6150,43015,6145,94622
2020-06-12 09:50:04.31,6158.91,6155,50830,6160,79932,6150,47845,6145,94792
2020-06-12 09:50:05.35,6158.91,6155,47331,6160,79932,6150,45586,6145,94792
2020-06-12 09:50:05.86,6158.91,6155,56335,6160,79932,6150,45610,6145,94792
2020-06-12 09:50:06.91,6158.91,6155,76522,6160,76654,6150,45660,6145,94792
2020-06-12 09:50:07.94,6158.91,6155,76422,6160,62745,6150,45660,6145,94792
2020-06-12 09:50:08.30,6159.92,6155,76422,6160,62745,6150,45660,6145,94792
2020-06-12 09:50:09.48,6159.92,6155,77412,6160,59750,6150,45560,6145,94792
2020-06-12 09:50:10.03,6159.92,6155,76965,6160,60250,6150,65469,6145,94786
2020-06-12 09:50:11.12,6159.92,6160,56250,6165,69410,6155,27546,6150,73649
2020-06-12 09:50:12.12,6159.92,6160,55049,6165,69410,6155,19038,6150,81312
2020-06-12 09:50:12.53,6159.92,6160,60124,6165,69415,6155,19038,6150,81312
2020-06-12 09:50:13.76,6159.92,6160,56125,6165,69415,6155,24038,6150,81312
2020-06-12 09:50:14.69,6159.42,6160,56125,6165,69415,6155,24038,6150,81312
2020-06-12 09:50:15.72,6159.42,6160,40615,6165,69415,6155,28065,6150,82216
2020-06-12 09:50:16.25,6159.42,6160,45615,6165,69415,6155,22971,6150,81189
2020-06-12 09:50:17.40,6160.93,6160,43615,6165,69415,6155,23271,6150,83189
2020-06-12 09:50:18.45,6161.43,6160,43615,6165,69415,6155,25370,6150,80989
2020-06-12 09:50:19.40,6163.44,6160,43618,6165,69415,6155,25895,6150,80989
2020-06-12 09:50:19.76,6163.44,6160,43618,6165,69415,6155,26974,6150,80989
2020-06-12 09:50:20.50,6163.44,6160,43718,6165,69415,6155,27074,6150,80989
2020-06-12 09:50:21.57,6163.44,6160,45619,6165,69415,6155,22074,6150,81289
2020-06-12 09:50:22.62,6163.44,6160,49619,6165,69415,6155,5334,6150,81289
2020-06-12 09:50:23.70,6163.44,6155,14980,6160,50121,6150,58380,6145,94840
2020-06-12 09:50:24.17,6163.44,6155,13980,6160,50121,6150,58380,6145,94840
2020-06-12 09:50:25.32,6163.44,6160,46121,6165,69415,6155,20000,6150,82289
2020-06-12 09:50:26.37,6163.44,6160,46121,6165,69415,6155,20510,6150,82289
2020-06-12 09:50:26.92,6163.44,6160,46121,6165,69415,6155,6530,6150,82289
2020-06-12 09:50:27.87,6160.42,6160,46321,6165,69415,6155,6530,6150,82589
2020-06-12 09:50:28.93,6162.44,6160,46321,6165,69415,6155,6530,6150,82589
2020-06-12 09:50:29.34,6161.93,6160,50321,6165,69415,6155,6267,6150,82589
2020-06-12 09:50:30.60,6161.43,6160,50321,6165,69415,6155,6285,6150,83589
2020-06-12 09:50:31.49,6161.43,6160,50246,6165,69415,6155,8256,6150,83589
2020-06-12 09:50:31.93,6161.43,6160,50062,6165,65598,6155,6085,6150,82607
2020-06-12 09:50:32.82,6161.43,6160,50062,6165,65598,6155,6220,6150,82769
2020-06-12 09:50:33.82,6161.43,6160,48062,6165,65598,6155,11245,6150,82769
2020-06-12 09:50:34.85,6161.43,6160,48062,6165,65598,6155,11243,6150,82769
2020-06-12 09:50:35.89,6161.43,6160,52062,6165,65598,6155,6906,6150,82769
2020-06-12 09:50:36.92,6161.43,6155,7929,6160,52062,6150,59860,6145,88331
2020-06-12 09:50:37.46,6161.43,6155,14493,6160,52062,6150,59973,6145,88331
2020-06-12 09:50:38.65,6160.93,6155,20288,6160,66932,6150,54793,6145,88481
2020-06-12 09:50:39.73,6159.42,6155,20298,6160,66932,6150,49793,6145,88301
2020-06-12 09:50:40.71,6159.42,6155,20351,6160,66932,6150,44597,6145,89497
2020-06-12 09:50:41.59,6159.42,6155,20354,6160,66932,6150,44597,6145,87497
2020-06-12 09:50:42.76,6159.42,6155,25478,6160,67432,6150,43427,6145,87497
2020-06-12 09:50:43.82,6159.42,6155,36481,6160,67432,6150,57407,6145,87497
2020-06-12 09:50:44.82,6159.42,6155,40481,6160,67432,6150,40927,6145,85489
2020-06-12 09:50:45.94,6159.42,6150,10149,6155,40481,6145,87989,6140,95434
2020-06-12 09:50:46.97,6159.42,6150,12533,6155,40483,6145,65080,6140,95434
2020-06-12 09:50:48.05,6157.91,6150,16536,6155,52353,6145,52400,6140,95434
2020-06-12 09:50:48.55,6155.39,6150,16236,6155,55350,6145,48400,6140,95434
2020-06-12 09:50:49.55,6154.38,6150,16236,6155,55350,6145,47400,6140,95434
2020-06-12 09:50:50.60,6152.87,6150,18216,6155,55300,6145,49400,6140,95434
2020-06-12 09:50:51.10,6152.87,6150,18216,6155,55300,6145,49400,6140,95434
2020-06-12 09:50:52.25,6152.87,6150,22557,6155,55300,6145,49204,6140,94630
2020-06-12 09:50:53.25,6152.87,6150,22557,6155,55300,6145,49204,6140,91500
2020-06-12 09:50:54.19,6152.87,6150,22557,6155,55300,6145,38204,6140,92500
2020-06-12 09:50:54.66,6152.87,6150,27644,6155,55300,6145,21724,6140,90500
2020-06-12 09:50:55.62,6152.87,6150,27644,6155,55336,6145,39737,6140,92670
2020-06-12 09:50:56.64,6152.87,6150,13059,6155,57375,6145,44934,6140,91474
2020-06-12 09:50:57.64,6152.87,6150,8826,6155,40466,6145,44934,6140,92374
2020-06-12 09:50:58.68,6152.37,6150,23759,6155,40466,6145,39141,6140,92374
2020-06-12 09:50:59.64,6154.89,6150,23759,6155,40466,6145,39141,6140,92374
2020-06-12 09:51:00.76,6154.89,6150,23959,6155,57375,6145,42141,6140,92374
2020-06-12 09:51:01.23,6154.89,6150,23959,6155,43466,6145,44641,6140,92372
2020-06-12 09:51:02.32,6154.89,6150,9370,6155,43466,6145,64650,6140,94372
2020-06-12 09:51:03.31,6154.89,6150,19710,6155,40366,6145,67580,6140,94372
2020-06-12 09:51:04.37,6154.89,6150,16610,6155,39366,6145,77582,6140,94342
2020-06-12 09:51:04.89,6154.89,6150,23914,6155,39366,6145,77582,6140,94342
2020-06-12 09:51:05.92,6154.89,6150,10249,6155,39371,6145,77582,6140,93842
2020-06-12 09:51:07.04,6155.39,6155,35371,6160,63620,6150,18980,6145,82675
2020-06-12 09:51:07.53,6154.89,6155,35371,6160,63620,6150,18780,6145,82675
2020-06-12 09:51:08.62,6155.39,6155,39371,6160,63620,6150,19895,6145,82676
2020-06-12 09:51:09.04,6155.89,6155,39371,6160,63620,6145,79800,6140,93844
2020-06-12 09:51:10.23,6155.89,6150,11141,6155,39371,6145,79905,6140,93844
2020-06-12 09:51:10.68,6155.89,6155,39431,6160,63620,6145,79605,6140,93844
2020-06-12 09:51:11.79,6155.89,6155,35631,6160,63620,6150,18980,6145,82605
2020-06-12 09:51:12.84,6155.89,6155,35631,6160,63620,6150,21480,6145,81605
2020-06-12 09:51:13.90,6155.89,6155,36388,6160,63620,6150,18380,6145,81605
2020-06-12 09:51:14.37,6155.89,6155,36198,6160,68927,6150,6110,6145,81605
2020-06-12 09:51:15.46,6155.89,6155,40198,6160,68927,6150,4500,6145,81605
2020-06-12 09:51:16.51,6155.89,6150,9141,6155,40298,6145,81605,6140,92034
2020-06-12 09:51:17.49,6155.89,6150,9481,6155,40298,6145,81605,6140,92036
2020-06-12 09:51:18.02,6156.9,6150,23461,6155,40303,6145,58696,6140,102036
2020-06-12 09:51:19.16,6154.38,6150,19344,6155,40303,6145,53623,6140,102036
2020-06-12 09:51:20.22,6154.38,6150,25220,6155,40353,6145,76532,6140,102036
2020-06-12 09:51:21.29,6156.4,6150,25120,6155,40353,6145,61214,6140,102036
2020-06-12 09:51:22.35,6156.4,6150,25720,6155,56223,6145,61914,6140,102036
2020-06-12 09:51:23.40,6156.4,6150,25983,6155,59223,6145,59134,6140,102036
2020-06-12 09:51:23.85,6156.4,6150,32833,6155,59223,6145,64025,6140,102200
2020-06-12 09:51:25.00,6156.4,6150,33494,6155,59223,6145,64025,6140,102200
2020-06-12 09:51:26.07,6156.4,6150,28489,6155,40453,6145,64072,6140,102200
2020-06-12 09:51:26.49,6156.4,6150,28390,6155,40453,6145,50072,6140,102200
2020-06-12 09:51:27.61,6154.38,6150,33350,6155,56323,6145,50142,6140,102030
2020-06-12 09:51:28.16,6153.88,6150,33500,6155,43453,6145,50142,6140,102030
2020-06-12 09:51:28.96,6153.88,6150,33206,6155,43453,6145,50242,6140,102030
2020-06-12 09:51:29.86,6153.88,6150,33206,6155,43453,6145,50437,6140,102030
2020-06-12 09:51:31.17,6154.89,6150,28206,6155,40453,6145,49918,6140,102030
2020-06-12 09:51:31.52,6154.89,6150,28306,6155,40453,6145,46918,6140,105030
2020-06-12 09:51:32.43,6154.89,6150,28306,6155,40453,6145,47038,6140,105030
2020-06-12 09:51:33.22,6154.89,6150,33306,6155,59323,6145,47634,6140,105033
2020-06-12 09:51:34.43,6154.89,6150,33306,6155,59328,6145,47634,6140,105033
2020-06-12 09:51:35.06,6154.89,6150,33316,6155,33458,6145,39440,6140,105033
2020-06-12 09:51:36.01,6154.89,6150,37316,6155,42328,6145,45488,6140,105033
2020-06-12 09:51:37.06,6154.89,6150,33316,6155,30476,6145,46032,6140,105033
2020-06-12 09:51:38.14,6154.38,6150,28316,6155,30476,6145,46032,6140,105033
2020-06-12 09:51:38.73,6153.38,6150,32821,6155,26479,6145,46032,6140,105033
2020-06-12 09:51:39.68,6154.89,6150,28981,6155,30419,6145,46070,6140,105033
2020-06-12 09:51:40.71,6155.89,6150,30481,6155,30419,6145,46070,6140,105033
2020-06-12 09:51:41.29,6155.89,6150,15417,6155,30424,6145,73979,6140,105044
2020-06-12 09:51:42.29,6155.89,6150,14356,6155,30424,6145,79052,6140,105044
2020-06-12 09:51:42.88,6155.89,6155,26424,6160,69053,6150,18980,6145,93052
2020-06-12 09:51:43.92,6155.89,6155,26424,6160,69053,6150,35480,6145,93052
2020-06-12 09:51:44.96,6155.89,6155,26424,6160,69053,6150,37541,6145,91091
2020-06-12 09:51:45.43,6155.89,6155,26424,6160,69053,6150,41441,6145,93191
2020-06-12 09:51:46.51,6155.89,6155,17343,6160,70053,6150,41441,6145,93191
2020-06-12 09:51:47.55,6155.89,6155,13652,6160,66053,6150,41946,6145,93191
2020-06-12 09:51:48.04,6157.91,6155,4652,6160,54183,6150,41946,6145,93191
2020-06-12 09:51:49.05,6159.42,6155,9632,6160,73053,6150,41956,6145,93191
2020-06-12 09:51:50.09,6159.42,6155,14194,6160,73053,6150,43958,6145,93391
2020-06-12 09:51:50.46,6159.42,6155,14674,6160,57183,6150,43958,6145,93392
2020-06-12 09:51:51.71,6159.42,6155,16683,6160,70053,6150,44058,6145,93392
2020-06-12 09:51:52.76,6159.42,6155,16683,6160,54184,6150,44058,6145,93432
2020-06-12 09:51:53.29,6159.42,6155,28175,6160,69054,6150,31151,6145,93532
2020-06-12 09:51:54.24,6159.42,6155,29000,6160,69054,6150,26191,6145,93532
2020-06-12 09:51:55.35,6158.91,6155,30358,6160,57184,6150,26191,6145,93532
2020-06-12 09:51:55.72,6158.91,6155,34358,6160,69054,6150,26191,6145,93532
2020-06-12 09:51:56.40,6158.91,6155,34358,6160,69054,6150,26301,6145,93532
2020-06-12 09:51:57.35,6158.91,6155,34358,6160,69054,6150,26213,6145,93532
2020-06-12 09:51:57.79,6158.41,6155,34758,6160,69054,6150,26223,6145,93532
2020-06-12 09:51:58.97,6159.42,6155,30743,6160,72854,6150,26223,6145,93532
2020-06-12 09:51:59.91,6159.42,6155,30743,6160,72854,6150,27223,6145,93542
2020-06-12 09:52:00.13,6159.42,6155,34743,6160,69054,6150,27223,6145,93542
2020-06-12 09:52:01.10,6158.91,6155,35243,6160,69054,6150,23223,6145,91542
2020-06-12 09:52:01.66,6158.91,6155,40309,6160,69054,6150,8681,6145,93503
2020-06-12 09:52:02.71,6158.91,6155,46209,6160,69055,6150,30,6145,93503
2020-06-12 09:52:03.77,6158.91,6150,18990,6155,46210,6145,93519,6140,107706
2020-06-12 09:52:04.24,6158.91,6150,19542,6155,45660,6145,88934,6140,107706
2020-06-12 09:52:05.36,6158.91,6150,24742,6155,41660,6145,46292,6140,107706
2020-06-12 09:52:06.41,6158.91,6150,27232,6155,60530,6145,46202,6140,114152
2020-06-12 09:52:06.92,6158.91,6150,32490,6155,55272,6145,59102,6140,114152
2020-06-12 09:52:07.94,6157.4,6150,32490,6155,55272,6145,59102,6140,114052
2020-06-12 09:52:08.95,6153.88,6150,27290,6155,59272,6145,57904,6140,114052
2020-06-12 09:52:09.31,6154.38,6150,27290,6155,58694,6145,57928,6140,114052
2020-06-12 09:52:10.06,6154.89,6150,27290,6155,42824,6145,57928,6140,114052
2020-06-12 09:52:11.09,6154.89,6150,29190,6155,42824,6145,58003,6140,114052
2020-06-12 09:52:12.17,6154.89,6150,33190,6155,38824,6145,58003,6140,114052
2020-06-12 09:52:13.09,6154.89,6150,4672,6155,57694,6145,58303,6140,114052
2020-06-12 09:52:13.42,6154.89,6150,5803,6155,41814,6145,60035,6140,114052
2020-06-12 09:52:14.25,6154.89,6150,5633,6155,38814,6145,60035,6140,114052
2020-06-12 09:52:15.34,6154.89,6150,11033,6155,38814,6145,60045,6140,114052
2020-06-12 09:52:16.39,6154.89,6150,5633,6155,38814,6145,60045,6140,114052
2020-06-12 09:52:17.42,6154.89,6150,705,6155,38814,6145,87953,6140,114052
2020-06-12 09:52:17.70,6154.89,6150,855,6155,38814,6145,88900,6140,114052
2020-06-12 09:52:18.54,6154.89,6150,14877,6155,36914,6145,69491,6140,114052
2020-06-12 09:52:19.45,6155.39,6150,14877,6155,36914,6145,76491,6140,114052
2020-06-12 09:52:19.86,6155.39,6155,36914,6160,67155,6145,100415,6140,114052
2020-06-12 09:52:20.56,6156.4,6155,37839,6160,67155,6145,100567,6140,114052
2020-06-12 09:52:21.25,6156.4,6150,14880,6155,37839,6145,78243,6140,114052
2020-06-12 09:52:22.20,6156.4,6150,15080,6155,37839,6145,73170,6140,114052
2020-06-12 09:52:23.20,6156.4,6150,15065,6155,72897,6145,71170,6140,115052
2020-06-12 09:52:23.71,6156.4,6150,17665,6155,57027,6145,72670,6140,115352
2020-06-12 09:52:24.82,6156.4,6150,17665,6155,57027,6145,67671,6140,115352
2020-06-12 09:52:25.25,6156.4,6150,17665,6155,54027,6145,67878,6140,115352
2020-06-12 09:52:26.31,6156.4,6150,17665,6155,54027,6145,68154,6140,115352
2020-06-12 09:52:26.76,6156.4,6150,17665,6155,54027,6145,68154,6140,115352
2020-06-12 09:52:27.90,6154.89,6150,24565,6155,57027,6145,69154,6140,115352
2020-06-12 09:52:28.28,6154.89,6150,24565,6155,57027,6145,69154,6140,115352
2020-06-12 09:52:28.96,6155.39,6150,24565,6155,57027,6145,69154,6140,115352
2020-06-12 09:52:30.01,6155.39,6150,24265,6155,57027,6145,72154,6140,115352
2020-06-12 09:52:31.10,6155.39,6150,24265,6155,75897,6145,53593,6140,117313
2020-06-12 09:52:31.45,6155.39,6150,25265,6155,75897,6145,51393,6140,115313
2020-06-12 09:52:32.29,6155.39,6150,25305,6155,75897,6145,51393,6140,111930
2020-06-12 09:52:33.16,6155.39,6150,25705,6155,75497,6145,51393,6140,111932
2020-06-12 09:52:34.22,6155.39,6150,25705,6155,75497,6145,51493,6140,111932
2020-06-12 09:52:34.61,6155.39,6150,28295,6155,75547,6145,51493,6140,107726
2020-06-12 09:52:35.47,6155.39,6150,28305,6155,75547,6145,52655,6140,107726
2020-06-12 09:52:37.44,6153.38,6150,28305,6155,75547,6145,52720,6140,107726
2020-06-12 09:52:37.75,6153.38,6150,28405,6155,75547,6145,52705,6140,109726
2020-06-12 09:52:38.53,6153.38,6150,28405,6155,75547,6145,54554,6140,107765
2020-06-12 09:52:39.61,6153.38,6150,28405,6155,78047,6145,54554,6140,107765
2020-06-12 09:52:40.53,6153.38,6150,28405,6155,78047,6145,52191,6140,107765
2020-06-12 09:52:40.79,6153.38,6150,28605,6155,78047,6145,52191,6140,107765
2020-06-12 09:52:41.65,6153.38,6150,28805,6155,78047,6145,60184,6140,107765
2020-06-12 09:52:42.76,6153.38,6150,23655,6155,59177,6145,72284,6140,107775
2020-06-12 09:52:43.76,6153.38,6150,22455,6155,59197,6145,72291,6140,107775
2020-06-12 09:52:44.26,6153.38,6150,23170,6155,59397,6145,70291,6140,107775
2020-06-12 09:52:45.35,6153.38,6150,9655,6155,59397,6145,95200,6140,107775
2020-06-12 09:52:46.40,6153.38,6150,20670,6155,59397,6145,94550,6140,107775
2020-06-12 09:52:46.82,6153.38,6150,17670,6155,59397,6145,74641,6140,107775
2020-06-12 09:52:47.99,6153.38,6150,17950,6155,59397,6145,71646,6140,107775
2020-06-12 09:52:48.32,6154.38,6150,18950,6155,59397,6145,61546,6140,107775
2020-06-12 09:52:49.49,6155.89,6150,22750,6155,75267,6145,59546,6140,107775
2020-06-12 09:52:49.76,6155.39,6150,18795,6155,62397,6145,66546,6140,107775
2020-06-12 09:52:50.59,6155.39,6150,19487,6155,62397,6145,66546,6140,107775
2020-06-12 09:52:51.54,6155.39,6150,19437,6155,62397,6145,64555,6140,107784
2020-06-12 09:52:52.66,6155.39,6150,19407,6155,59397,6145,66555,6140,107784
2020-06-12 09:52:52.99,6155.39,6150,19357,6155,59397,6145,66505,6140,107784
2020-06-12 09:52:53.76,6155.39,6150,19357,6155,59397,6145,66510,6140,107784
2020-06-12 09:52:54.71,6155.39,6150,19057,6155,59397,6145,66510,6140,108284
2020-06-12 09:52:55.29,6155.39,6150,19057,6155,59397,6145,76510,6140,108275
2020-06-12 09:52:56.41,6155.39,6155,59397,6160,69005,6150,27672,6145,104491
2020-06-12 09:52:56.85,6155.39,6155,55447,6160,69005,6150,27472,6145,104491
2020-06-12 09:52:57.96,6155.39,6155,55447,6160,69005,6150,27472,6145,104491
2020-06-12 09:52:58.93,6155.89,6155,55447,6160,69005,6150,29176,6145,104317
2020-06-12 09:52:59.16,6157.4,6155,55447,6160,69005,6150,30846,6145,103317
2020-06-12 09:53:00.12,6157.4,6155,59447,6160,69005,6150,16866,6145,103402
2020-06-12 09:53:01.16,6156.9,6155,59447,6160,69005,6150,13019,6145,102902
2020-06-12 09:53:02.19,6156.9,6155,59448,6160,69005,6150,13019,6145,102902
2020-06-12 09:53:02.74,6156.9,6155,55458,6160,69005,6150,31149,6145,102902
2020-06-12 09:53:03.83,6156.9,6155,55458,6160,69005,6150,30545,6145,103912
2020-06-12 09:53:04.91,6156.9,6155,55458,6160,69005,6150,30545,6145,103912
2020-06-12 09:53:05.46,6156.9,6155,54458,6160,69206,6150,34095,6145,105912
2020-06-12 09:53:06.52,6156.9,6155,44377,6160,69206,6150,41057,6145,103951
2020-06-12 09:53:07.57,6156.9,6155,44377,6160,50336,6150,43057,6145,103987
2020-06-12 09:53:08.63,6158.41,6155,44377,6160,50336,6150,43057,6145,104037
2020-06-12 09:53:09.32,6158.41,6155,44377,6160,66206,6150,41057,6145,104037
2020-06-12 09:53:10.42,6158.41,6155,44377,6160,53336,6150,59325,6145,104037
2020-06-12 09:53:11.47,6158.41,6155,44277,6160,82825,6150,59358,6145,104254
2020-06-12 09:53:12.47,6158.41,6155,44317,6160,95695,6150,57471,6145,104254
2020-06-12 09:53:13.33,6158.41,6155,54498,6160,95695,6150,10,6145,104215
2020-06-12 09:53:14.37,6158.41,6155,54598,6160,95695,6150,19182,6145,104215
2020-06-12 09:53:15.06,6158.41,6155,53623,6160,98695,6150,19382,6145,110230
2020-06-12 09:53:15.92,6158.41,6155,53623,6160,98695,6150,19220,6145,111392
2020-06-12 09:53:17.07,6158.41,6155,53623,6160,98695,6150,28181,6145,109431
2020-06-12 09:53:17.53,6159.42,6155,48542,6160,95695,6150,26181,6145,109431
2020-06-12 09:53:18.59,6156.9,6155,41243,6160,95695,6150,28181,6145,109431
2020-06-12 09:53:19.06,6158.91,6155,41543,6160,95695,6150,26181,6145,109431
2020-06-12 09:53:20.79,6158.91,6155,46543,6160,98695,6150,22181,6145,109431
2020-06-12 09:53:21.09,6158.91,6155,46543,6160,98695,6150,26181,6145,109431
2020-06-12 09:53:21.84,6158.91,6155,46543,6160,98695,6150,22181,6145,109431
2020-06-12 09:53:22.87,6158.91,6155,46243,6160,98695,6150,26181,6145,109451
2020-06-12 09:53:23.42,6158.91,6155,46243,6160,98695,6150,29181,6145,109289
2020-06-12 09:53:24.34,6158.91,6155,46443,6160,98695,6150,43451,6145,109289
2020-06-12 09:53:24.79,6158.91,6155,41187,6160,98695,6150,43501,6145,109289
2020-06-12 09:53:25.46,6158.91,6155,39561,6160,98695,6150,44315,6145,109177
2020-06-12 09:53:26.49,6158.91,6155,39541,6160,98695,6150,44315,6145,109177
2020-06-12 09:53:26.76,6158.91,6155,39541,6160,98695,6150,44315,6145,109177
2020-06-12 09:53:27.56,6158.41,6155,39539,6160,98695,6150,44365,6145,109177
2020-06-12 09:53:28.13,6159.42,6155,39539,6160,79825,6150,46828,6145,109177
2020-06-12 09:53:29.29,6159.42,6155,37027,6160,79825,6150,46828,6145,109177
2020-06-12 09:53:29.65,6159.42,6155,13867,6160,79825,6150,71816,6145,109177
2020-06-12 09:53:30.85,6160.93,6160,79825,6165,68387,6155,24287,6150,74978
2020-06-12 09:53:31.91,6160.93,6160,70750,6165,68387,6155,21002,6150,75095
2020-06-12 09:53:32.90,6160.93,6160,70750,6165,68387,6155,20902,6150,76219
2020-06-12 09:53:33.97,6160.93,6160,70750,6165,68387,6155,20972,6150,76219
2020-06-12 09:53:35.02,6160.93,6160,78438,6165,68387,6155,6919,6150,76421
2020-06-12 09:53:35.49,6160.93,6160,82238,6165,68387,6155,2529,6150,76421
2020-06-12 09:53:36.58,6160.93,6160,74438,6165,68387,6155,16509,6150,76421
2020-06-12 09:53:37.13,6160.93,6160,74438,6165,68387,6155,23509,6150,76421
2020-06-12 09:53:38.16,6162.44,6160,76418,6165,68387,6155,23559,6150,78421
2020-06-12 09:53:39.18,6161.93,6160,76418,6165,68387,6155,23569,6150,78431
2020-06-12 09:53:39.43,6161.93,6160,60150,6165,68387,6155,37059,6150,76470
2020-06-12 09:53:40.29,6164.45,6160,50025,6165,63426,6155,39059,6150,76479
2020-06-12 09:53:41.33,6164.45,6160,50016,6165,49517,6155,39059,6150,76479
2020-06-12 09:53:42.35,6164.45,6160,49939,6165,65387,6155,39059,6150,76499
2020-06-12 09:53:43.36,6164.45,6160,49959,6165,52517,6155,39059,6150,76509
2020-06-12 09:53:43.83,6164.45,6160,53354,6165,53717,6155,39061,6150,76509
2020-06-12 09:53:44.99,6164.45,6160,50500,6165,50717,6155,39061,6150,76509
2020-06-12 09:53:46.00,6164.45,6160,50698,6165,50717,6155,39161,6150,76509
2020-06-12 09:53:46.35,6164.45,6160,53188,6165,50717,6155,39161,6150,77309
2020-06-12 09:53:47.16,6164.45,6160,14178,6165,50717,6155,39161,6150,77309
2020-06-12 09:53:48.17,6165.46,6160,24178,6165,69587,6155,39500,6150,77309
2020-06-12 09:53:49.20,6164.95,6160,27252,6165,69587,6155,39550,6150,77339
2020-06-12 09:53:49.53,6164.95,6160,27081,6165,69587,6155,36750,6150,76765
2020-06-12 09:53:50.16,6164.95,6160,28381,6165,69587,6155,37250,6150,76798
2020-06-12 09:53:51.31,6164.95,6160,26634,6165,69587,6155,38593,6150,76798
2020-06-12 09:53:51.83,6164.95,6160,25295,6165,69587,6155,32623,6150,76798
2020-06-12 09:53:52.89,6164.95,6160,32626,6165,69587,6155,38613,6150,76798
2020-06-12 09:53:53.94,6164.95,6160,12810,6165,50717,6155,38615,6150,76798
2020-06-12 09:53:54.97,6164.95,6160,7810,6165,50717,6155,38615,6150,77298
2020-06-12 09:53:55.97,6164.95,6160,4357,6165,50960,6155,38615,6150,77298
2020-06-12 09:53:56.19,6164.95,6160,8484,6165,50960,6155,38210,6150,77298
2020-06-12 09:53:57.06,6164.95,6160,627,6165,50960,6155,38210,6150,77298
2020-06-12 09:53:58.15,6163.44,6165,56060,6170,72218,6160,18353,6155,66186
2020-06-12 09:53:58.65,6164.45,6165,56060,6170,72218,6155,66186,6150,77298
2020-06-12 09:53:59.61,6166.97,6165,56060,6170,72218,6160,7195,6155,66195
2020-06-12 09:54:00.67,6166.46,6165,56060,6170,72218,6160,7195,6155,66195
2020-06-12 09:54:01.06,6166.46,6160,12048,6165,50960,6155,66195,6150,77307
2020-06-12 09:54:01.88,6166.46,6160,28327,6165,50960,6155,66756,6150,77307
2020-06-12 09:54:02.82,6166.46,6165,60330,6170,67548,6160,1933,6155,63747
2020-06-12 09:54:03.93,6166.46,6165,60330,6170,67548,6160,21129,6155,63747
2020-06-12 09:54:04.94,6166.46,6165,72199,6170,67548,6160,36325,6155,66747
2020-06-12 09:54:05.43,6166.46,6165,72203,6170,67538,6160,36325,6155,66763
2020-06-12 09:54:06.52,6166.46,6165,72203,6170,67538,6160,36984,6155,66761
2020-06-12 09:54:07.55,6166.46,6165,72203,6170,67538,6160,37846,6155,66300
2020-06-12 09:54:08.52,6166.46,6165,72128,6170,63538,6160,37846,6155,66800
2020-06-12 09:54:09.08,6166.46,6165,62097,6170,63538,6160,40848,6155,66801
2020-06-12 09:54:10.21,6166.46,6165,62897,6170,62738,6160,40848,6155,66801
2020-06-12 09:54:11.27,6166.46,6165,50790,6170,62738,6160,41158,6155,66601
2020-06-12 09:54:12.30,6166.46,6165,50790,6170,62738,6160,41158,6155,66602
2020-06-12 09:54:12.75,6166.46,6165,53790,6170,62738,6160,42456,6155,66602
2020-06-12 09:54:13.93,6166.46,6165,65997,6170,62738,6160,28476,6155,66612
2020-06-12 09:54:14.54,6166.46,6165,66239,6170,62738,6160,28708,6155,63612
2020-06-12 09:54:15.47,6166.46,6165,66239,6170,62738,6160,28778,6155,63632
2020-06-12 09:54:16.52,6166.46,6165,66239,6170,62738,6160,28878,6155,63632
2020-06-12 09:54:16.96,6166.46,6165,66239,6170,62738,6160,28878,6155,66632
2020-06-12 09:54:18.03,6167.97,6165,66221,6170,62738,6160,28878,6155,66632
2020-06-12 09:54:18.32,6167.97,6165,71221,6170,62738,6155,46723,6150,87760
2020-06-12 09:54:19.19,6165.46,6160,28080,6165,80793,6155,38638,6150,87760
2020-06-12 09:54:20.16,6165.46,6160,28060,6165,80793,6155,38738,6150,87760
2020-06-12 09:54:20.66,6165.46,6160,28042,6165,80793,6155,38738,6150,87760
2020-06-12 09:54:21.69,6165.46,6160,27964,6165,80793,6155,38738,6150,87760
2020-06-12 09:54:22.25,6165.46,6160,30544,6165,80843,6155,38738,6150,87760
2020-06-12 09:54:23.36,6165.46,6160,30544,6165,80843,6155,36756,6150,87760
2020-06-12 09:54:23.78,6165.46,6160,30544,6165,80843,6155,38926,6150,87760
2020-06-12 09:54:24.94,6165.46,6160,30534,6165,80843,6155,38926,6150,87760
2020-06-12 09:54:25.55,6164.95,6160,33179,6165,80843,6155,36926,6150,87760
2020-06-12 09:54:26.41,6164.95,6160,29553,6165,80893,6155,38926,6150,87760
2020-06-12 09:54:27.45,6164.45,6160,29503,6165,80893,6155,38928,6150,87710
2020-06-12 09:54:27.80,6164.45,6160,29503,6165,80893,6155,41236,6150,87710
2020-06-12 09:54:28.56,6164.45,6160,29503,6165,80893,6155,34436,6150,87710
2020-06-12 09:54:29.66,6164.45,6160,26892,6165,80893,6155,28475,6150,89671
2020-06-12 09:54:30.09,6163.44,6160,23172,6165,80893,6155,27241,6150,71403
2020-06-12 09:54:31.11,6163.44,6160,17917,6165,80893,6155,27241,6150,71403
2020-06-12 09:54:31.53,6163.44,6160,22559,6165,80893,6155,27241,6150,71403
2020-06-12 09:54:32.26,6163.44,6160,21516,6165,80893,6155,27241,6150,71403
2020-06-12 09:54:33.31,6163.44,6160,26524,6165,80893,6155,22241,6150,71403
2020-06-12 09:54:33.92,6163.44,6160,34755,6165,80893,6155,5049,6150,63324
2020-06-12 09:54:34.84,6163.44,6155,39413,6160,34757,6150,70352,6145,104942
2020-06-12 09:54:35.89,6163.44,6155,39413,6160,34757,6150,45792,6145,104942
2020-06-12 09:54:36.28,6163.44,6155,41480,6160,53627,6150,44792,6145,103942
2020-06-12 09:54:37.48,6162.94,6155,41480,6160,53677,6150,44792,6145,103942
2020-06-12 09:54:38.46,6160.93,6155,41480,6160,53677,6150,45842,6145,103942
2020-06-12 09:54:38.75,6159.42,6155,41480,6160,53677,6150,44077,6145,103942
2020-06-12 09:54:39.59,6159.42,6155,41480,6160,53677,6150,47077,6145,103942
2020-06-12 09:54:40.65,6159.42,6155,27500,6160,34807,6150,46733,6145,103764
2020-06-12 09:54:41.23,6159.42,6155,27310,6160,34807,6150,49101,6145,103764
2020-06-12 09:54:42.21,6159.42,6155,27310,6160,34807,6150,48385,6145,103645
2020-06-12 09:54:43.24,6159.42,6155,27800,6160,34807,6150,76370,6145,103645
2020-06-12 09:54:44.26,6159.42,6155,28800,6160,34807,6150,77163,6145,103645
2020-06-12 09:54:45.32,6159.42,6155,28800,6160,30807,6150,76921,6145,103645
2020-06-12 09:54:45.68,6159.42,6155,28800,6160,34808,6150,76921,6145,103645
2020-06-12 09:54:46.88,6159.42,6155,28800,6160,34818,6150,82446,6145,103645
2020-06-12 09:54:47.26,6160.42,6155,28805,6160,34818,6150,82946,6145,103680
2020-06-12 09:54:48.49,6160.42,6155,28805,6160,37818,6150,87946,6145,103680
2020-06-12 09:54:48.96,6160.42,6155,28805,6160,39018,6150,88046,6145,103680
2020-06-12 09:54:50.07,6160.42,6155,28805,6160,39018,6150,88046,6145,103780
2020-06-12 09:54:50.40,6160.42,6155,26805,6160,39018,6150,89846,6145,103780
2020-06-12 09:54:51.15,6160.42,6155,40785,6160,39018,6150,90150,6145,103780
2020-06-12 09:54:52.21,6160.42,6155,39313,6160,39018,6150,67251,6145,104541
2020-06-12 09:54:52.54,6160.42,6155,39313,6160,54888,6150,65443,6145,104541
2020-06-12 09:54:53.80,6160.42,6155,40813,6160,54888,6150,63225,6145,104541
2020-06-12 09:54:54.69,6160.42,6155,35920,6160,57888,6150,73225,6145,104541
2020-06-12 09:54:55.05,6160.42,6155,32920,6160,57888,6150,73125,6145,104541
2020-06-12 09:54:55.91,6160.42,6155,13140,6160,44818,6150,73125,6145,101541
2020-06-12 09:54:56.97,6161.43,6155,24252,6160,41818,6150,73125,6145,101541
2020-06-12 09:54:57.38,6160.42,6155,24252,6160,41818,6150,73175,6145,101541
2020-06-12 09:54:58.49,6159.92,6155,23952,6160,41818,6150,76175,6145,101541
2020-06-12 09:54:58.93,6159.92,6155,23952,6160,41818,6150,76308,6145,101541
2020-06-12 09:55:00.13,6159.92,6155,23952,6160,60888,6150,75330,6145,101719
2020-06-12 09:55:00.61,6159.42,6155,23952,6160,45018,6150,73330,6145,101719
2020-06-12 09:55:01.69,6159.42,6155,9972,6160,42018,6150,75630,6145,101719
2020-06-12 09:55:02.72,6159.42,6155,22944,6160,42018,6150,75630,6145,101719
2020-06-12 09:55:03.19,6159.42,6155,23074,6160,43490,6150,75630,6145,101719
2020-06-12 09:55:04.36,6159.42,6155,23074,6160,43490,6150,75680,6145,101719
2020-06-12 09:55:04.85,6159.42,6155,23074,6160,43490,6150,75842,6145,101719
2020-06-12 09:55:05.92,6159.42,6155,22044,6160,43490,6150,75826,6145,101719
2020-06-12 09:55:06.99,6159.42,6155,22044,6160,43490,6150,75826,6145,101703
2020-06-12 09:55:07.36,6160.42,6155,22127,6160,43490,6150,92086,6145,101703
2020-06-12 09:55:08.44,6159.92,6155,22127,6160,43858,6150,92086,6145,101703
2020-06-12 09:55:08.91,6159.92,6155,22127,6160,43858,6150,142086,6145,101703
2020-06-12 09:55:10.03,6159.92,6155,22037,6160,43858,6150,142086,6145,101703
2020-06-12 09:55:10.31,6159.92,6155,21985,6160,62728,6150,140086,6145,101703
2020-06-12 09:55:11.16,6159.92,6155,22075,6160,62728,6150,140086,6145,101703
2020-06-12 09:55:12.19,6159.92,6155,22095,6160,62728,6150,140086,6145,101703
2020-06-12 09:55:13.75,6159.92,6155,21095,6160,43858,6150,162086,6145,101703
2020-06-12 09:55:14.13,6159.42,6155,21090,6160,59728,6150,160086,6145,101719
2020-06-12 09:55:14.94,6159.42,6155,16090,6160,59728,6150,149771,6145,101719
2020-06-12 09:55:15.84,6159.42,6155,11442,6160,62728,6150,149609,6145,103719
2020-06-12 09:55:16.25,6159.42,6155,11442,6160,46858,6150,151609,6145,103719
2020-06-12 09:55:17.50,6159.42,6155,9442,6160,62728,6150,149609,6145,103719
2020-06-12 09:55:17.72,6160.42,6155,9342,6160,59728,6150,149609,6145,103719
2020-06-12 09:55:18.48,6159.42,6155,6342,6160,59728,6150,129609,6145,103719
2020-06-12 09:55:19.61,6159.92,6155,6332,6160,59728,6150,129609,6145,103719
2020-06-12 09:55:19.92,6159.92,6155,6332,6160,59728,6150,131618,6145,103719
2020-06-12 09:55:20.70,6158.91,6155,3882,6160,62728,6150,128018,6145,103719
2020-06-12 09:55:21.64,6158.91,6155,3882,6160,62728,6150,130018,6145,103719
2020-06-12 09:55:21.75,6158.91,6155,2382,6160,62728,6150,127018,6145,103719
2020-06-12 09:55:22.69,6158.91,6155,2383,6160,62728,6150,127022,6145,103719
2020-06-12 09:55:23.25,6158.91,6155,4383,6160,62728,6150,125022,6145,103719
2020-06-12 09:55:24.31,6158.91,6155,3481,6160,59928,6150,130356,6145,103719
2020-06-12 09:55:24.73,6158.91,6155,2481,6160,59928,6150,125356,6145,103719
2020-06-12 09:55:25.84,6158.91,6155,16411,6160,59928,6150,125234,6145,103719
2020-06-12 09:55:26.26,6158.91,6155,21440,6160,59928,6150,123273,6145,103680
2020-06-12 09:55:27.48,6158.91,6155,23940,6160,59928,6150,129234,6145,103719
2020-06-12 09:55:28.53,6157.91,6155,18911,6160,59928,6150,131217,6145,103719
2020-06-12 09:55:29.54,6159.42,6155,18911,6160,59928,6150,131217,6145,103719
2020-06-12 09:55:30.06,6158.41,6155,18911,6160,59928,6150,129716,6145,103719
2020-06-12 09:55:31.15,6158.41,6155,856,6160,41058,6150,131716,6145,103719
2020-06-12 09:55:32.18,6158.41,6155,856,6160,41058,6150,131716,6145,103719
2020-06-12 09:55:33.21,6158.41,6155,758,6160,41058,6150,131716,6145,103719
2020-06-12 09:55:33.73,6158.41,6160,41058,6165,80846,6155,242,6150,131716
2020-06-12 09:55:34.81,6158.41,6160,41058,6165,80846,6155,5242,6150,159656
2020-06-12 09:55:35.73,6158.41,6160,41058,6165,80846,6155,242,6150,139856
2020-06-12 09:55:36.81,6158.41,6155,12980,6160,41058,6150,136856,6145,103719
2020-06-12 09:55:37.23,6158.41,6160,41058,6165,80846,6150,136856,6145,103718
2020-06-12 09:55:37.99,6159.92,6160,41058,6165,80846,6150,136856,6145,103718
2020-06-12 09:55:39.34,6159.92,6160,41258,6165,80846,6155,5000,6150,159897
2020-06-12 09:55:40.05,6161.43,6160,41258,6165,80846,6155,5000,6150,159897
2020-06-12 09:55:41.07,6161.43,6160,41558,6165,80846,6155,5026,6150,159897
2020-06-12 09:55:41.43,6161.43,6160,41558,6165,80846,6155,26,6150,159897
2020-06-12 09:55:42.23,6161.43,6155,12980,6160,41558,6150,137014,6145,103718
2020-06-12 09:55:44.21,6161.43,6155,12844,6160,42532,6150,137015,6145,103718
2020-06-12 09:55:44.63,6161.43,6155,11715,6160,42632,6150,137015,6145,103718
2020-06-12 09:55:45.69,6161.43,6160,42632,6165,80846,6150,137015,6145,103718
2020-06-12 09:55:46.08,6161.43,6160,42632,6165,80846,6155,5000,6150,159944
2020-06-12 09:55:47.91,6161.43,6160,42632,6165,80846,6150,140035,6145,103719
2020-06-12 09:55:48.26,6160.93,6160,42632,6165,80846,6155,5000,6150,137035
2020-06-12 09:55:49.04,6160.42,6160,42932,6165,80846,6155,5000,6150,156944
2020-06-12 09:55:49.99,6160.42,6160,38163,6165,80846,6155,18980,6150,156944
2020-06-12 09:55:51.00,6161.43,6160,37973,6165,80846,6155,18980,6150,159944
2020-06-12 09:55:51.24,6161.43,6160,37973,6165,80963,6155,18980,6150,159944
2020-06-12 09:55:52.10,6161.43,6160,41973,6165,80963,6155,5010,6150,154629
2020-06-12 09:55:53.10,6161.43,6160,42742,6165,80963,6155,18981,6150,151629
2020-06-12 09:55:53.43,6161.43,6160,39495,6165,84215,6155,314,6150,131720
2020-06-12 09:55:54.22,6161.43,6160,39495,6165,84215,6155,30,6150,151757
2020-06-12 09:55:55.25,6161.43,6155,13980,6160,39495,6150,134848,6145,103545
2020-06-12 09:55:55.83,6161.43,6155,39375,6160,39495,6150,135048,6145,103545
2020-06-12 09:55:56.74,6161.43,6155,39375,6160,39495,6150,132048,6145,103545
2020-06-12 09:55:57.25,6162.94,6155,39300,6160,39495,6150,132048,6145,103545
2020-06-12 09:55:58.38,6162.94,6155,39300,6160,39495,6150,132248,6145,103545
2020-06-12 09:55:58.77,6162.94,6155,39300,6160,39495,6150,132248,6145,103545
2020-06-12 09:55:59.92,6159.92,6155,39200,6160,39495,6150,132108,6145,103545
2020-06-12 09:56:00.10,6159.92,6155,39000,6160,39495,6150,132108,6145,103545
2020-06-12 09:56:01.00,6159.92,6155,39005,6160,58365,6150,125077,6145,103545
2020-06-12 09:56:01.92,6159.92,6155,39005,6160,58365,6150,127077,6145,103545
2020-06-12 09:56:02.09,6159.92,6155,39005,6160,58365,6150,121077,6145,103545
2020-06-12 09:56:03.05,6159.92,6155,38873,6160,58665,6150,126945,6145,103545
2020-06-12 09:56:03.63,6159.92,6155,33562,6160,58665,6150,126945,6145,103545
2020-06-12 09:56:04.64,6159.92,6155,33562,6160,58665,6150,120945,6145,103545
2020-06-12 09:56:04.89,6159.92,6155,33562,6160,58665,6150,120945,6145,103545
2020-06-12 09:56:05.69,6159.92,6155,33565,6160,63665,6150,120945,6145,103545
2020-06-12 09:56:06.17,6159.92,6155,33575,6160,63665,6150,120945,6145,103545
2020-06-12 09:56:06.87,6159.92,6155,33575,6160,63665,6150,126832,6145,103545
2020-06-12 09:56:07.83,6158.41,6155,33575,6160,63665,6150,126532,6145,103545
2020-06-12 09:56:08.89,6158.41,6155,33575,6160,63665,6150,124532,6145,103545
2020-06-12 09:56:09.26,6158.41,6155,38575,6160,63665,6150,120532,6145,103545
2020-06-12 09:56:10.06,6157.91,6155,41075,6160,63665,6150,118571,6145,103506
2020-06-12 09:56:11.03,6157.91,6155,46104,6160,63665,6150,118571,6145,103516
2020-06-12 09:56:11.39,6157.91,6155,46104,6160,63665,6150,118571,6145,103516
2020-06-12 09:56:12.59,6157.91,6155,46104,6160,63665,6150,118571,6145,103516
2020-06-12 09:56:12.92,6157.91,6155,46104,6160,67665,6150,118571,6145,103516
2020-06-12 09:56:14.09,6157.91,6150,19986,6155,66074,6145,68534,6140,101625
2020-06-12 09:56:14.29,6157.91,6150,47222,6155,66076,6145,62573,6140,101586
2020-06-12 09:56:15.09,6157.91,6150,47222,6155,66076,6145,60573,6140,101586
2020-06-12 09:56:15.59,6157.91,6150,47222,6155,66076,6145,60573,6140,101586
2020-06-12 09:56:16.73,6157.91,6150,47222,6155,69076,6145,60573,6140,101586
2020-06-12 09:56:16.96,6157.91,6150,47174,6155,69076,6145,60573,6140,101586
2020-06-12 09:56:17.84,6151.87,6150,47404,6155,69076,6145,60573,6140,101586
2020-06-12 09:56:18.93,6151.87,6150,51904,6155,69076,6145,46568,6140,101586
2020-06-12 09:56:19.39,6151.36,6150,51904,6155,69076,6145,60563,6140,101586
2020-06-12 09:56:20.51,6152.87,6150,41566,6155,69076,6145,60563,6140,101586
2020-06-12 09:56:21.03,6152.87,6150,39880,6155,69076,6145,68548,6140,101625
2020-06-12 09:56:22.07,6152.87,6150,39718,6155,69126,6145,62548,6140,101625
2020-06-12 09:56:23.06,6152.87,6150,39618,6155,69126,6145,60587,6140,101586
2020-06-12 09:56:23.32,6152.87,6150,44720,6155,69126,6145,60587,6140,101586
2020-06-12 09:56:24.23,6152.87,6150,36517,6155,69126,6145,60587,6140,101586
2020-06-12 09:56:24.76,6152.87,6150,36517,6155,69126,6145,60587,6140,101586
2020-06-12 09:56:25.82,6152.87,6150,31325,6155,69126,6145,68548,6140,101625
2020-06-12 09:56:26.29,6152.87,6150,31325,6155,69126,6145,66548,6140,101625
2020-06-12 09:56:27.34,6152.87,6150,31325,6155,69126,6145,66548,6140,101625
2020-06-12 09:56:27.76,6152.37,6150,31615,6155,69126,6145,66548,6140,101625
2020-06-12 09:56:28.55,6152.87,6150,31615,6155,72126,6145,66638,6140,101625
2020-06-12 09:56:29.52,6152.87,6150,11413,6155,53256,6145,78638,6140,101625
2020-06-12 09:56:30.57,6154.89,6155,53256,6160,68845,6150,19382,6145,78638
2020-06-12 09:56:30.88,6154.89,6155,53256,6160,68845,6150,19582,6145,78638
2020-06-12 09:56:32.04,6154.89,6155,53456,6160,68845,6150,19582,6145,78638
2020-06-12 09:56:33.15,6154.89,6150,5643,6155,72126,6145,78638,6140,101625
2020-06-12 09:56:33.69,6154.89,6150,5643,6155,72126,6145,73638,6140,101625
2020-06-12 09:56:34.79,6154.89,6150,5643,6155,72126,6145,73638,6140,101625
2020-06-12 09:56:35.04,6154.89,6150,12978,6155,53256,6145,88638,6140,101625
2020-06-12 09:56:35.88,6154.89,6150,12978,6155,53256,6145,88638,6140,101625
2020-06-12 09:56:36.36,6154.89,6150,4851,6155,53256,6145,88738,6140,101625
2020-06-12 09:56:37.40,6154.89,6155,53256,6160,68845,6145,88713,6140,101625
2020-06-12 09:56:37.69,6154.89,6150,8217,6155,53256,6145,88713,6140,101625
2020-06-12 09:56:38.50,6154.89,6150,8267,6155,72126,6145,78913,6140,101625
2020-06-12 09:56:39.57,6154.89,6150,8267,6155,72126,6145,76913,6140,101625
2020-06-12 09:56:39.79,6154.89,6150,7272,6155,72126,6145,73913,6140,101625
2020-06-12 09:56:40.63,6153.38,6150,7272,6155,72126,6145,67898,6140,101625
2020-06-12 09:56:41.14,6153.38,6150,7272,6155,72126,6145,73968,6140,101625
2020-06-12 09:56:42.17,6153.38,6150,7272,6155,72126,6145,67968,6140,101625
2020-06-12 09:56:43.17,6153.38,6150,7252,6155,72126,6145,101094,6140,101625
2020-06-12 09:56:43.69,6153.38,6150,7252,6155,72126,6145,101094,6140,101625
2020-06-12 09:56:44.78,6153.38,6150,8252,6155,72126,6145,97294,6140,99625
2020-06-12 09:56:45.16,6153.38,6150,8252,6155,72126,6145,95333,6140,101586
2020-06-12 09:56:45.92,6153.38,6150,8260,6155,72126,6145,95333,6140,101586
2020-06-12 09:56:46.80,6153.38,6150,8260,6155,72126,6145,95333,6140,101586
2020-06-12 09:56:47.88,6153.38,6150,13300,6155,72126,6145,95333,6140,101586
2020-06-12 09:56:48.13,6153.38,6150,13300,6155,72126,6145,98321,6140,101586
2020-06-12 09:56:48.99,6152.37,6150,22350,6155,72126,6145,98321,6140,101486
2020-06-12 09:56:50.05,6152.37,6150,22340,6155,72126,6145,95821,6140,101486
2020-06-12 09:56:50.48,6152.37,6150,28193,6155,72126,6145,81841,6140,101486
2020-06-12 09:56:51.59,6152.37,6150,28183,6155,72126,6145,81841,6140,101486
2020-06-12 09:56:52.12,6152.37,6150,28108,6155,72126,6145,81641,6140,101486
2020-06-12 09:56:53.16,6152.37,6150,28108,6155,72126,6145,81441,6140,101486
2020-06-12 09:56:53.59,6152.37,6150,30021,6155,70165,6145,22334,6140,78577
2020-06-12 09:56:54.33,6152.37,6150,29572,6155,70165,6145,16543,6140,70492
2020-06-12 09:56:55.31,6152.37,6150,27611,6155,72126,6145,16543,6140,70392
2020-06-12 09:56:56.56,6150.86,6150,33424,6155,70165,6145,18043,6140,70392
2020-06-12 09:56:57.30,6150.86,6150,33424,6155,70165,6145,18043,6140,70392
2020-06-12 09:56:58.42,6149.35,6150,27963,6155,72126,6145,32023,6140,70392
2020-06-12 09:56:59.47,6149.85,6150,27963,6155,72126,6145,32023,6140,95390
2020-06-12 09:56:59.78,6149.85,6150,27963,6155,72126,6145,32023,6140,95390
2020-06-12 09:57:00.59,6150.36,6150,27963,6155,72126,6145,32023,6140,95390
2020-06-12 09:57:01.32,6150.36,6150,24214,6155,72126,6145,32023,6140,98390
2020-06-12 09:57:02.65,6150.36,6150,24219,6155,72126,6145,20543,6140,78481
2020-06-12 09:57:03.05,6150.36,6150,16092,6155,72243,6145,23043,6140,78481
2020-06-12 09:57:04.26,6150.36,6150,37717,6155,72243,6145,28899,6140,81481
2020-06-12 09:57:04.51,6150.36,6150,37717,6155,72243,6145,28881,6140,95390
2020-06-12 09:57:05.30,6150.36,6150,33718,6155,72243,6145,28881,6140,95390
2020-06-12 09:57:06.30,6150.36,6150,33718,6155,72243,6145,31381,6140,98390
2020-06-12 09:57:07.40,6150.36,6150,29759,6155,72243,6145,39342,6140,98429
2020-06-12 09:57:08.41,6150.36,6150,33742,6155,72243,6145,38280,6140,98429
2020-06-12 09:57:08.64,6152.37,6150,33742,6155,72244,6145,32280,6140,98429
2020-06-12 09:57:09.27,6152.87,6150,33742,6155,72244,6145,29819,6140,98395
2020-06-12 09:57:10.50,6153.38,6150,39742,6155,72244,6145,41857,6140,98434
2020-06-12 09:57:10.75,6153.38,6150,39742,6155,72244,6145,41956,6140,98434
2020-06-12 09:57:11.53,6153.38,6150,44804,6155,72244,6145,38995,6140,97395
2020-06-12 09:57:12.64,6153.38,6150,44804,6155,72244,6145,40819,6140,99395
2020-06-12 09:57:12.95,6153.38,6150,44804,6155,72244,6145,39669,6140,99395
2020-06-12 09:57:13.66,6153.38,6150,39630,6155,72244,6145,45630,6140,97434
2020-06-12 09:57:15.06,6153.38,6150,39680,6155,72244,6145,39669,6140,99395
2020-06-12 09:57:15.84,6153.38,6150,41654,6155,72244,6145,39324,6140,99426
2020-06-12 09:57:16.87,6153.38,6150,44664,6155,72244,6145,53412,6140,97465
2020-06-12 09:57:17.19,6152.87,6150,44659,6155,72244,6145,53412,6140,97465
2020-06-12 09:57:18.45,6153.88,6150,44653,6155,72244,6145,56440,6140,107465
2020-06-12 09:57:18.86,6152.87,6150,42068,6155,72244,6145,58442,6140,107465
2020-06-12 09:57:19.98,6152.87,6150,41893,6155,72244,6145,58522,6140,107465
2020-06-12 09:57:20.45,6152.87,6150,9958,6155,72244,6145,58522,6140,107470
2020-06-12 09:57:21.61,6152.87,6155,53374,6160,73487,6150,18980,6145,63569
2020-06-12 09:57:22.06,6152.87,6155,65873,6160,71526,6150,5000,6145,63569
2020-06-12 09:57:23.11,6152.87,6155,65873,6160,71526,6145,63569,6140,107494
2020-06-12 09:57:23.39,6152.87,6155,68873,6160,71526,6150,7018,6145,75269
2020-06-12 09:57:24.11,6152.87,6155,68873,6160,71526,6150,7018,6145,75649
2020-06-12 09:57:24.78,6152.87,6155,53003,6160,73487,6150,37598,6145,95582
2020-06-12 09:57:25.81,6152.87,6155,50003,6160,73487,6150,37075,6145,98582
2020-06-12 09:57:26.23,6152.87,6155,50003,6160,73487,6150,37186,6145,98673
2020-06-12 09:57:26.89,6152.87,6155,47730,6160,73487,6150,37186,6145,82419
2020-06-12 09:57:27.79,6154.89,6155,48030,6160,73487,6150,37186,6145,82419
2020-06-12 09:57:28.32,6155.39,6155,48030,6160,73487,6150,11606,6145,79419
2020-06-12 09:57:29.45,6154.89,6155,60899,6160,71526,6150,1206,6145,79419
2020-06-12 09:57:29.76,6154.89,6155,45038,6160,73496,6150,5001,6145,79419
2020-06-12 09:57:30.43,6154.38,6155,61908,6160,71544,6150,15701,6145,79419
2020-06-12 09:57:31.53,6154.38,6155,64908,6160,71544,6145,79419,6140,107361
2020-06-12 09:57:31.78,6154.38,6150,13329,6155,64908,6145,68411,6140,109322
2020-06-12 09:57:32.57,6154.38,6150,13329,6155,64928,6145,56711,6140,109322
2020-06-12 09:57:33.46,6154.38,6150,13329,6155,64928,6145,56711,6140,109322
2020-06-12 09:57:33.62,6154.38,6150,13143,6155,64928,6145,58211,6140,109322
2020-06-12 09:57:34.18,6154.38,6150,12343,6155,64937,6145,38211,6140,109322
2020-06-12 09:57:35.15,6154.38,6150,12343,6155,64937,6145,38216,6140,109322
2020-06-12 09:57:35.38,6154.38,6150,12312,6155,64937,6145,41105,6140,107322
2020-06-12 09:57:36.16,6154.38,6150,11812,6155,64937,6145,41105,6140,107322
2020-06-12 09:57:36.76,6154.38,6150,20834,6155,65437,6145,41105,6140,107327
2020-06-12 09:57:37.80,6153.38,6150,20828,6155,65437,6145,46105,6140,107327
2020-06-12 09:57:38.16,6153.38,6150,20328,6155,65537,6145,47605,6140,107337
2020-06-12 09:57:39.32,6150.86,6150,20327,6155,65537,6145,47605,6140,107337
2020-06-12 09:57:39.55,6150.86,6150,16236,6155,65537,6145,48105,6140,107337
2020-06-12 09:57:40.48,6152.37,6150,17857,6155,65537,6145,48105,6140,107337
2020-06-12 09:57:41.51,6152.37,6150,18486,6155,63908,6145,48105,6140,107837
2020-06-12 09:57:41.68,6152.37,6150,18439,6155,63908,6145,47905,6140,107837
2020-06-12 09:57:42.54,6152.37,6150,16439,6155,63908,6145,47905,6140,107837
2020-06-12 09:57:43.79,6152.37,6150,16439,6155,63908,6145,41524,6140,107837
2020-06-12 09:57:44.69,6152.37,6150,15939,6155,63908,6145,45485,6140,107876
2020-06-12 09:57:45.71,6152.37,6155,63908,6160,72544,6145,45485,6140,107876
2020-06-12 09:57:46.15,6152.37,6155,45038,6160,74505,6150,18980,6145,55240
2020-06-12 09:57:47.30,6152.37,6155,46999,6160,72544,6150,1627,6145,55640
2020-06-12 09:57:48.35,6152.37,6155,60906,6160,72544,6150,1,6145,55640
2020-06-12 09:57:49.39,6155.39,6155,48036,6160,74505,6150,400,6145,54479
2020-06-12 09:57:49.79,6155.39,6155,45036,6160,77505,6150,5400,6145,54479
2020-06-12 09:57:50.96,6155.39,6155,45086,6160,77505,6150,400,6145,54499
2020-06-12 09:57:51.43,6155.39,6155,42086,6160,77505,6150,19380,6145,54499
2020-06-12 09:57:52.52,6155.39,6155,57956,6160,75544,6150,5515,6145,54499
2020-06-12 09:57:53.60,6155.39,6150,13980,6155,57956,6145,54499,6140,107876
2020-06-12 09:57:54.00,6155.39,6150,15452,6155,60956,6145,49452,6140,107876
2020-06-12 09:57:55.14,6155.39,6150,15452,6155,60956,6145,41491,6140,107837
2020-06-12 09:57:55.44,6155.39,6150,17904,6155,60956,6145,41491,6140,107887
2020-06-12 09:57:56.25,6155.39,6150,17909,6155,60956,6145,41491,6140,107887
2020-06-12 09:57:56.81,6155.39,6150,17909,6155,60956,6145,41491,6140,107887
2020-06-12 09:57:57.72,6154.38,6150,18408,6155,60956,6145,41491,6140,107887
2020-06-12 09:57:57.95,6153.88,6150,18776,6155,60956,6145,41521,6140,107887
2020-06-12 09:57:58.86,6151.87,6150,18776,6155,60956,6145,41521,6140,107887
2020-06-12 09:57:59.25,6152.37,6150,17142,6155,60956,6145,43521,6140,107887
2020-06-12 09:58:00.49,6153.88,6150,845,6155,60956,6145,49482,6140,107926
2020-06-12 09:58:00.86,6153.88,6150,14096,6155,65956,6145,43521,6140,107887
2020-06-12 09:58:02.06,6153.88,6150,4212,6155,65956,6145,43521,6140,107887
2020-06-12 09:58:02.44,6153.88,6150,4221,6155,65956,6145,43521,6140,107887
2020-06-12 09:58:03.62,6153.88,6150,4021,6155,65956,6145,59249,6140,107926
2020-06-12 09:58:03.86,6153.88,6150,4021,6155,66642,6145,59254,6140,107926
2020-06-12 09:58:04.70,6153.88,6155,47772,6160,80556,6150,4002,6145,59254
2020-06-12 09:58:05.78,6153.88,6155,47772,6160,80556,6150,23182,6145,69254
2020-06-12 09:58:06.26,6153.88,6155,47772,6160,80556,6150,23162,6145,69254
2020-06-12 09:58:07.33,6153.88,6155,47772,6160,80556,6150,23162,6145,69254
2020-06-12 09:58:07.62,6152.37,6150,13980,6155,66642,6145,69036,6140,107926
2020-06-12 09:58:08.39,6152.37,6150,13599,6155,66642,6145,55475,6140,107887
2020-06-12 09:58:09.40,6153.38,6150,13559,6155,66642,6145,55475,6140,107887
2020-06-12 09:58:09.79,6153.38,6150,13559,6155,66642,6145,55475,6140,107887
2020-06-12 09:58:10.47,6153.38,6155,66642,6160,74445,6150,33976,6145,59436
2020-06-12 09:58:11.53,6153.38,6155,66642,6160,74445,6150,34967,6145,64261
2020-06-12 09:58:12.56,6153.38,6155,66642,6160,74445,6150,34967,6145,64861
2020-06-12 09:58:12.86,6153.38,6155,66642,6160,74445,6150,34967,6145,64861
2020-06-12 09:58:13.56,6153.38,6155,66642,6160,74445,6150,35967,6145,65861
2020-06-12 09:58:14.56,6153.38,6155,66642,6160,70445,6150,2000,6145,65861
2020-06-12 09:58:14.92,6153.38,6150,11980,6155,66642,6145,61861,6140,107948
2020-06-12 09:58:15.68,6153.38,6150,11930,6155,66646,6145,61861,6140,107948
2020-06-12 09:58:16.73,6153.38,6150,11930,6155,66646,6145,61862,6140,107948
2020-06-12 09:58:17.15,6153.88,6150,7430,6155,66646,6145,62062,6140,107948
2020-06-12 09:58:17.92,6153.88,6150,7330,6155,66646,6145,62062,6140,107948
2020-06-12 09:58:18.95,6153.38,6150,12410,6155,66646,6145,58101,6140,107909
2020-06-12 09:58:19.40,6153.38,6150,17420,6155,66646,6145,55101,6140,107909
2020-06-12 09:58:20.48,6152.37,6150,17374,6155,66642,6145,55101,6140,107909
2020-06-12 09:58:20.90,6152.37,6150,20155,6155,66642,6145,53101,6140,107909
2020-06-12 09:58:22.04,6152.37,6150,20155,6155,66642,6145,53101,6140,107909
2020-06-12 09:58:22.40,6152.37,6150,20164,6155,66642,6145,53101,6140,107909
2020-06-12 09:58:23.65,6152.37,6150,20164,6155,66642,6145,53101,6140,107909
2020-06-12 09:58:23.99,6152.37,6150,14440,6155,66642,6145,53101,6140,85000
2020-06-12 09:58:25.24,6152.37,6150,14440,6155,66642,6145,53101,6140,85000
2020-06-12 09:58:25.59,6152.37,6150,28154,6155,66642,6145,53101,6140,85000
2020-06-12 09:58:26.76,6152.37,6150,28154,6155,66642,6145,43101,6140,85800
2020-06-12 09:58:26.99,6152.37,6150,28262,6155,66765,6145,43101,6140,85800
2020-06-12 09:58:27.85,6150.36,6150,28262,6155,66465,6145,43111,6140,85800
2020-06-12 09:58:28.93,6149.85,6150,28262,6155,66465,6145,43111,6140,108709
2020-06-12 09:58:29.35,6149.85,6150,28262,6155,66465,6145,43121,6140,108709
2020-06-12 09:58:30.49,6149.85,6150,24257,6155,66465,6145,43121,6140,108709
2020-06-12 09:58:30.94,6149.85,6150,24247,6155,66465,6145,45121,6140,108709
2020-06-12 09:58:31.99,6149.85,6150,24134,6155,66465,6145,45513,6140,108719
2020-06-12 09:58:33.08,6149.85,6150,23900,6155,66465,6145,50513,6140,108719
2020-06-12 09:58:33.41,6149.85,6150,20144,6155,66465,6145,52474,6140,108767
2020-06-12 09:58:34.16,6149.85,6155,66465,6160,56976,6150,92,6145,56507
2020-06-12 09:58:35.22,6149.85,6155,66367,6160,56976,6150,1,6145,56807
2020-06-12 09:58:35.68,6149.85,6155,66367,6160,56976,6150,4798,6145,56807
2020-06-12 09:58:36.83,6149.85,6155,66465,6160,56976,6145,56807,6140,108276
2020-06-12 09:58:37.21,6151.87,6155,66465,6160,56976,6145,56816,6140,108276
2020-06-12 09:58:38.35,6153.88,6155,47595,6160,58937,6150,18980,6145,61895
2020-06-12 09:58:38.64,6153.38,6150,13980,6155,49485,6145,52816,6140,108276
2020-06-12 09:58:39.41,6154.38,6155,67865,6160,56976,6150,7100,6145,65916
2020-06-12 09:58:40.41,6154.38,6155,63465,6160,56976,6150,29480,6145,65916
2020-06-12 09:58:40.63,6153.88,6155,47520,6160,58937,6150,71510,6145,65916
2020-06-12 09:58:41.44,6153.88,6155,47520,6160,58937,6150,73510,6145,65916
2020-06-12 09:58:41.89,6153.88,6155,42520,6160,58937,6150,73510,6145,65916
2020-06-12 09:58:42.99,6153.88,6155,42502,6160,58919,6150,73513,6145,65916
2020-06-12 09:58:43.36,6153.88,6155,42502,6160,58919,6150,73513,6145,65948
2020-06-12 09:58:44.21,6153.88,6155,42502,6160,58919,6150,23518,6145,93957
2020-06-12 09:58:45.16,6153.88,6155,42502,6160,58919,6150,32368,6145,93957
2020-06-12 09:58:46.27,6153.88,6155,51302,6160,58919,6150,9588,6145,71048
2020-06-12 09:58:46.53,6153.88,6155,67172,6160,56958,6150,10588,6145,81048
2020-06-12 09:58:47.28,6153.88,6155,63969,6160,56958,6150,8148,6145,81057
2020-06-12 09:58:48.33,6155.39,6155,48040,6160,58819,6150,22628,6145,81057
2020-06-12 09:58:48.66,6154.89,6155,42440,6160,58819,6150,22628,6145,81057
2020-06-12 09:58:49.48,6154.89,6155,42440,6160,58819,6150,22633,6145,81057
2020-06-12 09:58:50.23,6154.89,6150,2,6155,61330,6145,81057,6140,108285
2020-06-12 09:58:50.98,6154.89,6155,61330,6160,56858,6150,2,6145,69996
2020-06-12 09:58:51.99,6154.89,6155,62330,6160,56858,6145,69996,6140,108246
2020-06-12 09:58:52.46,6154.89,6155,62330,6160,56858,6145,70196,6140,108246
2020-06-12 09:58:53.18,6154.89,6150,14850,6155,53530,6145,68196,6140,108246
2020-06-12 09:58:54.13,6154.89,6150,19902,6155,53530,6145,69096,6140,107346
2020-06-12 09:58:54.53,6154.89,6150,19902,6155,54030,6145,55696,6140,107346
2020-06-12 09:58:55.73,6154.89,6150,14102,6155,54030,6145,55696,6140,107346
2020-06-12 09:58:55.93,6154.89,6150,13302,6155,54030,6145,55696,6140,107346
2020-06-12 09:58:56.73,6154.89,6150,14102,6155,54030,6145,55696,6140,107346
2020-06-12 09:58:57.77,6153.38,6150,9401,6155,54030,6145,55597,6140,107346
2020-06-12 09:58:58.13,6153.38,6150,14202,6155,55030,6145,55597,6140,107361
2020-06-12 09:58:58.87,6153.38,6150,5702,6155,55030,6145,57397,6140,107361
2020-06-12 09:58:59.88,6153.38,6150,6037,6155,55030,6145,59345,6140,107361
2020-06-12 09:59:00.43,6153.38,6150,10037,6155,59030,6145,58104,6140,107361
2020-06-12 09:59:01.51,6153.38,6150,5456,6155,59030,6145,58104,6140,107361
2020-06-12 09:59:02.13,6153.38,6150,5756,6155,59030,6145,66104,6140,107361
2020-06-12 09:59:03.02,6153.38,6150,5756,6155,59030,6145,66104,6140,107361
2020-06-12 09:59:04.01,6153.38,6150,5836,6155,59030,6145,66114,6140,107361
2020-06-12 09:59:04.41,6153.38,6150,18336,6155,59030,6145,59111,6140,107361
2020-06-12 09:59:05.21,6153.38,6150,10836,6155,59030,6145,59161,6140,107361
2020-06-12 09:59:06.24,6153.38,6150,10836,6155,59030,6145,59161,6140,107361
2020-06-12 09:59:06.65,6153.38,6150,12727,6155,59030,6145,60161,6140,107361
2020-06-12 09:59:08.04,6151.36,6150,11208,6155,60530,6145,65161,6140,107361
2020-06-12 09:59:08.86,6151.36,6150,11208,6155,60530,6145,67161,6140,107361
2020-06-12 09:59:09.15,6151.36,6150,11208,6155,60530,6145,67161,6140,107361
2020-06-12 09:59:09.88,6151.36,6150,9086,6155,60530,6145,65185,6140,107361
2020-06-12 09:59:11.19,6151.36,6150,9086,6155,60530,6145,67185,6140,107361
2020-06-12 09:59:11.95,6151.36,6150,7286,6155,60530,6145,65185,6140,107361
2020-06-12 09:59:13.16,6151.36,6150,7141,6155,60560,6145,66905,6140,107361
2020-06-12 09:59:14.28,6151.36,6150,5252,6155,60565,6145,72666,6140,107400
2020-06-12 09:59:15.33,6151.36,6150,5267,6155,60560,6145,66704,6140,107361
2020-06-12 09:59:16.34,6151.36,6150,5337,6155,62060,6145,66704,6140,107361
2020-06-12 09:59:16.86,6152.37,6150,343,6155,62060,6145,64704,6140,107361
2020-06-12 09:59:17.81,6152.37,6150,343,6155,62060,6145,66704,6140,107361
2020-06-12 09:59:18.28,6153.38,6150,7655,6155,62060,6145,60704,6140,107361
2020-06-12 09:59:19.53,6152.87,6150,16546,6155,61060,6145,60704,6140,107361
2020-06-12 09:59:19.76,6152.37,6150,10398,6155,61060,6145,60754,6140,107361
2020-06-12 09:59:20.56,6151.87,6150,12093,6155,61060,6145,60754,6140,107361
2020-06-12 09:59:21.14,6151.87,6150,17441,6155,61060,6145,60754,6140,107361
2020-06-12 09:59:22.15,6151.87,6150,15879,6155,61060,6145,60754,6140,107361
2020-06-12 09:59:22.48,6151.87,6150,13879,6155,61060,6145,60754,6140,107361
2020-06-12 09:59:23.17,6151.87,6150,13870,6155,61060,6145,60754,6140,107361
2020-06-12 09:59:24.25,6151.87,6150,17169,6155,64060,6145,60754,6140,107361
2020-06-12 09:59:24.50,6151.87,6150,19660,6155,64060,6145,61255,6140,84453
2020-06-12 09:59:25.37,6151.87,6150,15445,6155,64060,6145,67723,6140,84453
2020-06-12 09:59:26.43,6151.87,6150,17406,6155,62099,6145,68723,6140,84453
2020-06-12 09:59:26.79,6151.87,6150,18406,6155,62099,6145,68723,6140,84453
2020-06-12 09:59:27.39,6150.86,6150,19242,6155,62099,6145,67723,6140,84453
2020-06-12 09:59:28.56,6149.85,6150,41153,6155,62099,6145,51568,6140,84453
2020-06-12 09:59:29.95,6149.35,6150,40662,6155,62099,6145,52068,6140,84453
2020-06-12 09:59:30.62,6148.85,6150,41619,6155,62099,6145,52068,6140,84453
2020-06-12 09:59:31.18,6148.85,6150,41619,6155,62109,6145,52068,6140,84453
2020-06-12 09:59:32.16,6148.85,6150,41619,6155,62109,6145,52068,6140,85453
2020-06-12 09:59:32.45,6148.85,6150,41628,6155,62109,6145,52068,6140,85453
2020-06-12 09:59:33.16,6148.85,6150,41628,6155,62109,6145,52068,6140,85453
2020-06-12 09:59:34.27,6148.85,6150,41628,6155,62109,6145,51068,6140,85453
2020-06-12 09:59:34.46,6148.85,6150,41553,6155,62109,6145,51068,6140,85453
2020-06-12 09:59:35.45,6148.85,6150,21797,6155,64070,6145,62941,6140,85453
2020-06-12 09:59:35.90,6148.85,6150,21358,6155,62109,6145,62941,6140,85453
2020-06-12 09:59:36.96,6148.85,6150,19397,6155,64070,6145,62941,6140,85453
2020-06-12 09:59:37.13,6148.85,6150,19497,6155,64070,6145,62941,6140,85453
2020-06-12 09:59:37.93,6148.85,6150,19507,6155,64070,6145,62941,6140,85453
2020-06-12 09:59:38.26,6148.85,6150,21643,6155,64070,6145,62941,6140,85453
2020-06-12 09:59:39.13,6149.85,6150,23604,6155,62109,6145,62941,6140,85453
2020-06-12 09:59:39.46,6149.85,6150,23704,6155,62609,6145,62941,6140,85453
2020-06-12 09:59:40.13,6149.85,6150,23604,6155,62609,6145,64941,6140,85453
2020-06-12 09:59:40.66,6149.85,6150,23604,6155,62609,6145,64941,6140,85453
2020-06-12 09:59:41.77,6149.85,6150,24363,6155,62609,6145,64941,6140,85453
2020-06-12 09:59:42.02,6149.85,6150,22872,6155,64570,6145,64941,6140,85453
2020-06-12 09:59:42.76,6149.85,6150,22872,6155,64670,6145,64941,6140,85453
2020-06-12 09:59:43.86,6149.85,6150,24540,6155,64670,6145,64941,6140,85453
2020-06-12 09:59:44.16,6149.85,6150,21540,6155,64670,6145,64941,6140,85453
2020-06-12 09:59:44.93,6149.85,6150,23187,6155,62023,6145,53068,6140,85453
2020-06-12 09:59:45.85,6149.85,6150,23061,6155,62023,6145,63070,6140,85453
2020-06-12 09:59:46.25,6149.85,6150,22888,6155,62023,6145,61215,6140,85457
2020-06-12 09:59:46.91,6149.85,6150,22888,6155,62023,6145,61215,6140,85457
2020-06-12 09:59:47.49,6149.35,6150,22738,6155,62023,6145,63715,6140,85457
2020-06-12 09:59:48.46,6149.85,6150,22738,6155,62023,6145,63706,6140,85457
2020-06-12 09:59:48.72,6149.35,6150,20777,6155,63984,6145,75579,6140,85457
2020-06-12 09:59:49.60,6149.35,6150,18777,6155,63984,6145,75579,6140,85457
2020-06-12 09:59:49.96,6149.35,6150,26338,6155,62023,6145,63706,6140,85457
2020-06-12 09:59:50.58,6149.35,6150,39277,6155,62023,6145,63706,6140,84457
2020-06-12 09:59:51.75,6149.35,6150,39277,6155,62523,6145,61206,6140,79194
2020-06-12 09:59:52.25,6149.35,6150,44277,6155,62523,6145,12251,6140,76105
2020-06-12 09:59:53.35,6149.35,6150,44279,6155,62523,6140,76605,6135,84564
2020-06-12 09:59:54.39,6149.35,6145,13504,6150,38679,6140,76605,6135,53770
2020-06-12 09:59:55.44,6149.35,6145,12494,6150,42729,6140,78605,6135,82824
2020-06-12 09:59:56.44,6149.35,6145,9314,6150,42729,6140,78605,6135,82824
2020-06-12 09:59:57.52,6147.34,6145,12820,6150,42779,6140,78605,6135,85824
2020-06-12 09:59:57.80,6144.32,6145,12820,6150,42779,6140,78745,6135,85824
2020-06-12 09:59:58.55,6144.32,6145,12820,6150,42779,6140,78745,6135,85824
2020-06-12 09:59:59.95,6145.83,6145,8820,6150,42779,6140,78745,6135,85824
2020-06-12 10:00:01.19,6145.83,6145,19592,6150,42779,6140,72645,6135,85824
2020-06-12 10:00:01.56,6145.83,6145,19411,6150,42779,6140,72645,6135,62915
2020-06-12 10:00:02.70,6145.83,6145,24111,6150,42779,6140,72666,6135,62915
2020-06-12 10:00:03.75,6145.83,6145,24631,6150,42779,6140,72666,6135,82824
2020-06-12 10:00:04.83,6145.83,6145,24631,6150,42779,6140,72666,6135,65915
2020-06-12 10:00:05.33,6145.83,6145,24631,6150,42779,6140,72666,6135,65915
2020-06-12 10:00:06.37,6145.83,6145,28003,6150,40818,6140,72666,6135,63915
2020-06-12 10:00:07.45,6145.32,6145,25880,6150,42779,6140,72676,6135,60915
2020-06-12 10:00:08.48,6145.83,6145,25880,6150,42779,6140,73076,6135,60915
2020-06-12 10:00:09.56,6144.82,6145,25873,6150,42779,6140,75076,6135,60915
2020-06-12 10:00:10.59,6144.82,6145,25873,6150,43079,6140,75076,6135,60915
2020-06-12 10:00:11.61,6144.82,6145,25867,6150,43079,6140,75076,6135,60915
2020-06-12 10:00:12.70,6144.82,6145,27738,6150,45913,6140,75076,6135,60915
2020-06-12 10:00:13.06,6144.82,6145,27638,6150,45913,6140,74876,6135,84024
2020-06-12 10:00:14.31,6144.82,6150,35245,6155,58573,6145,16878,6140,89739
2020-06-12 10:00:14.76,6144.82,6150,43545,6155,58573,6145,5005,6140,88278
2020-06-12 10:00:15.89,6144.82,6150,43545,6155,54573,6145,14805,6140,88278
2020-06-12 10:00:16.87,6144.82,6150,39245,6155,58573,6145,14822,6140,89278
2020-06-12 10:00:17.17,6144.82,6150,39245,6155,58573,6145,14822,6140,93278
2020-06-12 10:00:17.98,6144.82,6150,22336,6155,58573,6145,31205,6140,100534
2020-06-12 10:00:18.96,6147.84,6150,22336,6155,58573,6145,29205,6140,100534
2020-06-12 10:00:20.06,6149.85,6150,20375,6155,60534,6145,29239,6140,100534
2020-06-12 10:00:21.13,6150.86,6150,20375,6155,60534,6145,31133,6140,123493
2020-06-12 10:00:22.04,6150.86,6150,17875,6155,60534,6145,32733,6140,123493
2020-06-12 10:00:22.52,6150.86,6150,13975,6155,60534,6145,32733,6140,123498
2020-06-12 10:00:23.76,6150.86,6150,9300,6155,60534,6145,32733,6140,123498
2020-06-12 10:00:24.13,6150.86,6155,79334,6160,48977,6145,32735,6140,123498
2020-06-12 10:00:25.34,6150.86,6150,12700,6155,79334,6145,32820,6140,123498
2020-06-12 10:00:25.79,6150.86,6150,180,6155,79334,6145,32820,6140,123498
2020-06-12 10:00:27.26,6151.87,6155,70534,6160,48977,6150,5800,6145,32820
2020-06-12 10:00:28.48,6152.37,6155,70534,6160,48977,6150,8700,6145,34781
2020-06-12 10:00:28.80,6151.87,6155,80459,6160,48977,6150,9200,6145,34801
2020-06-12 10:00:30.01,6152.37,6155,80459,6160,48977,6150,19600,6145,43828
2020-06-12 10:00:30.46,6153.38,6155,75459,6160,48977,6150,28100,6145,43828
2020-06-12 10:00:31.58,6153.38,6155,75569,6160,48977,6150,42080,6145,43828
2020-06-12 10:00:32.65,6153.38,6155,56699,6160,50938,6150,42080,6145,43828
2020-06-12 10:00:33.69,6153.38,6155,54199,6160,50938,6150,44075,6145,43828
2020-06-12 10:00:34.72,6153.38,6155,73069,6160,48977,6150,43075,6145,43828
2020-06-12 10:00:35.77,6153.38,6155,57197,6160,50938,6150,45075,6145,43827
2020-06-12 10:00:36.80,6153.38,6155,49281,6160,50938,6150,45675,6145,63986
2020-06-12 10:00:37.85,6154.89,6160,51038,6165,34873,6155,18370,6150,53775
2020-06-12 10:00:38.91,6154.89,6160,51038,6165,34873,6155,33650,6150,85917
2020-06-12 10:00:39.97,6157.91,6160,46038,6165,34873,6155,33660,6150,85967
2020-06-12 10:00:41.02,6159.42,6160,43538,6165,37873,6155,21880,6150,86867
2020-06-12 10:00:42.06,6159.42,6160,43719,6165,37873,6155,24382,6150,76867
2020-06-12 10:00:43.06,6159.42,6160,36019,6165,37873,6155,26045,6150,76867
2020-06-12 10:00:44.03,6159.42,6160,35857,6165,37873,6155,25883,6150,76867
2020-06-12 10:00:44.53,6159.42,6160,45857,6165,37873,6155,26034,6150,49726
2020-06-12 10:00:45.75,6159.42,6160,35857,6165,37873,6155,40014,6150,49726
2020-06-12 10:00:46.77,6159.42,6160,37263,6165,37873,6155,26134,6150,49726
2020-06-12 10:00:47.31,6159.42,6160,37263,6165,37873,6155,40114,6150,50126
2020-06-12 10:00:48.36,6158.91,6160,47363,6165,39873,6155,24434,6150,44165
2020-06-12 10:00:49.39,6157.91,6160,49873,6165,39873,6155,11064,6150,44165
2020-06-12 10:00:49.83,6157.4,6160,43073,6165,39873,6155,38183,6150,44165
2020-06-12 10:00:50.98,6157.4,6160,43073,6165,39873,6155,34183,6150,39128
2020-06-12 10:00:51.51,6157.4,6160,39073,6165,35873,6155,34183,6150,39128
2020-06-12 10:00:52.55,6157.4,6160,38973,6165,35873,6155,34183,6150,39822
2020-06-12 10:00:53.12,6157.4,6160,42475,6165,39873,6155,26183,6150,39222
2020-06-12 10:00:54.73,6157.4,6160,42475,6165,39873,6155,52213,6150,46277
2020-06-12 10:00:55.70,6157.4,6160,32280,6165,39873,6155,36233,6150,50277
2020-06-12 10:00:56.73,6157.4,6160,42730,6165,39873,6155,37630,6150,50277
2020-06-12 10:00:57.15,6157.91,6160,36530,6165,39873,6155,60610,6150,50277
2020-06-12 10:00:58.32,6157.4,6160,38530,6165,39873,6155,60610,6150,52277
2020-06-12 10:00:58.61,6158.41,6160,37530,6165,39873,6155,62630,6150,52277
2020-06-12 10:00:59.52,6158.41,6160,13936,6165,41834,6155,62630,6150,72186
2020-06-12 10:01:00.44,6161.43,6160,10536,6165,41834,6155,62630,6150,71336
2020-06-12 10:01:01.57,6161.43,6160,10536,6165,41834,6155,62639,6150,74336
2020-06-12 10:01:02.62,6161.43,6160,10536,6165,41834,6155,62744,6150,74662
2020-06-12 10:01:03.26,6161.43,6165,49334,6170,53775,6160,14401,6155,63744
2020-06-12 10:01:04.45,6161.43,6165,49334,6170,53775,6160,14405,6155,76766
2020-06-12 10:01:06.27,6161.43,6165,49283,6170,53775,6160,17376,6155,76867
2020-06-12 10:01:06.95,6161.43,6165,44256,6170,53775,6160,39956,6155,83838
2020-06-12 10:01:08.12,6162.44,6165,54356,6170,53775,6160,32966,6155,77878
2020-06-12 10:01:09.16,6162.94,6165,46856,6170,53775,6160,18935,6155,83839
2020-06-12 10:01:10.09,6162.94,6165,56456,6170,55775,6160,27735,6155,83839
2020-06-12 10:01:11.17,6162.94,6165,52118,6170,55780,6160,13830,6155,77878
2020-06-12 10:01:12.20,6162.94,6165,57118,6170,55780,6155,80396,6150,75059
2020-06-12 10:01:13.26,6162.94,6165,56868,6170,55780,6160,1500,6155,80396
2020-06-12 10:01:14.25,6162.94,6165,56873,6170,55780,6160,1530,6155,80396
2020-06-12 10:01:14.69,6162.94,6165,58973,6170,55980,6160,3393,6155,80426
2020-06-12 10:01:15.89,6162.94,6160,9400,6165,58973,6155,80426,6150,75195
2020-06-12 10:01:16.93,6162.94,6160,20000,6165,58973,6155,75445,6150,52286
2020-06-12 10:01:17.54,6162.94,6160,19292,6165,58973,6155,65045,6150,52286
2020-06-12 10:01:18.51,6163.44,6160,22329,6165,58973,6155,64045,6150,51286
2020-06-12 10:01:19.57,6160.93,6160,41199,6165,57012,6155,55036,6150,51286
2020-06-12 10:01:20.61,6159.42,6160,58801,6165,57012,6155,55149,6150,51316
2020-06-12 10:01:21.00,6159.42,6160,70547,6165,55012,6155,33670,6150,47316
2020-06-12 10:01:22.17,6159.42,6160,72547,6165,55090,6155,20157,6150,51316
2020-06-12 10:01:23.21,6159.42,6160,72547,6165,55090,6155,21157,6150,51316
2020-06-12 10:01:23.60,6159.42,6160,65926,6165,55090,6155,38093,6150,51316
2020-06-12 10:01:24.84,6159.42,6160,63926,6165,57090,6155,24123,6150,51316
2020-06-12 10:01:25.21,6159.42,6160,63926,6165,68050,6155,41703,6150,51316
2020-06-12 10:01:26.35,6159.42,6160,63926,6165,68050,6155,37421,6150,51316
2020-06-12 10:01:26.60,6159.42,6160,65926,6165,68050,6155,37421,6150,51316
2020-06-12 10:01:27.52,6158.41,6160,42030,6165,70011,6155,41467,6150,51316
2020-06-12 10:01:28.56,6158.41,6160,42030,6165,69911,6155,50467,6150,51816
2020-06-12 10:01:29.60,6158.41,6160,42320,6165,69911,6155,41928,6150,51816
2020-06-12 10:01:30.65,6159.92,6160,42320,6165,70211,6155,51128,6150,51816
2020-06-12 10:01:31.13,6159.92,6160,42320,6165,70211,6155,51133,6150,51966
2020-06-12 10:01:32.23,6159.92,6160,42320,6165,70211,6155,51133,6150,74875
2020-06-12 10:01:32.73,6159.92,6160,31541,6165,70211,6155,51133,6150,80851
2020-06-12 10:01:33.80,6159.92,6160,43641,6165,70211,6155,41943,6150,60942
2020-06-12 10:01:34.85,6159.92,6160,37841,6165,70211,6155,41943,6150,57943
2020-06-12 10:01:35.29,6159.92,6160,53711,6165,68250,6155,41943,6150,57943
2020-06-12 10:01:36.44,6159.92,6160,40833,6165,70211,6155,52143,6150,77852
2020-06-12 10:01:36.87,6159.92,6160,37483,6165,70211,6155,51853,6150,80852
2020-06-12 10:01:37.99,6159.92,6160,37483,6165,70711,6155,51853,6150,80852
2020-06-12 10:01:38.46,6159.92,6160,16469,6165,70711,6155,57853,6150,80852
2020-06-12 10:01:39.27,6159.92,6160,18869,6165,70711,6155,52878,6150,57943
2020-06-12 10:01:40.15,6160.93,6160,22111,6165,71711,6155,52878,6150,57942
2020-06-12 10:01:41.19,6160.93,6160,997,6165,71711,6155,57878,6150,78361
2020-06-12 10:01:42.18,6160.93,6165,71711,6170,57823,6160,3400,6155,57878
2020-06-12 10:01:43.30,6160.93,6165,67711,6170,59823,6160,2333,6155,71119
2020-06-12 10:01:44.27,6160.93,6165,67711,6170,59823,6160,2763,6155,71119
2020-06-12 10:01:44.83,6160.93,6165,69711,6170,64180,6160,7793,6155,71119
2020-06-12 10:01:45.91,6160.93,6165,55111,6170,58180,6160,24223,6155,77080
2020-06-12 10:01:46.96,6160.93,6165,35641,6170,60341,6160,26733,6155,77783
2020-06-12 10:01:48.00,6161.93,6165,51511,6170,64380,6160,27731,6155,83783
2020-06-12 10:01:49.05,6163.95,6165,66111,6170,62380,6160,15242,6155,81822
2020-06-12 10:01:49.55,6164.95,6165,57421,6170,64380,6160,17251,6155,77822
2020-06-12 10:01:50.60,6163.44,6165,54021,6170,64380,6160,36589,6155,83222
2020-06-12 10:01:51.66,6163.44,6165,54866,6170,64380,6160,36349,6155,83222
2020-06-12 10:01:52.67,6163.44,6165,35996,6170,66841,6160,36449,6155,83222
2020-06-12 10:01:53.16,6163.44,6165,36800,6170,66841,6160,36490,6155,83181
2020-06-12 10:01:54.25,6163.44,6165,36800,6170,66841,6160,37051,6155,83181
2020-06-12 10:01:55.36,6163.44,6165,36730,6170,66841,6160,53081,6155,82478
2020-06-12 10:01:56.39,6163.44,6165,58345,6170,66841,6160,53091,6155,82478
2020-06-12 10:01:56.92,6163.44,6165,72915,6170,64880,6160,39192,6155,82397
2020-06-12 10:01:57.97,6164.95,6165,73915,6170,64910,6160,53172,6155,82397
2020-06-12 10:01:59.01,6164.95,6165,74599,6170,64910,6160,53172,6155,82397
2020-06-12 10:02:00.06,6164.95,6165,53929,6170,66871,6160,53172,6155,82397
2020-06-12 10:02:00.55,6164.95,6165,53929,6170,60871,6160,53172,6155,90298
2020-06-12 10:02:01.62,6164.95,6165,47651,6170,66871,6160,53160,6155,96280
2020-06-12 10:02:02.70,6164.95,6165,47651,6170,66871,6160,53162,6155,82371
2020-06-12 10:02:03.70,6164.95,6165,46651,6170,66871,6160,53162,6155,85371
2020-06-12 10:02:04.19,6164.95,6165,62521,6170,64910,6160,53242,6155,85341
2020-06-12 10:02:05.33,6164.95,6165,62521,6170,64910,6160,39262,6155,85341
2020-06-12 10:02:05.93,6164.95,6165,72488,6170,62910,6160,53242,6155,83324
2020-06-12 10:02:06.90,6164.95,6165,72457,6170,62910,6160,39362,6155,83324
2020-06-12 10:02:07.92,6166.46,6165,72495,6170,64910,6160,36496,6155,79324
2020-06-12 10:02:08.45,6164.45,6165,72646,6170,64910,6160,36796,6155,79324
2020-06-12 10:02:09.46,6164.45,6165,72565,6170,64910,6160,50695,6155,83324
2020-06-12 10:02:10.11,6164.45,6165,72565,6170,64910,6160,50855,6155,83324
2020-06-12 10:02:11.10,6164.45,6165,53695,6170,66871,6160,50855,6155,83324
2020-06-12 10:02:12.15,6164.45,6165,73765,6170,64910,6160,36905,6155,83324
2020-06-12 10:02:13.17,6164.45,6165,50338,6170,66871,6160,51234,6155,83324
2020-06-12 10:02:14.23,6164.45,6165,83910,6170,64910,6160,38500,6155,83324
2020-06-12 10:02:14.65,6164.45,6165,83910,6170,64910,6160,33845,6155,83324
2020-06-12 10:02:15.81,6164.45,6165,83810,6170,64910,6160,34461,6155,83324
2020-06-12 10:02:16.88,6164.45,6165,83810,6170,64910,6160,34811,6155,83300
2020-06-12 10:02:17.88,6163.95,6165,83810,6170,64910,6160,21161,6155,83300
2020-06-12 10:02:18.35,6164.45,6165,85735,6170,62930,6160,23161,6155,81339
2020-06-12 10:02:19.51,6164.45,6165,83735,6170,64930,6160,23161,6155,83300
2020-06-12 10:02:19.95,6164.45,6165,85616,6170,62930,6155,87339,6150,81797
2020-06-12 10:02:21.09,6162.94,6160,3550,6165,85616,6155,87339,6150,81797
2020-06-12 10:02:22.12,6162.94,6160,7042,6165,87399,6155,87339,6150,81797
2020-06-12 10:02:22.52,6162.94,6160,2444,6165,87399,6155,87339,6150,81797
2020-06-12 10:02:23.66,6162.94,6165,87429,6170,62930,6160,19564,6155,86394
2020-06-12 10:02:24.74,6162.94,6165,87429,6170,62930,6160,33544,6155,92356
2020-06-12 10:02:25.13,6162.94,6165,85429,6170,64930,6160,19564,6155,88356
2020-06-12 10:02:26.30,6162.94,6160,6100,6165,87399,6155,86395,6150,83479
2020-06-12 10:02:27.35,6162.94,6165,85628,6170,62900,6155,80495,6150,77103
2020-06-12 10:02:27.82,6163.95,6165,85628,6170,62900,6160,2000,6155,85604
2020-06-12 10:02:28.91,6162.94,6165,85628,6170,62900,6160,2324,6155,79604
2020-06-12 10:02:29.29,6162.44,6165,90628,6170,62900,6155,79604,6150,77103
2020-06-12 10:02:29.88,6162.44,6160,2907,6165,87721,6155,79604,6150,77103
2020-06-12 10:02:30.94,6162.44,6160,14707,6165,87751,6155,78604,6150,77103
2020-06-12 10:02:31.43,6162.44,6160,28442,6165,87751,6155,76605,6150,77103
2020-06-12 10:02:32.52,6162.44,6160,33544,6165,85751,6155,91572,6150,60194
2020-06-12 10:02:33.02,6162.44,6160,13735,6165,87751,6155,91577,6150,74103
2020-06-12 10:02:34.11,6162.44,6160,12725,6165,87851,6155,91577,6150,74103
2020-06-12 10:02:35.18,6162.44,6165,89851,6170,62900,6160,9200,6155,96610
2020-06-12 10:02:35.67,6162.44,6165,89851,6170,62900,6160,4000,6155,104571
2020-06-12 10:02:36.74,6162.44,6165,89851,6170,62900,6160,1,6155,92977
2020-06-12 10:02:37.80,6161.43,6165,89851,6170,62900,6160,13980,6155,92977
2020-06-12 10:02:38.14,6161.43,6165,89851,6170,62900,6160,8732,6155,92977
2020-06-12 10:02:39.35,6162.44,6160,15599,6165,89851,6155,92977,6150,77703
2020-06-12 10:02:39.52,6161.43,6160,24499,6165,89851,6155,90577,6150,77703
2020-06-12 10:02:40.33,6161.93,6160,15699,6165,89851,6155,90627,6150,77703
2020-06-12 10:02:41.36,6161.93,6160,11312,6165,89851,6155,90927,6150,77703
2020-06-12 10:02:41.66,6161.93,6160,11298,6165,89851,6155,90929,6150,77703
2020-06-12 10:02:42.62,6161.93,6165,96841,6170,62910,6160,9790,6155,90929
2020-06-12 10:02:43.39,6161.93,6165,92841,6170,58910,6160,50,6155,90939
2020-06-12 10:02:44.65,6161.93,6160,11740,6165,89794,6155,90939,6150,73708
2020-06-12 10:02:45.03,6161.93,6160,34015,6165,89794,6155,81239,6150,60799
2020-06-12 10:02:46.26,6161.93,6160,49892,6165,87833,6155,58789,6150,60599
2020-06-12 10:02:47.21,6161.93,6160,49887,6165,87833,6155,58789,6150,58918
2020-06-12 10:02:47.53,6162.94,6160,59374,6165,84333,6155,58789,6150,58918
2020-06-12 10:02:48.37,6159.92,6160,39504,6165,90299,6155,58791,6150,58918
2020-06-12 10:02:49.42,6158.91,6160,28511,6165,90299,6155,58791,6150,58968
2020-06-12 10:02:50.03,6158.91,6160,9507,6165,101603,6155,57301,6150,72897
2020-06-12 10:02:50.99,6160.93,6160,2628,6165,101603,6155,62341,6150,72897
2020-06-12 10:02:52.06,6160.93,6160,2628,6165,101573,6155,62341,6150,72905
2020-06-12 10:02:52.46,6160.93,6160,1122,6165,101573,6155,62341,6150,78856
2020-06-12 10:02:53.46,6160.93,6165,101573,6170,62910,6160,13020,6155,67381
2020-06-12 10:02:54.35,6160.93,6160,10765,6165,101573,6155,67381,6150,78856
2020-06-12 10:02:55.25,6160.93,6160,21859,6165,90569,6155,62348,6150,75866
2020-06-12 10:02:56.38,6160.93,6160,16014,6165,90569,6155,62368,6150,75866
2020-06-12 10:02:57.04,6160.93,6160,18332,6165,90569,6155,62378,6150,61957
2020-06-12 10:02:58.00,6162.44,6160,928,6165,101573,6155,62378,6150,78866
2020-06-12 10:02:59.05,6161.93,6160,27904,6165,90569,6155,62383,6150,64957
2020-06-12 10:02:59.61,6160.42,6160,11904,6165,90569,6155,62383,6150,61957
2020-06-12 10:03:00.60,6160.42,6160,4000,6165,104639,6155,62383,6150,75866
2020-06-12 10:03:01.69,6160.42,6165,93139,6170,62910,6160,17322,6155,75416
2020-06-12 10:03:02.72,6160.42,6165,84139,6170,58910,6160,17292,6155,75416
2020-06-12 10:03:03.13,6160.42,6165,86356,6170,63110,6160,15509,6155,69416
2020-06-12 10:03:04.35,6160.42,6165,86356,6170,63110,6160,15509,6155,69416
2020-06-12 10:03:05.38,6160.42,6165,86356,6170,63110,6160,15070,6155,79416
2020-06-12 10:03:05.89,6160.42,6160,18870,6165,68286,6155,74383,6150,57967
2020-06-12 10:03:06.95,6160.93,6160,14070,6165,68286,6155,75986,6150,58367
2020-06-12 10:03:07.95,6162.94,6160,18070,6165,72287,6155,75986,6150,82652
2020-06-12 10:03:08.31,6160.42,6160,3819,6165,69042,6155,75986,6150,85652
2020-06-12 10:03:09.06,6160.93,6160,17889,6165,54972,6155,75986,6150,71743
2020-06-12 10:03:10.08,6160.93,6165,65042,6170,73180,6160,15070,6155,74986
2020-06-12 10:03:11.11,6162.94,6165,65042,6170,73180,6160,15070,6155,74986
2020-06-12 10:03:11.53,6162.94,6165,64967,6170,73180,6160,15070,6155,80019
2020-06-12 10:03:12.72,6162.94,6165,68967,6170,77180,6160,7131,6155,74986
2020-06-12 10:03:13.72,6162.94,6160,6439,6165,68967,6155,80024,6150,88882
2020-06-12 10:03:14.26,6162.94,6165,68967,6170,77180,6155,80054,6150,88882
2020-06-12 10:03:15.36,6162.94,6160,5900,6165,68283,6155,80054,6150,88882
2020-06-12 10:03:15.78,6162.94,6160,18069,6165,68283,6155,80018,6150,88882
2020-06-12 10:03:16.92,6162.94,6165,69042,6170,77190,6160,11070,6155,80018
2020-06-12 10:03:17.98,6162.94,6165,74042,6170,77190,6160,10113,6155,80068
2020-06-12 10:03:18.51,6160.93,6160,20772,6165,70042,6155,80088,6150,84892
2020-06-12 10:03:19.48,6161.93,6160,1075,6165,70047,6155,80089,6150,85892
2020-06-12 10:03:20.07,6161.43,6160,13176,6165,74047,6155,75056,6150,68983
2020-06-12 10:03:21.14,6161.43,6160,32860,6165,70047,6155,70055,6150,72983
2020-06-12 10:03:21.65,6161.43,6160,34804,6165,70047,6155,70055,6150,72983
2020-06-12 10:03:22.75,6161.43,6160,38304,6165,75047,6155,70055,6150,72983
2020-06-12 10:03:23.79,6161.43,6160,59200,6165,73086,6155,70055,6150,72983
2020-06-12 10:03:24.81,6161.43,6160,59199,6165,73086,6155,63734,6150,72983
2020-06-12 10:03:25.89,6161.43,6160,62199,6165,73086,6155,64235,6150,72983
2020-06-12 10:03:26.35,6161.43,6160,59191,6165,73086,6155,63935,6150,67046
2020-06-12 10:03:27.49,6161.43,6160,59191,6165,73086,6155,63935,6150,73057
2020-06-12 10:03:27.99,6158.41,6160,39321,6165,79047,6155,63935,6150,73067
2020-06-12 10:03:29.06,6159.92,6160,28295,6165,81047,6155,64097,6150,73067
2020-06-12 10:03:29.52,6158.91,6160,27894,6165,81047,6155,64097,6150,73068
2020-06-12 10:03:30.65,6160.93,6160,22894,6165,81047,6155,54097,6150,76068
2020-06-12 10:03:31.10,6160.93,6160,28894,6165,81047,6155,54097,6150,76068
2020-06-12 10:03:33.21,6160.93,6160,28904,6165,81047,6155,54097,6150,73068
2020-06-12 10:03:33.59,6160.93,6160,28904,6165,81047,6155,59097,6150,73068
2020-06-12 10:03:34.76,6160.93,6160,28904,6165,81047,6155,59097,6150,73068
2020-06-12 10:03:35.05,6160.93,6160,28672,6165,81047,6155,59097,6150,73068
2020-06-12 10:03:35.85,6160.93,6165,81047,6170,78190,6155,59097,6150,89977
2020-06-12 10:03:36.91,6160.93,6165,81047,6170,78190,6160,11071,6155,70732
2020-06-12 10:03:37.55,6160.93,6165,81047,6170,78190,6160,11071,6155,64732
2020-06-12 10:03:38.40,6159.92,6165,81047,6170,78190,6160,11071,6155,64732
2020-06-12 10:03:38.99,6162.94,6165,90972,6170,78190,6160,11071,6155,64752
2020-06-12 10:03:40.05,6162.94,6165,90982,6170,78190,6160,11071,6155,64752
2020-06-12 10:03:40.43,6162.94,6165,86982,6170,82190,6160,11071,6155,72713
2020-06-12 10:03:41.65,6162.94,6165,88982,6170,78190,6160,11071,6155,72713
2020-06-12 10:03:42.02,6162.94,6165,88854,6170,78190,6160,11071,6155,70752
2020-06-12 10:03:43.21,6162.94,6165,88854,6170,78190,6160,11271,6155,66452
2020-06-12 10:03:43.58,6162.94,6165,88854,6170,78190,6160,11276,6155,72452
2020-06-12 10:03:44.80,6162.94,6165,88804,6170,78190,6160,16276,6155,74413
2020-06-12 10:03:45.25,6162.94,6165,91804,6170,78190,6160,205,6155,66452
2020-06-12 10:03:46.38,6162.94,6165,91804,6170,78190,6160,1000,6155,66452
2020-06-12 10:03:47.39,6162.94,6165,91804,6170,78190,6160,1051,6155,66452
2020-06-12 10:03:47.75,6163.44,6165,91794,6170,78190,6160,1051,6155,66452
2020-06-12 10:03:48.49,6162.44,6165,91794,6170,78190,6160,2051,6155,66552
2020-06-12 10:03:49.55,6162.44,6160,20919,6165,91794,6155,66562,6150,80640
2020-06-12 10:03:50.53,6162.44,6160,6452,6165,91794,6155,66562,6150,80640
2020-06-12 10:03:50.96,6162.44,6160,4000,6165,91794,6155,66562,6150,80640
2020-06-12 10:03:51.78,6162.44,6160,3990,6165,91794,6155,66562,6150,80640
2020-06-12 10:03:52.70,6162.44,6160,2521,6165,91794,6155,66562,6150,80640
2020-06-12 10:03:53.75,6162.44,6165,91794,6170,78190,6160,11021,6155,67356
2020-06-12 10:03:54.77,6162.44,6165,77765,6170,82160,6160,16143,6155,79317
2020-06-12 10:03:55.75,6162.44,6165,77755,6170,82160,6160,31256,6155,79317
2020-06-12 10:03:56.00,6162.44,6165,74755,6170,82160,6160,33564,6155,79317
2020-06-12 10:03:56.92,6161.43,6165,74745,6170,82160,6160,38905,6155,79317
2020-06-12 10:03:57.97,6161.93,6165,74735,6170,82160,6160,39405,6155,79317
2020-06-12 10:03:58.39,6165.46,6165,77735,6170,82160,6160,39405,6155,79317
2020-06-12 10:03:59.55,6164.95,6165,61855,6170,84121,6160,39410,6155,79317
2020-06-12 10:03:59.87,6164.95,6165,55855,6170,84121,6160,45908,6155,93226
2020-06-12 10:04:01.08,6164.95,6165,53355,6170,84121,6160,46408,6155,93226
2020-06-12 10:04:01.45,6164.95,6165,8009,6170,86121,6160,46410,6155,96226
2020-06-12 10:04:02.69,6164.95,6165,24082,6170,86101,6160,55581,6155,96226
2020-06-12 10:04:03.22,6164.95,6165,22584,6170,86101,6160,54383,6155,82317
2020-06-12 10:04:04.25,6164.95,6165,24084,6170,86101,6160,54403,6155,79317
2020-06-12 10:04:05.25,6164.95,6165,24174,6170,86101,6160,54403,6155,79317
2020-06-12 10:04:06.29,6164.95,6165,30099,6170,86101,6160,54453,6155,79317
2020-06-12 10:04:06.65,6164.95,6165,23999,6170,86101,6160,54453,6155,79317
2020-06-12 10:04:07.87,6167.47,6165,29892,6170,86101,6160,49453,6155,79317
2020-06-12 10:04:08.32,6165.96,6165,31272,6170,86101,6160,49453,6155,82317
2020-06-12 10:04:09.45,6165.96,6165,29994,6170,86101,6160,49503,6155,82317
2020-06-12 10:04:09.97,6165.96,6165,9924,6170,86101,6160,54503,6155,95243
2020-06-12 10:04:10.98,6166.97,6165,9696,6170,86101,6160,55003,6155,97638
2020-06-12 10:04:11.46,6166.97,6165,929,6170,86101,6160,60143,6155,97638
2020-06-12 10:04:12.56,6166.97,6170,88501,6175,69197,6165,623,6160,59180
2020-06-12 10:04:13.60,6166.97,6165,500,6170,92901,6160,61051,6155,97638
2020-06-12 10:04:14.65,6166.97,6165,27570,6170,92901,6160,61051,6155,97638
2020-06-12 10:04:15.09,6166.97,6165,11600,6170,92901,6160,61051,6155,97638
2020-06-12 10:04:16.24,6166.97,6165,2150,6170,92901,6160,61051,6155,97638
2020-06-12 10:04:16.82,6166.97,6165,30220,6170,92901,6160,61051,6155,97638
2020-06-12 10:04:17.81,6167.47,6165,30120,6170,92901,6160,56011,6155,80729
2020-06-12 10:04:18.85,6167.47,6165,33064,6170,92901,6160,51011,6155,80729
2020-06-12 10:04:19.26,6167.47,6165,32544,6170,92901,6160,51411,6155,80729
2020-06-12 10:04:20.34,6167.47,6165,32382,6170,92901,6160,51411,6155,80729
2020-06-12 10:04:20.82,6164.95,6165,34572,6170,92901,6160,51411,6155,80729
2020-06-12 10:04:21.98,6164.95,6165,37552,6170,92901,6160,58299,6155,77834
2020-06-12 10:04:22.43,6164.95,6165,37420,6170,92911,6160,58167,6155,77834
2020-06-12 10:04:23.46,6164.95,6165,37420,6170,92911,6160,59278,6155,77834
2020-06-12 10:04:23.85,6164.95,6165,37410,6170,92911,6160,59278,6155,77834
2020-06-12 10:04:24.71,6164.95,6165,56170,6170,90950,6160,59278,6155,77834
2020-06-12 10:04:25.61,6164.95,6165,40290,6170,93411,6160,58878,6155,77834
2020-06-12 10:04:26.69,6164.95,6165,39308,6170,93411,6160,58878,6155,77834
2020-06-12 10:04:27.16,6165.46,6165,36298,6170,93411,6160,58978,6155,77834
2020-06-12 10:04:28.31,6165.46,6165,36278,6170,93411,6160,58988,6155,77934
2020-06-12 10:04:28.74,6164.45,6165,36088,6170,93411,6160,58998,6155,77934
2020-06-12 10:04:29.89,6164.45,6165,36088,6170,93433,6160,59298,6155,77934
2020-06-12 10:04:30.25,6164.45,6165,36088,6170,93433,6160,59298,6155,77934
2020-06-12 10:04:31.03,6164.45,6165,31378,6170,93433,6160,64298,6155,77934
2020-06-12 10:04:31.98,6164.45,6165,31368,6170,93433,6160,54808,6155,87934
2020-06-12 10:04:33.06,6164.45,6165,34068,6170,93433,6160,79808,6155,88134
2020-06-12 10:04:33.45,6164.45,6165,34058,6170,93433,6160,79808,6155,88434
2020-06-12 10:04:34.66,6164.45,6165,31483,6170,93433,6160,79808,6155,88434
2020-06-12 10:04:35.03,6164.45,6165,28273,6170,93433,6160,79808,6155,88434
2020-06-12 10:04:36.26,6164.45,6165,3048,6170,93433,6160,79708,6155,102343
2020-06-12 10:04:36.62,6164.45,6170,93323,6175,69678,6165,6811,6160,79708
2020-06-12 10:04:37.84,6164.45,6170,88523,6175,69678,6165,25652,6160,84748
2020-06-12 10:04:38.26,6164.95,6170,82513,6175,75678,6165,26152,6160,94448
2020-06-12 10:04:39.42,6165.96,6170,78360,6175,79831,6165,26152,6160,96419
2020-06-12 10:04:39.73,6165.96,6170,78340,6175,79831,6165,26252,6160,96419
2020-06-12 10:04:40.48,6168.48,6170,78340,6175,79831,6165,26277,6160,96419
2020-06-12 10:04:41.51,6168.48,6170,81140,6175,73750,6165,27277,6160,96419
2020-06-12 10:04:42.54,6168.48,6170,75140,6175,79750,6165,28477,6160,96419
2020-06-12 10:04:43.59,6168.48,6170,78140,6175,79750,6165,49377,6160,76419
2020-06-12 10:04:44.23,6168.48,6170,62270,6175,81711,6165,49377,6160,76419
2020-06-12 10:04:45.17,6168.48,6170,62298,6175,81711,6165,62377,6160,75919
2020-06-12 10:04:46.20,6168.48,6170,45519,6175,81711,6165,63026,6160,75919
2020-06-12 10:04:46.59,6168.48,6170,45969,6175,81711,6165,63036,6160,75919
2020-06-12 10:04:47.82,6168.48,6170,51768,6175,81711,6165,63336,6160,75619
2020-06-12 10:04:48.23,6169.48,6170,51668,6175,81711,6165,63320,6160,75619
2020-06-12 10:04:49.43,6169.99,6170,70438,6175,79750,6165,63320,6160,75619
2020-06-12 10:04:49.85,6169.99,6170,81351,6175,73750,6165,63320,6160,63658
2020-06-12 10:04:51.01,6168.48,6170,81251,6175,73750,6165,73320,6160,69708
2020-06-12 10:04:51.51,6168.48,6170,81151,6175,73750,6165,73320,6160,69709
2020-06-12 10:04:52.60,6168.48,6170,74316,6175,79750,6165,73320,6160,71690
2020-06-12 10:04:53.12,6168.48,6170,74216,6175,79750,6165,73320,6160,75690
2020-06-12 10:04:54.17,6168.48,6170,55246,6175,86047,6165,73320,6160,75690
2020-06-12 10:04:55.26,6168.48,6170,51258,6175,86047,6165,78324,6160,75690
2020-06-12 10:04:55.60,6168.48,6170,50628,6175,86047,6165,78324,6160,75890
2020-06-12 10:04:56.85,6168.48,6170,50568,6175,86047,6165,78324,6160,75890
2020-06-12 10:04:57.29,6168.48,6170,50158,6175,86050,6165,76221,6160,75890
2020-06-12 10:04:58.32,6168.98,6170,49688,6175,86050,6165,76221,6160,75890
2020-06-12 10:04:58.63,6170.49,6170,44665,6175,86050,6165,76252,6160,75890
2020-06-12 10:04:59.40,6170.99,6170,44819,6175,86050,6165,80265,6160,75890
2020-06-12 10:05:00.93,6170.99,6175,93550,6180,137436,6170,12873,6165,89345
2020-06-12 10:05:02.12,6170.99,6175,93540,6180,137436,6170,1255,6165,100457
2020-06-12 10:05:02.76,6170.99,6175,94137,6180,133436,6170,200,6165,93983
2020-06-12 10:05:03.65,6170.99,6170,22020,6175,85741,6165,94283,6160,88829
2020-06-12 10:05:04.72,6170.99,6170,34503,6175,89741,6165,84283,6160,92829
2020-06-12 10:05:05.26,6170.99,6170,34007,6175,89751,6165,84283,6160,92829
2020-06-12 10:05:06.32,6170.99,6170,39707,6175,89811,6165,79136,6160,78920
2020-06-12 10:05:07.38,6170.99,6170,47207,6175,89982,6165,79136,6160,78935
2020-06-12 10:05:08.40,6172.0,6170,36872,6175,89982,6165,79136,6160,75935
2020-06-12 10:05:08.88,6170.49,6170,41842,6175,89982,6165,79136,6160,82091
2020-06-12 10:05:09.97,6169.99,6170,67438,6175,88021,6165,78636,6160,82091
2020-06-12 10:05:10.38,6169.99,6170,70437,6175,88021,6165,78636,6160,82091
2020-06-12 10:05:11.55,6169.99,6170,35654,6175,89982,6165,81636,6160,96000
2020-06-12 10:05:12.02,6169.99,6170,36154,6175,90482,6165,181636,6160,82591
2020-06-12 10:05:13.07,6169.99,6170,33664,6175,90492,6165,181636,6160,82591
2020-06-12 10:05:14.08,6169.99,6170,36664,6175,90492,6165,181636,6160,82591
2020-06-12 10:05:14.42,6169.99,6170,32762,6175,100492,6165,181636,6160,82591
2020-06-12 10:05:15.11,6169.99,6170,48632,6175,98531,6165,181636,6160,82591
2020-06-12 10:05:15.75,6169.99,6170,26662,6175,100502,6165,181636,6160,82591
2020-06-12 10:05:16.78,6169.99,6170,50332,6175,98541,6165,181636,6160,82391
2020-06-12 10:05:17.22,6170.49,6170,29070,6175,100502,6165,181636,6160,82391
2020-06-12 10:05:18.28,6169.48,6170,29070,6175,100502,6165,181636,6160,82391
2020-06-12 10:05:19.31,6169.99,6170,29120,6175,100652,6165,181636,6160,82391
2020-06-12 10:05:19.64,6169.99,6170,29117,6175,99840,6165,181636,6160,82391
2020-06-12 10:05:20.45,6169.99,6170,18130,6175,99840,6165,181636,6160,99300
