time,nav,sell1,sell1_cnt,sell2,sell2_cnt,buy1,buy1_cnt,buy2,buy2_cnt
2020-06-11 09:35:11.96,0.0,5975,52977,5980,79612,5970,56009,5965,160584
2020-06-11 09:35:12.85,0.0,5975,52977,5980,79612,5970,56309,5965,160284
2020-06-11 09:35:13.49,0.0,5975,52977,5980,79612,5970,56329,5965,160284
2020-06-11 09:35:14.32,0.0,5975,52977,5980,79612,5970,56429,5965,160284
2020-06-11 09:35:15.36,0.0,5975,52977,5980,79612,5970,56429,5965,160284
2020-06-11 09:35:15.88,0.0,5975,63238,5980,77641,5970,56429,5965,160284
2020-06-11 09:35:16.69,5957.36,5975,54936,5980,77641,5970,56929,5965,160284
2020-06-11 09:35:17.52,5957.07,5975,54936,5980,77641,5970,55029,5965,160284
2020-06-11 09:35:18.25,5956.71,5975,55935,5980,77641,5970,55029,5965,160284
2020-06-11 09:35:19.16,5956.71,5975,55935,5980,77641,5970,60029,5965,160284
2020-06-11 09:35:44.40,5956.71,5975,56589,5980,83612,5970,40160,5965,153232
2020-06-11 09:35:45.22,5956.71,5975,51589,5980,83612,5970,40390,5965,153232
2020-06-11 09:35:45.99,5956.71,5975,51589,5980,83612,5970,42920,5965,153232
2020-06-11 09:35:46.69,5955.98,5975,51589,5980,84612,5970,43920,5965,153232
2020-06-11 09:35:47.43,5955.98,5975,51690,5980,84612,5970,43920,5965,153235
2020-06-11 09:35:48.19,5955.98,5975,51990,5980,84612,5970,43930,5965,153235
2020-06-11 09:35:50.40,5955.41,5975,51965,5980,84612,5970,43930,5965,153235
2020-06-11 09:35:51.19,5955.41,5975,51960,5980,84612,5970,44731,5965,153235
2020-06-11 09:35:51.99,5955.41,5975,52964,5980,84612,5970,44731,5965,153235
2020-06-11 09:35:52.79,5955.41,5975,53964,5980,84612,5970,45231,5965,153235
2020-06-11 09:35:54.19,5955.41,5975,49964,5980,84612,5970,50291,5965,153235
2020-06-11 09:35:56.16,5955.41,5975,55464,5980,84612,5970,50291,5965,153235
2020-06-11 09:35:56.66,5955.41,5975,55468,5980,84712,5970,50291,5965,153235
2020-06-11 09:35:57.29,5955.41,5975,55468,5980,84712,5970,50291,5965,153235
2020-06-11 09:35:57.89,5957.58,5975,73439,5980,82741,5970,45231,5965,153235
2020-06-11 09:35:58.63,5957.58,5970,45723,5975,83939,5965,149473,5960,131255
2020-06-11 09:35:59.32,5952.67,5970,45723,5975,83939,5965,149473,5960,136264
2020-06-11 09:36:00.63,5952.67,5970,42223,5975,83939,5965,154537,5960,136264
2020-06-11 09:36:01.29,5952.67,5970,42223,5975,83939,5965,154537,5960,136264
2020-06-11 09:36:02.02,5952.67,5970,51310,5975,81968,5965,154537,5960,136264
2020-06-11 09:36:02.72,5952.67,5970,50160,5975,81968,5965,154537,5960,136264
2020-06-11 09:36:03.49,5952.67,5970,48189,5975,83939,5965,152537,5960,136264
2020-06-11 09:36:04.32,5952.67,5970,47789,5975,83939,5965,152427,5960,136264
2020-06-11 09:36:05.02,5952.67,5970,49805,5975,81968,5965,152427,5960,136264
2020-06-11 09:36:07.19,5951.95,5970,49805,5975,81968,5965,151927,5960,135764
2020-06-11 09:36:10.90,5951.95,5970,39761,5975,82668,5965,212935,5960,137910
2020-06-11 09:36:11.32,5951.95,5970,41397,5975,82668,5965,214935,5960,137910
2020-06-11 09:36:12.14,5951.95,5970,66884,5975,82668,5965,205469,5960,137910
2020-06-11 09:36:12.91,5951.95,5970,63884,5975,82668,5965,205469,5960,137910
2020-06-11 09:36:13.75,5951.95,5970,63884,5975,82668,5965,205969,5960,137910
2020-06-11 09:36:14.66,5951.95,5970,59943,5975,82668,5965,205969,5960,138910
2020-06-11 09:36:15.49,5951.95,5970,60943,5975,85668,5965,205969,5960,138910
2020-06-11 09:36:16.32,5951.66,5970,60834,5975,85668,5965,201469,5960,138920
2020-06-11 09:36:17.02,5950.79,5970,60834,5975,85768,5965,201669,5960,138920
2020-06-11 09:36:17.68,5950.79,5970,33434,5975,82768,5965,201669,5960,133920
2020-06-11 09:36:18.32,5950.58,5970,33434,5975,82768,5965,201669,5960,133920
2020-06-11 09:36:18.99,5950.58,5970,33484,5975,82768,5965,201674,5960,133920
2020-06-11 09:36:19.61,5951.66,5970,38650,5975,85968,5965,201675,5960,133920
2020-06-11 09:36:20.13,5951.66,5970,38650,5975,85968,5965,201675,5960,133920
2020-06-11 09:36:20.75,5951.66,5970,38650,5975,85968,5965,201637,5960,133920
2020-06-11 09:36:21.54,5951.66,5970,40150,5975,85968,5965,201638,5960,133178
2020-06-11 09:36:22.29,5951.66,5970,40150,5975,82968,5965,201738,5960,133943
2020-06-11 09:36:22.90,5951.66,5970,40150,5975,83476,5965,201738,5960,133940
2020-06-11 09:36:24.69,5951.66,5970,55950,5975,86476,5965,197539,5960,133940
2020-06-11 09:36:25.38,5951.66,5970,55950,5975,86476,5965,197539,5960,133198
2020-06-11 09:36:26.02,5951.66,5970,55950,5975,86476,5965,197539,5960,133201
2020-06-11 09:36:27.22,5951.3,5970,55950,5975,86476,5965,197539,5960,133221
2020-06-11 09:36:28.60,5950.22,5970,55980,5975,86476,5965,197609,5960,133963
2020-06-11 09:36:29.33,5951.3,5970,38680,5975,86476,5965,193109,5960,134963
2020-06-11 09:36:30.21,5951.3,5970,24312,5975,86476,5965,193529,5960,134963
2020-06-11 09:36:41.32,5951.3,5975,86906,5980,81185,5970,32765,5965,209539
2020-06-11 09:36:42.00,5951.3,5975,86906,5980,81185,5970,12973,5965,209539
2020-06-11 09:36:42.72,5951.3,5975,89906,5980,84185,5970,13043,5965,209539
2020-06-11 09:36:43.46,5951.3,5975,89906,5980,84185,5970,17050,5965,209539
2020-06-11 09:36:44.13,5951.3,5975,89906,5980,84185,5970,18750,5965,209539
2020-06-11 09:36:44.63,5951.3,5975,89906,5980,84185,5970,18855,5965,209639
2020-06-11 09:36:45.19,5951.3,5975,89910,5980,84185,5970,18855,5965,209639
2020-06-11 09:36:45.79,5951.3,5975,89910,5980,84185,5970,18855,5965,209672
2020-06-11 09:36:46.55,5953.83,5975,89910,5980,84185,5970,18905,5965,209672
2020-06-11 09:36:47.99,5954.55,5975,67910,5980,84185,5970,24705,5965,209672
2020-06-11 09:36:48.61,5954.55,5975,67910,5980,84185,5970,24672,5965,209672
2020-06-11 09:36:50.29,5954.55,5975,73910,5980,84185,5970,24672,5965,209672
2020-06-11 09:36:50.43,5954.55,5975,73910,5980,84185,5970,22672,5965,209672
2020-06-11 09:36:51.08,5954.55,5975,82010,5980,84185,5970,17672,5965,209772
2020-06-11 09:36:51.88,5954.55,5975,88910,5980,84185,5970,36812,5965,209772
2020-06-11 09:36:52.44,5954.55,5975,88810,5980,84185,5970,7104,5965,209772
2020-06-11 09:36:53.44,5954.55,5975,88810,5980,84185,5970,7106,5965,209772
2020-06-11 09:36:53.79,5954.55,5975,88810,5980,84185,5970,7106,5965,209777
2020-06-11 09:36:54.39,5954.55,5975,88810,5980,84185,5970,30646,5965,209777
2020-06-11 09:36:55.25,5954.55,5975,88710,5980,84185,5970,30846,5965,213132
2020-06-11 09:36:56.10,5954.55,5975,88710,5980,81185,5970,1806,5965,211132
2020-06-11 09:36:56.82,5954.9,5975,88710,5980,81185,5970,1806,5965,211132
2020-06-11 09:36:57.63,5954.9,5975,88710,5980,81185,5970,5014,5965,211132
2020-06-11 09:36:58.33,5954.9,5975,88710,5980,81185,5970,4961,5965,211132
2020-06-11 09:36:59.08,5954.9,5975,88710,5980,84185,5970,8871,5965,211132
2020-06-11 09:36:59.79,5953.97,5975,88740,5980,84185,5970,8702,5965,210632
2020-06-11 09:37:00.49,5953.97,5975,88740,5980,84185,5970,8702,5965,210732
2020-06-11 09:37:01.21,5953.97,5975,88740,5980,84185,5970,4702,5965,210732
2020-06-11 09:37:01.93,5953.97,5975,88740,5980,84185,5970,4702,5965,210732
2020-06-11 09:37:02.71,5953.97,5970,46109,5975,88740,5965,210732,5960,135770
2020-06-11 09:37:03.58,5953.97,5970,24540,5975,88740,5965,205732,5960,135770
2020-06-11 09:37:04.46,5953.97,5975,88740,5980,81185,5970,10,5965,205732
2020-06-11 09:37:05.36,5953.97,5975,80540,5980,81185,5970,37712,5965,205732
2020-06-11 09:37:06.08,5953.97,5975,73940,5980,81185,5970,37722,5965,205732
2020-06-11 09:37:06.72,5953.97,5975,74040,5980,81185,5970,37722,5965,205732
2020-06-11 09:37:07.36,5952.89,5975,74040,5980,81185,5970,37622,5965,205732
2020-06-11 09:37:08.18,5954.33,5975,74040,5980,84185,5970,37622,5965,205732
2020-06-11 09:37:08.97,5954.33,5975,74040,5980,84185,5970,37722,5965,205732
2020-06-11 09:37:09.80,5955.41,5975,74040,5980,84185,5970,37722,5965,205732
2020-06-11 09:37:10.60,5955.41,5975,68040,5980,84185,5970,39722,5965,205732
2020-06-11 09:37:11.30,5955.41,5975,63040,5980,84185,5970,39722,5965,205732
2020-06-11 09:37:11.90,5955.41,5975,63040,5980,84185,5970,39722,5965,205732
2020-06-11 09:37:13.16,5955.41,5975,89440,5980,84185,5970,54823,5965,205732
2020-06-11 09:37:13.82,5955.41,5975,86940,5980,84185,5970,52823,5965,205782
2020-06-11 09:37:32.64,0.0,5975,63140,5980,84165,5970,52439,5965,206550
2020-06-11 09:37:33.39,0.0,5975,74140,5980,84165,5970,52739,5965,206550
2020-06-11 09:37:34.21,5955.84,5975,74140,5980,84165,5970,58326,5965,206650
2020-06-11 09:37:35.08,5955.84,5975,68140,5980,84165,5970,58326,5965,206650
2020-06-11 09:37:35.71,5955.84,5975,68140,5980,84165,5970,58327,5965,206650
2020-06-11 09:37:37.07,5957.29,5975,68140,5980,84165,5970,58327,5965,206650
2020-06-11 09:37:37.74,5956.56,5975,68140,5980,84165,5970,52742,5965,206650
2020-06-11 09:37:38.38,5956.56,5975,63140,5980,84165,5970,60172,5965,206650
2020-06-11 09:37:39.65,5957.72,5975,63140,5980,84165,5970,60172,5965,207150
2020-06-11 09:37:40.27,5957.72,5975,63140,5980,84165,5970,60172,5965,207150
2020-06-11 09:37:41.54,5957.72,5975,64140,5980,84165,5970,60173,5965,207149
2020-06-11 09:37:42.11,5957.72,5975,64140,5980,84165,5970,61893,5965,207149
2020-06-11 09:37:42.77,5957.72,5975,64140,5980,84165,5970,61893,5965,207149
2020-06-11 09:37:43.32,5957.72,5975,64140,5980,84165,5970,62893,5965,207149
2020-06-11 09:37:44.00,5957.72,5975,70143,5980,84165,5970,62893,5965,207149
2020-06-11 09:37:44.64,5957.72,5975,75143,5980,84165,5970,51617,5965,207149
2020-06-11 09:37:45.41,5957.72,5975,75193,5980,84165,5970,51801,5965,207149
2020-06-11 09:37:46.14,5957.72,5975,75193,5980,84165,5970,51801,5965,207149
2020-06-11 09:37:47.44,5955.27,5975,75193,5980,84165,5970,51801,5965,207149
2020-06-11 09:37:48.16,5955.27,5975,64193,5980,84165,5970,62902,5965,207150
2020-06-11 09:37:48.88,5955.27,5975,62222,5980,86136,5970,62962,5965,207150
2020-06-11 09:37:49.50,5957.43,5975,62222,5980,86136,5970,62962,5965,207150
2020-06-11 09:37:50.25,5957.43,5975,62222,5980,86136,5970,62962,5965,207450
2020-06-11 09:37:52.02,5957.43,5975,64193,5980,84165,5970,62962,5965,207450
2020-06-11 09:37:52.97,5957.43,5975,69193,5980,84165,5970,62962,5965,207450
2020-06-11 09:37:53.86,5957.43,5975,69193,5980,84165,5970,57962,5965,207450
2020-06-11 09:37:54.69,5957.43,5975,78693,5980,84165,5970,55997,5965,207450
2020-06-11 09:37:55.41,5957.43,5975,78693,5980,84165,5970,55997,5965,207450
2020-06-11 09:37:56.11,5957.43,5975,78693,5980,84165,5970,55997,5965,207450
2020-06-11 09:37:56.80,5957.43,5975,78693,5980,84165,5970,54997,5965,207450
2020-06-11 09:37:57.52,5955.99,5975,72693,5980,84165,5970,54997,5965,207450
2020-06-11 09:37:58.21,5955.99,5975,72693,5980,84165,5970,55197,5965,207450
2020-06-11 09:37:59.83,5955.99,5975,72693,5980,84165,5970,55197,5965,207450
2020-06-11 09:38:00.85,5955.99,5975,72693,5980,84165,5970,56069,5965,207450
2020-06-11 09:38:01.96,5955.99,5975,89793,5980,84165,5970,56070,5965,207450
2020-06-11 09:38:02.93,5955.99,5975,89793,5980,84165,5970,56070,5965,207456
2020-06-11 09:38:03.54,5955.99,5975,72693,5980,84165,5970,56070,5965,207457
2020-06-11 09:38:04.27,5955.99,5975,72693,5980,84165,5970,56070,5965,209457
2020-06-11 09:38:05.11,5955.99,5975,67693,5980,84165,5970,61070,5965,209457
2020-06-11 09:38:05.79,5956.35,5975,67693,5980,84165,5970,61070,5965,209457
2020-06-11 09:38:06.54,5956.35,5975,65722,5980,86936,5970,61070,5965,209457
2020-06-11 09:38:07.41,5956.35,5975,67693,5980,84965,5970,67900,5965,209458
2020-06-11 09:38:08.85,5956.35,5975,67693,5980,84965,5970,67900,5965,209458
2020-06-11 09:38:09.41,5956.35,5975,65722,5980,86936,5970,67900,5965,209458
2020-06-11 09:38:10.49,5956.35,5975,65722,5980,86936,5970,67920,5965,209458
2020-06-11 09:38:11.63,5956.35,5975,73693,5980,84965,5970,68020,5965,209458
2020-06-11 09:38:11.88,5956.35,5975,73693,5980,84965,5970,68020,5965,209458
2020-06-11 09:38:12.79,5956.35,5975,73693,5980,84965,5970,63344,5965,209458
2020-06-11 09:38:13.35,5956.35,5975,67693,5980,84965,5970,63344,5965,209458
2020-06-11 09:38:14.18,5956.35,5975,67693,5980,84965,5970,63344,5965,209458
2020-06-11 09:38:14.97,5956.35,5975,67693,5980,84965,5970,64224,5965,209458
2020-06-11 09:38:15.79,5956.35,5975,67688,5980,84965,5970,65224,5965,209458
2020-06-11 09:38:16.54,5955.63,5975,65717,5980,86936,5970,65224,5965,209479
2020-06-11 09:38:17.29,5955.27,5975,65717,5980,86936,5970,70224,5965,209479
2020-06-11 09:38:18.00,5955.27,5975,67688,5980,84965,5970,68706,5965,209479
2020-06-11 09:38:18.71,5955.27,5975,67688,5980,84965,5970,68706,5965,207479
2020-06-11 09:38:19.35,5956.35,5975,67688,5980,84965,5970,68206,5965,207479
2020-06-11 09:38:20.00,5956.35,5975,67688,5980,84965,5970,68206,5965,207479
2020-06-11 09:38:21.91,5956.35,5975,67688,5980,84965,5970,68206,5965,207479
2020-06-11 09:38:22.44,5956.35,5975,75688,5980,84965,5970,68113,5965,207479
2020-06-11 09:38:23.00,5956.35,5975,75688,5980,84965,5970,68168,5965,207479
2020-06-11 09:38:23.50,5956.35,5975,75688,5980,84965,5970,68168,5965,207479
2020-06-11 09:38:25.25,5956.35,5975,73717,5980,86936,5970,52287,5965,207479
2020-06-11 09:38:26.00,5956.35,5975,73717,5980,86936,5970,57287,5965,207479
2020-06-11 09:38:26.64,5956.35,5975,73717,5980,86936,5970,59337,5965,207479
2020-06-11 09:38:27.44,5956.35,5975,73717,5980,86936,5970,61368,5965,207479
2020-06-11 09:38:28.19,5957.07,5975,75688,5980,84965,5970,56337,5965,207479
2020-06-11 09:38:28.85,5957.07,5975,73717,5980,86936,5970,61368,5965,207479
2020-06-11 09:38:29.71,5957.07,5975,69717,5980,86936,5970,66368,5965,207479
2020-06-11 09:38:30.21,5957.07,5975,51781,5980,86936,5970,68369,5965,207479
2020-06-11 09:38:31.00,5957.07,5975,51781,5980,86936,5970,68369,5965,207479
2020-06-11 09:38:31.71,5957.07,5975,75321,5980,86936,5970,68369,5965,207479
2020-06-11 09:38:32.82,5957.07,5975,75321,5980,86936,5970,68369,5965,207489
2020-06-11 09:38:33.18,5957.07,5975,79321,5980,86936,5970,68369,5965,207489
2020-06-11 09:38:33.80,5957.07,5975,79321,5980,86936,5970,68369,5965,207489
2020-06-11 09:38:34.41,5957.07,5975,79321,5980,86936,5970,68369,5965,207489
2020-06-11 09:38:35.13,5957.07,5975,79321,5980,86936,5970,68474,5965,207489
2020-06-11 09:38:35.71,5956.71,5975,79321,5980,86936,5970,61943,5965,207489
2020-06-11 09:38:36.41,5958.87,5975,79321,5980,86936,5970,62043,5965,207489
2020-06-11 09:38:37.43,5957.79,5975,79321,5980,86936,5970,64043,5965,207589
2020-06-11 09:38:37.94,5957.79,5975,79321,5980,86936,5970,64043,5965,207589
2020-06-11 09:38:39.21,5957.79,5975,79321,5980,86936,5970,64143,5965,207589
2020-06-11 09:38:40.13,5957.79,5975,79321,5980,86936,5970,64228,5965,207589
2020-06-11 09:38:40.81,5957.79,5975,75321,5980,86936,5970,69346,5965,207589
2020-06-11 09:38:41.78,5957.79,5975,75421,5980,86936,5970,69346,5965,207589
2020-06-11 09:38:43.16,5957.79,5975,75421,5980,86936,5970,69347,5965,207589
2020-06-11 09:38:43.61,5957.79,5975,75421,5980,86936,5970,69013,5965,207589
2020-06-11 09:38:44.41,5957.79,5975,75421,5980,86936,5970,68943,5965,207589
2020-06-11 09:38:46.50,5958.3,5975,76421,5980,86936,5970,68943,5965,207599
2020-06-11 09:38:47.14,5958.66,5975,76421,5980,86936,5970,74443,5965,207599
2020-06-11 09:38:47.82,5958.66,5975,80421,5980,86936,5970,74443,5965,207599
2020-06-11 09:38:49.00,5958.66,5975,79421,5980,86936,5970,74648,5965,207599
2020-06-11 09:38:50.38,5957.93,5975,75421,5980,86936,5970,74698,5965,207599
2020-06-11 09:38:51.11,5957.93,5975,79421,5980,86936,5970,74698,5965,207599
2020-06-11 09:38:51.88,5957.93,5975,81392,5980,84965,5970,70198,5965,207599
2020-06-11 09:38:52.61,5957.93,5975,85392,5980,84965,5970,70198,5965,207599
2020-06-11 09:38:53.36,5957.93,5975,86537,5980,84965,5970,70198,5965,207599
2020-06-11 09:38:53.82,5957.93,5975,85437,5980,84965,5970,70198,5965,207599
2020-06-11 09:38:54.35,5957.93,5975,81437,5980,84965,5970,65137,5965,207599
2020-06-11 09:38:55.08,5957.93,5975,102199,5980,84965,5970,65137,5965,207599
2020-06-11 09:38:57.00,5957.21,5975,102199,5980,84965,5970,65237,5965,207598
2020-06-11 09:38:57.61,5957.21,5975,102179,5980,84965,5970,67237,5965,207598
2020-06-11 09:38:58.13,5957.21,5975,81479,5980,84965,5970,72237,5965,207598
2020-06-11 09:38:58.61,5957.21,5975,82379,5980,84965,5970,72237,5965,207598
2020-06-11 09:38:59.32,5956.85,5975,81579,5980,84965,5970,72237,5965,207598
2020-06-11 09:38:59.91,5956.85,5975,81579,5980,84965,5970,73879,5965,207598
2020-06-11 09:39:01.32,5956.85,5975,81579,5980,84965,5970,73899,5965,207598
2020-06-11 09:39:01.96,5956.85,5975,81579,5980,84965,5970,73899,5965,207598
2020-06-11 09:39:02.54,5956.85,5975,81579,5980,84965,5970,73895,5965,207598
2020-06-11 09:39:03.10,5956.85,5975,81579,5980,84965,5970,73995,5965,207598
2020-06-11 09:39:03.82,5956.85,5975,81579,5980,84965,5970,73995,5965,207599
2020-06-11 09:39:04.50,5956.85,5975,87579,5980,84965,5970,74095,5965,207599
2020-06-11 09:39:05.04,5956.85,5975,81579,5980,84965,5970,74095,5965,207599
2020-06-11 09:39:06.27,5956.85,5975,81579,5980,84965,5970,74095,5965,207599
2020-06-11 09:39:07.35,5956.49,5975,81579,5980,84965,5970,74096,5965,207599
2020-06-11 09:39:07.97,5956.49,5975,79608,5980,86936,5970,84118,5965,207599
2020-06-11 09:39:08.68,5957.21,5975,79543,5980,86936,5970,79263,5965,207599
2020-06-11 09:39:09.29,5956.71,5975,81714,5980,84965,5970,77263,5965,207599
2020-06-11 09:39:09.91,5956.71,5975,81714,5980,85065,5970,73263,5965,208599
2020-06-11 09:39:10.60,5956.71,5975,94714,5980,85065,5970,73363,5965,205244
2020-06-11 09:39:11.18,5956.71,5975,87714,5980,85065,5970,73364,5965,205244
2020-06-11 09:39:11.92,5956.71,5975,87614,5980,85065,5970,73364,5965,205144
2020-06-11 09:39:13.58,5956.71,5975,87106,5980,85065,5970,73364,5965,205164
2020-06-11 09:39:14.04,5956.71,5975,87106,5980,85065,5970,74364,5965,205164
2020-06-11 09:39:14.74,5956.71,5975,80358,5980,85065,5970,74364,5965,205164
2020-06-11 09:39:15.21,5956.71,5975,80358,5980,85065,5970,74379,5965,205164
2020-06-11 09:39:15.85,5956.71,5975,80358,5980,85065,5970,73879,5965,205164
2020-06-11 09:39:16.49,5956.35,5975,80451,5980,85065,5970,73379,5965,205164
2020-06-11 09:39:17.04,5956.35,5975,79060,5980,85065,5970,71959,5965,205164
2020-06-11 09:39:17.64,5956.71,5975,79060,5980,85065,5970,72995,5965,205164
2020-06-11 09:39:18.96,5957.07,5975,79063,5980,85065,5970,72995,5965,205164
2020-06-11 09:39:19.71,5957.07,5975,81548,5980,85065,5970,72995,5965,205164
2020-06-11 09:39:20.33,5957.07,5975,79048,5980,85065,5970,72996,5965,205174
2020-06-11 09:39:21.04,5957.07,5975,79048,5980,85065,5970,76996,5965,204674
2020-06-11 09:39:21.80,5957.07,5975,79048,5980,85065,5970,77996,5965,204774
2020-06-11 09:39:22.64,5957.07,5975,79048,5980,85065,5970,77996,5965,204774
2020-06-11 09:39:23.35,5957.07,5975,80548,5980,85065,5970,77996,5965,204774
2020-06-11 09:39:24.18,5957.07,5975,78048,5980,85065,5970,77996,5965,204774
2020-06-11 09:39:27.05,5956.85,5975,78248,5980,85065,5970,77996,5965,204774
2020-06-11 09:39:27.82,5957.57,5975,78238,5980,85065,5970,77997,5965,204774
2020-06-11 09:39:28.53,5957.57,5975,78238,5980,85065,5970,77997,5965,205074
2020-06-11 09:39:30.25,5957.57,5975,78238,5980,85065,5970,78797,5965,204574
2020-06-11 09:39:31.08,5957.57,5975,78088,5980,85065,5970,78799,5965,209579
2020-06-11 09:39:32.64,5957.57,5975,78098,5980,85065,5970,78799,5965,212879
2020-06-11 09:39:33.41,5957.57,5975,78098,5980,85065,5970,79308,5965,212879
2020-06-11 09:39:34.20,5957.57,5975,78098,5980,85065,5970,93211,5965,212949
2020-06-11 09:39:34.91,5957.57,5975,77998,5980,85065,5970,93211,5965,212949
2020-06-11 09:39:36.28,5957.57,5975,77998,5980,85065,5970,93411,5965,212949
2020-06-11 09:39:38.20,5957.14,5975,76506,5980,85065,5970,93411,5965,212949
2020-06-11 09:39:38.97,5957.14,5975,76486,5980,85065,5970,94856,5965,212649
2020-06-11 09:39:39.64,5957.43,5975,76486,5980,85065,5970,94856,5965,212659
2020-06-11 09:39:40.41,5957.43,5975,76486,5980,85065,5970,95356,5965,212659
2020-06-11 09:39:41.67,5957.43,5975,75486,5980,85065,5970,95346,5965,212659
2020-06-11 09:39:42.39,5957.43,5975,74457,5980,85065,5970,95351,5965,212659
2020-06-11 09:39:43.01,5957.43,5975,74457,5980,85065,5970,95336,5965,212659
2020-06-11 09:39:43.70,5957.43,5975,74557,5980,85065,5970,95336,5965,212659
2020-06-11 09:39:44.39,5957.43,5975,74547,5980,85065,5970,95336,5965,212659
2020-06-11 09:39:45.11,5957.43,5975,101447,5980,85065,5970,95352,5965,212659
2020-06-11 09:39:45.70,5957.43,5975,101347,5980,85065,5970,98402,5965,212659
2020-06-11 09:39:46.90,5957.43,5975,101347,5980,85065,5970,98403,5965,212659
2020-06-11 09:39:47.57,5956.35,5975,101347,5980,85065,5970,98403,5965,212659
2020-06-11 09:39:48.22,5956.35,5975,90347,5980,85065,5970,98403,5965,212659
2020-06-11 09:39:48.93,5956.35,5975,79944,5980,85065,5970,98403,5965,212659
2020-06-11 09:39:50.54,5956.35,5975,76106,5980,85065,5970,98433,5965,212659
2020-06-11 09:39:51.21,5956.35,5975,62554,5980,85065,5970,98483,5965,212659
2020-06-11 09:39:51.92,5956.35,5975,61718,5980,85065,5970,98513,5965,212659
2020-06-11 09:39:52.78,5956.35,5975,60449,5980,85065,5970,102527,5965,212659
2020-06-11 09:39:53.48,5956.35,5975,55330,5980,87036,5970,100097,5965,212659
2020-06-11 09:39:54.14,5956.35,5975,53706,5980,87036,5970,100104,5965,212659
2020-06-11 09:39:54.71,5956.35,5975,53706,5980,87036,5970,86291,5965,212659
2020-06-11 09:39:55.31,5956.35,5975,49705,5980,87036,5970,86290,5965,212659
2020-06-11 09:39:56.42,5956.71,5975,47705,5980,87036,5970,84290,5965,212659
2020-06-11 09:39:57.07,5957.07,5975,51705,5980,87036,5970,84290,5965,212659
2020-06-11 09:39:57.74,5957.93,5975,44231,5980,87036,5970,84240,5965,212659
2020-06-11 09:39:58.51,5957.93,5975,44231,5980,87036,5970,84250,5965,212659
2020-06-11 09:39:59.10,5957.93,5975,44131,5980,87036,5970,84150,5965,212659
2020-06-11 09:39:59.74,5957.93,5975,16176,5980,94460,5970,84150,5965,212659
2020-06-11 09:40:00.41,5957.93,5975,15176,5980,94460,5970,84150,5965,212659
2020-06-11 09:40:02.04,5957.93,5975,13304,5980,94460,5970,84134,5965,212659
2020-06-11 09:40:02.77,5957.93,5975,40274,5980,94460,5970,84163,5965,212679
2020-06-11 09:40:03.44,5957.93,5975,40274,5980,94460,5970,86163,5965,212679
2020-06-11 09:40:04.10,5957.93,5975,40224,5980,94460,5970,86163,5965,212679
2020-06-11 09:40:04.80,5957.93,5975,39224,5980,94460,5970,86163,5965,212679
2020-06-11 09:40:05.62,5957.93,5975,39224,5980,94465,5970,86213,5965,212679
2020-06-11 09:40:06.30,5958.66,5975,11684,5980,94465,5970,86213,5965,212679
2020-06-11 09:40:07.01,5957.93,5975,11684,5980,94465,5970,86213,5965,212684
2020-06-11 09:40:07.68,5958.3,5975,11384,5980,94465,5970,86213,5965,212684
2020-06-11 09:40:08.24,5958.44,5980,94465,5985,71801,5975,5000,5970,86213
2020-06-11 09:40:08.83,5958.44,5980,94465,5985,71801,5975,5000,5970,86213
2020-06-11 09:40:09.51,5958.44,5980,104565,5985,71801,5975,10082,5970,86213
2020-06-11 09:40:10.24,5958.44,5980,104565,5985,71801,5975,36930,5970,86213
2020-06-11 09:40:10.94,5958.44,5980,94465,5985,71801,5975,33930,5970,86713
2020-06-11 09:40:11.77,5958.44,5980,94465,5985,71801,5975,33930,5970,84776
2020-06-11 09:40:12.60,5958.44,5980,96765,5985,71801,5975,36693,5970,84776
2020-06-11 09:40:13.61,5958.44,5980,104265,5985,71801,5975,30930,5970,84776
2020-06-11 09:40:14.54,5958.44,5980,104265,5985,71801,5975,22981,5970,84725
2020-06-11 09:40:16.21,5958.44,5980,73324,5985,72801,5975,39643,5970,84725
2020-06-11 09:40:17.08,5959.3,5980,49922,5985,72801,5975,39645,5970,84725
2020-06-11 09:40:18.58,5959.81,5980,49922,5985,72801,5975,39645,5970,84732
2020-06-11 09:40:19.16,5960.46,5980,51422,5985,72801,5975,40933,5970,84735
2020-06-11 09:40:19.43,5960.46,5980,58421,5985,75801,5975,40933,5970,84735
2020-06-11 09:40:21.21,5960.46,5980,98421,5985,75801,5975,40675,5970,94735
2020-06-11 09:40:22.39,5960.46,5980,92421,5985,75801,5975,40675,5970,95236
2020-06-11 09:40:22.69,5960.46,5980,87422,5985,75801,5975,45726,5970,95236
2020-06-11 09:40:23.46,5960.46,5980,87422,5985,75801,5975,45727,5970,95236
2020-06-11 09:40:24.49,5960.46,5980,87422,5985,75801,5975,45785,5970,95178
2020-06-11 09:40:24.91,5960.46,5980,79508,5985,83226,5975,47785,5970,101616
2020-06-11 09:40:25.67,5960.46,5980,77208,5985,83226,5975,49544,5970,101616
2020-06-11 09:40:26.64,5960.46,5980,77208,5985,83226,5975,48286,5970,101621
2020-06-11 09:40:27.08,5961.18,5980,77208,5985,83226,5975,48286,5970,101621
2020-06-11 09:40:28.16,5961.18,5980,77208,5985,83226,5975,48336,5970,101531
2020-06-11 09:40:28.52,5961.32,5980,77208,5985,83226,5975,58336,5970,105904
2020-06-11 09:40:29.27,5962.33,5980,60113,5985,83226,5975,58336,5970,105904
2020-06-11 09:40:30.25,5962.33,5980,63013,5985,84226,5975,58336,5970,106124
2020-06-11 09:40:31.37,5962.33,5980,62692,5985,84226,5975,58336,5970,106124
2020-06-11 09:40:31.78,5962.33,5980,81206,5985,84226,5975,59594,5970,104959
2020-06-11 09:40:32.95,5962.33,5980,69806,5985,85726,5975,59594,5970,104959
2020-06-11 09:40:33.28,5962.33,5980,92346,5985,85726,5975,58341,5970,104959
2020-06-11 09:40:33.87,5962.33,5980,93846,5985,89226,5975,59599,5970,104959
2020-06-11 09:40:35.05,5962.33,5980,93846,5985,89226,5975,60599,5970,104959
2020-06-11 09:40:35.95,5962.33,5980,93846,5985,89226,5975,60599,5970,104959
2020-06-11 09:40:36.15,5961.47,5980,92632,5985,90226,5975,59341,5970,104959
2020-06-11 09:40:37.03,5961.97,5980,92632,5985,90226,5975,60609,5970,104959
2020-06-11 09:40:37.47,5961.61,5980,92637,5985,90226,5975,60609,5970,104969
2020-06-11 09:40:37.98,5960.96,5980,92637,5985,90226,5975,60609,5970,104969
2020-06-11 09:40:38.51,5960.96,5980,91985,5985,90226,5975,60609,5970,104969
2020-06-11 09:40:39.70,5961.61,5980,92614,5985,90226,5975,60619,5970,104969
2020-06-11 09:40:39.98,5961.61,5980,98614,5985,90226,5975,61377,5970,104869
2020-06-11 09:40:40.79,5961.61,5980,98614,5985,90226,5975,61382,5970,104869
2020-06-11 09:40:41.84,5961.61,5980,98614,5985,90226,5975,61392,5970,104869
2020-06-11 09:40:42.28,5961.61,5980,98614,5985,90226,5975,61402,5970,104869
2020-06-11 09:40:43.42,5961.61,5980,98599,5985,90226,5975,61408,5970,104969
2020-06-11 09:40:43.67,5961.61,5980,98599,5985,90226,5975,61413,5970,104979
2020-06-11 09:40:44.53,5961.61,5980,98599,5985,90226,5975,61413,5970,104989
2020-06-11 09:40:45.45,5961.61,5980,61514,5985,90226,5975,61413,5970,104989
2020-06-11 09:40:45.74,5961.61,5980,61514,5985,90246,5975,66413,5970,99989
2020-06-11 09:40:46.51,5961.61,5980,61514,5985,90246,5975,66413,5970,99989
2020-06-11 09:40:47.14,5961.61,5980,60991,5985,90321,5975,66708,5970,99989
2020-06-11 09:40:48.17,5962.19,5980,55941,5985,90321,5975,67208,5970,99989
2020-06-11 09:40:49.18,5962.48,5980,54340,5985,90321,5975,67208,5970,99989
2020-06-11 09:40:49.71,5961.75,5980,54338,5985,90321,5975,67208,5970,99989
2020-06-11 09:40:50.74,5961.75,5980,57338,5985,90321,5975,67208,5970,100089
2020-06-11 09:40:51.10,5961.75,5980,31827,5985,92292,5975,67208,5970,100089
2020-06-11 09:40:51.81,5961.75,5980,62338,5985,101852,5975,67208,5970,100089
2020-06-11 09:40:52.41,5961.75,5980,70128,5985,101952,5975,67208,5970,100089
2020-06-11 09:40:53.30,5961.75,5980,70128,5985,101952,5975,67209,5970,100089
2020-06-11 09:40:53.60,5961.75,5980,40886,5985,101952,5975,67219,5970,99989
2020-06-11 09:40:54.38,5961.75,5980,31418,5985,101952,5975,67219,5970,99989
2020-06-11 09:40:55.44,5961.75,5980,31467,5985,101952,5975,67219,5970,99989
2020-06-11 09:40:56.55,5961.75,5980,28870,5985,101952,5975,67219,5970,99989
2020-06-11 09:40:57.54,5961.97,5980,29870,5985,101952,5975,67219,5970,99989
2020-06-11 09:40:58.62,5962.98,5980,27649,5985,103923,5975,67219,5970,99990
2020-06-11 09:40:58.80,5962.98,5980,27649,5985,103923,5975,67219,5970,99990
2020-06-11 09:40:59.57,5962.98,5980,26794,5985,103923,5975,67319,5970,99990
2020-06-11 09:40:59.94,5962.98,5980,26784,5985,103923,5975,66497,5970,99990
2020-06-11 09:41:00.71,5962.98,5980,31784,5985,103923,5975,66497,5970,99990
2020-06-11 09:41:01.72,5962.98,5980,42329,5985,96499,5975,66497,5970,99990
2020-06-11 09:41:02.79,5962.98,5980,42129,5985,96499,5975,66497,5970,99990
2020-06-11 09:41:03.18,5962.98,5980,44100,5985,94528,5975,65239,5970,99990
2020-06-11 09:41:04.29,5962.98,5980,53124,5985,96499,5975,65239,5970,99990
2020-06-11 09:41:04.47,5962.98,5980,90942,5985,94528,5975,65233,5970,99990
2020-06-11 09:41:05.43,5962.98,5980,79842,5985,94528,5975,65233,5970,99990
2020-06-11 09:41:05.74,5962.98,5980,106342,5985,94528,5975,66491,5970,99990
2020-06-11 09:41:06.43,5962.98,5980,106332,5985,89528,5975,66491,5970,99990
2020-06-11 09:41:06.75,5962.55,5980,103296,5985,89428,5975,66691,5970,99990
2020-06-11 09:41:07.52,5962.12,5980,107844,5985,89428,5975,62219,5970,99990
2020-06-11 09:41:08.55,5961.03,5980,107844,5985,89428,5975,53060,5970,99990
2020-06-11 09:41:08.92,5961.03,5980,107846,5985,89428,5975,38205,5970,99990
2020-06-11 09:41:09.67,5961.03,5975,17793,5980,107601,5970,100525,5965,211150
2020-06-11 09:41:10.67,5958.87,5975,57304,5980,107130,5970,100528,5965,211150
2020-06-11 09:41:11.72,5958.87,5975,50604,5980,108630,5970,100528,5965,211150
2020-06-11 09:41:12.77,5958.87,5975,57354,5980,108630,5970,100548,5965,211150
2020-06-11 09:41:13.31,5958.87,5975,57354,5980,108630,5970,100548,5965,211150
2020-06-11 09:41:14.38,5958.87,5975,3000,5980,112101,5970,100548,5965,211150
2020-06-11 09:41:14.74,5958.87,5980,112101,5985,86429,5975,20875,5970,100551
2020-06-11 09:41:15.89,5958.87,5980,109680,5985,86429,5975,22661,5970,100541
2020-06-11 09:41:16.20,5957.43,5980,109680,5985,86504,5975,22661,5970,100566
2020-06-11 09:41:16.91,5957.79,5980,109680,5985,86504,5975,19661,5970,100566
2020-06-11 09:41:17.52,5959.23,5980,110132,5985,86504,5975,19651,5970,100566
2020-06-11 09:41:18.53,5959.95,5980,110142,5985,86504,5975,2121,5970,100576
2020-06-11 09:41:18.84,5959.95,5975,4823,5980,108642,5970,100576,5965,211150
2020-06-11 09:41:20.08,5959.23,5975,2154,5980,110142,5970,101076,5965,211150
2020-06-11 09:41:20.52,5959.23,5975,8948,5980,106671,5970,101076,5965,211150
2020-06-11 09:41:21.31,5959.23,5975,16568,5980,106671,5970,101076,5965,211150
2020-06-11 09:41:22.14,5959.23,5975,6797,5980,108642,5970,101081,5965,211150
2020-06-11 09:41:23.20,5959.23,5980,108642,5985,86514,5975,22572,5970,94251
2020-06-11 09:41:23.69,5959.23,5980,63353,5985,91513,5975,59082,5970,94251
2020-06-11 09:41:24.79,5959.23,5980,58353,5985,91513,5975,59094,5970,95127
2020-06-11 09:41:25.17,5959.23,5980,58353,5985,91513,5975,59160,5970,102577
2020-06-11 09:41:25.81,5959.23,5980,58353,5985,91513,5975,59160,5970,102577
2020-06-11 09:41:26.90,5958.51,5980,61353,5985,94513,5975,59997,5970,102577
2020-06-11 09:41:27.47,5959.59,5980,62853,5985,94613,5975,60002,5970,102592
2020-06-11 09:41:28.37,5960.68,5980,62853,5985,94613,5975,60002,5970,103192
2020-06-11 09:41:29.57,5960.68,5980,77853,5985,94613,5975,62452,5970,103492
2020-06-11 09:41:30.51,5960.68,5980,77953,5985,94613,5975,62452,5970,103492
2020-06-11 09:41:30.84,5960.68,5980,77953,5985,94613,5975,63765,5970,103492
2020-06-11 09:41:31.59,5960.68,5980,77953,5985,94613,5975,63765,5970,103492
2020-06-11 09:41:32.60,5960.68,5980,77953,5985,94613,5975,65423,5970,103492
2020-06-11 09:41:33.10,5960.68,5980,77953,5985,94613,5975,65623,5970,103492
2020-06-11 09:41:34.18,5960.68,5980,77953,5985,94613,5975,65623,5970,103591
2020-06-11 09:41:34.59,5960.68,5980,77953,5985,94613,5975,65623,5970,103591
2020-06-11 09:41:35.14,5960.68,5980,77953,5985,94613,5975,65624,5970,103581
2020-06-11 09:41:35.78,5960.68,5980,77953,5985,94613,5975,65624,5970,103581
2020-06-11 09:41:36.84,5960.1,5980,77953,5985,94613,5975,65629,5970,103591
2020-06-11 09:41:37.04,5960.1,5980,77953,5985,94613,5975,65629,5970,103591
2020-06-11 09:41:37.90,5959.74,5980,77948,5985,94613,5975,65629,5970,103591
2020-06-11 09:41:38.31,5959.74,5980,77948,5985,94613,5975,66629,5970,103591
2020-06-11 09:41:39.45,5959.74,5980,77948,5985,94613,5975,65371,5970,103591
2020-06-11 09:41:39.65,5959.74,5980,78943,5985,94613,5975,65071,5970,103591
2020-06-11 09:41:40.45,5959.74,5980,78943,5985,94613,5975,66329,5970,104601
2020-06-11 09:41:40.91,5959.74,5980,78943,5985,94613,5975,66329,5970,104601
2020-06-11 09:41:41.60,5959.74,5980,78943,5985,94613,5975,67217,5970,104601
2020-06-11 09:41:42.55,5959.74,5980,78943,5985,94713,5975,67217,5970,104601
2020-06-11 09:41:42.95,5959.74,5980,78843,5985,94713,5975,67397,5970,104601
2020-06-11 09:41:43.54,5959.74,5980,78843,5985,94713,5975,67397,5970,104601
2020-06-11 09:41:44.10,5959.74,5980,79043,5985,94713,5975,67407,5970,104601
2020-06-11 09:41:45.24,5959.74,5980,79043,5985,94713,5975,67407,5970,104601
2020-06-11 09:41:45.41,5959.74,5980,90574,5985,83182,5975,67407,5970,104601
2020-06-11 09:41:46.26,5959.74,5980,90574,5985,83182,5975,68960,5970,104601
2020-06-11 09:41:46.68,5959.74,5980,90574,5985,83182,5975,70243,5970,104601
2020-06-11 09:41:47.33,5959.74,5980,90674,5985,83082,5975,66680,5970,104601
2020-06-11 09:41:48.37,5959.74,5980,90674,5985,83082,5975,67938,5970,104601
2020-06-11 09:41:49.05,5959.74,5980,90674,5985,83082,5975,66680,5970,104601
2020-06-11 09:41:50.02,5958.66,5980,95474,5985,79582,5975,34810,5970,104601
2020-06-11 09:41:50.47,5958.66,5980,95474,5985,79582,5975,35868,5970,104601
2020-06-11 09:41:51.54,5958.66,5980,91474,5985,75582,5975,35923,5970,105601
2020-06-11 09:41:51.80,5958.66,5980,95476,5985,79582,5975,28423,5970,105601
2020-06-11 09:41:52.63,5958.66,5975,6962,5980,97476,5970,107001,5965,217064
2020-06-11 09:41:53.63,5958.66,5975,8097,5980,96505,5970,107001,5965,217064
2020-06-11 09:41:54.04,5958.66,5975,8372,5980,99976,5970,107001,5965,217064
2020-06-11 09:41:55.14,5958.66,5975,13472,5980,99976,5970,107001,5965,217064
2020-06-11 09:41:55.35,5958.66,5975,6372,5980,99976,5970,107001,5965,217064
2020-06-11 09:41:56.16,5958.66,5980,95976,5985,75582,5975,23865,5970,107001
2020-06-11 09:41:56.44,5959.38,5980,95976,5985,75582,5975,25265,5970,107051
2020-06-11 09:41:57.30,5957.93,5980,95976,5985,75582,5975,25265,5970,107056
2020-06-11 09:41:57.80,5958.3,5980,95976,5985,75582,5975,23334,5970,107556
2020-06-11 09:41:58.38,5958.66,5980,95976,5985,75582,5975,23241,5970,107556
2020-06-11 09:42:00.38,5958.66,5980,95976,5985,75582,5975,4440,5970,107565
2020-06-11 09:42:00.77,5958.66,5980,95976,5985,75582,5975,4740,5970,107565
2020-06-11 09:42:01.44,5958.66,5980,95976,5985,75582,5975,4770,5970,107565
2020-06-11 09:42:02.47,5958.66,5980,95976,5985,75562,5975,4770,5970,107565
2020-06-11 09:42:02.85,5958.66,5980,95976,5985,75562,5975,19571,5970,108565
2020-06-11 09:42:03.59,5958.66,5980,95976,5985,75562,5975,22551,5970,109085
2020-06-11 09:42:04.52,5958.66,5980,95976,5985,75562,5975,22751,5970,109085
2020-06-11 09:42:04.81,5958.66,5980,95976,5985,75562,5975,33381,5970,109085
2020-06-11 09:42:05.69,5958.66,5980,90976,5985,75562,5975,35891,5970,109085
2020-06-11 09:42:06.81,5958.66,5980,90976,5985,75662,5975,35895,5970,109814
2020-06-11 09:42:07.00,5958.66,5980,90976,5985,78662,5975,35896,5970,109814
2020-06-11 09:42:07.84,5959.38,5980,90976,5985,78662,5975,37896,5970,109814
2020-06-11 09:42:08.37,5959.38,5980,90976,5985,78662,5975,37896,5970,109815
2020-06-11 09:42:09.55,5959.38,5980,90976,5985,75662,5975,34896,5970,109815
2020-06-11 09:42:10.50,5959.38,5980,90976,5985,75662,5975,34996,5970,109815
2020-06-11 09:42:10.73,5959.38,5980,90976,5985,75662,5975,34996,5970,109819
2020-06-11 09:42:11.51,5959.38,5980,89476,5985,75662,5975,14386,5970,109819
2020-06-11 09:42:11.84,5959.38,5980,89476,5985,75662,5975,2355,5970,109769
2020-06-11 09:42:12.48,5959.38,5975,635,5980,89476,5970,108369,5965,215079
2020-06-11 09:42:13.51,5959.38,5980,89476,5985,75662,5975,22905,5970,108369
2020-06-11 09:42:14.12,5959.38,5980,89476,5985,75662,5975,23905,5970,108369
2020-06-11 09:42:15.72,5959.38,5980,89476,5985,75662,5975,23905,5970,122267
2020-06-11 09:42:15.84,5959.38,5980,89466,5985,75662,5975,20905,5970,122267
2020-06-11 09:42:16.81,5959.81,5980,89466,5985,75662,5975,17241,5970,122267
2020-06-11 09:42:17.22,5959.09,5980,89466,5985,75662,5975,17241,5970,121240
2020-06-11 09:42:18.50,5958.73,5980,89466,5985,75662,5975,31403,5970,121240
2020-06-11 09:42:19.34,5958.73,5980,89466,5985,75662,5975,31903,5970,121240
2020-06-11 09:42:19.57,5960.82,5980,89466,5985,75662,5975,31903,5970,121245
2020-06-11 09:42:20.45,5960.82,5980,89466,5985,75662,5975,31903,5970,121245
2020-06-11 09:42:20.86,5960.82,5980,89466,5985,78662,5975,31903,5970,121245
2020-06-11 09:42:21.57,5960.82,5980,90966,5985,78662,5975,31903,5970,121245
2020-06-11 09:42:22.46,5960.82,5980,90966,5985,78662,5975,31903,5970,121245
2020-06-11 09:42:23.64,5960.82,5980,90966,5985,75662,5975,2501,5970,121255
2020-06-11 09:42:24.53,5960.82,5975,4461,5980,89466,5970,121355,5965,215079
2020-06-11 09:42:24.90,5960.82,5975,4361,5980,89466,5970,121355,5965,215079
2020-06-11 09:42:25.63,5960.82,5975,4361,5980,89466,5970,121355,5965,215079
2020-06-11 09:42:26.04,5960.82,5975,7361,5980,89466,5970,121355,5965,215079
2020-06-11 09:42:26.60,5959.01,5975,7661,5980,89466,5970,121155,5965,215079
2020-06-11 09:42:27.12,5959.01,5975,7431,5980,89466,5970,121155,5965,215089
2020-06-11 09:42:28.31,5958.73,5975,7431,5980,89466,5970,121155,5965,215135
2020-06-11 09:42:29.18,5958.73,5975,7431,5980,89466,5970,121496,5965,215135
2020-06-11 09:42:29.35,5958.73,5975,7421,5980,89466,5970,121526,5965,215135
2020-06-11 09:42:30.32,5958.73,5975,7336,5980,89466,5970,120526,5965,215135
2020-06-11 09:42:31.30,5958.73,5975,7336,5980,90466,5970,120526,5965,215235
2020-06-11 09:42:31.60,5958.73,5975,8336,5980,90466,5970,125526,5965,215235
2020-06-11 09:42:32.30,5958.73,5975,8336,5980,90974,5970,125526,5965,215235
2020-06-11 09:42:33.71,5958.73,5975,8331,5980,90974,5970,125536,5965,215245
2020-06-11 09:42:34.42,5958.73,5975,9331,5980,90974,5970,125536,5965,215245
2020-06-11 09:42:34.85,5958.73,5975,9331,5980,90974,5970,125536,5965,215245
2020-06-11 09:42:35.50,5958.73,5975,10321,5980,90984,5970,125536,5965,215245
2020-06-11 09:42:35.99,5958.73,5975,10321,5980,90984,5970,126536,5965,215245
2020-06-11 09:42:37.05,5958.73,5975,10321,5980,90984,5970,128536,5965,215245
2020-06-11 09:42:37.20,5958.73,5975,10321,5980,90984,5970,128536,5965,215245
2020-06-11 09:42:37.81,5958.73,5975,10320,5980,90984,5970,128534,5965,215245
2020-06-11 09:42:38.41,5958.73,5975,10320,5980,90984,5970,128534,5965,215245
2020-06-11 09:42:39.64,5958.73,5975,10320,5980,90984,5970,128534,5965,215245
2020-06-11 09:42:40.78,5958.73,5975,10320,5980,90984,5970,128639,5965,215245
2020-06-11 09:42:40.94,5958.73,5975,10320,5980,90984,5970,128639,5965,215245
2020-06-11 09:42:41.92,5958.73,5975,54130,5980,89013,5970,128639,5965,215246
2020-06-11 09:42:42.95,5958.73,5975,60130,5980,89013,5970,118627,5965,215246
2020-06-11 09:42:43.11,5958.73,5975,60130,5980,89013,5970,118627,5965,215246
2020-06-11 09:42:44.01,5958.73,5975,60130,5980,89013,5970,124200,5965,215246
2020-06-11 09:42:45.00,5958.73,5975,58159,5980,89013,5970,124200,5965,215246
2020-06-11 09:42:45.23,5958.73,5975,55130,5980,89013,5970,123700,5965,215246
2020-06-11 09:42:46.03,5958.73,5975,55130,5980,89013,5970,123700,5965,215246
2020-06-11 09:42:47.09,5956.13,5975,55130,5980,89013,5970,123701,5965,215246
2020-06-11 09:42:47.64,5956.13,5975,55130,5980,89013,5970,123701,5965,215146
2020-06-11 09:42:48.76,5956.49,5975,55130,5980,89013,5970,123701,5965,215146
2020-06-11 09:42:49.04,5956.49,5975,55130,5980,89013,5970,109979,5965,215146
2020-06-11 09:42:49.78,5956.49,5975,55130,5980,89013,5970,109879,5965,215246
2020-06-11 09:42:51.37,5956.49,5975,55130,5980,89013,5970,109879,5965,215246
2020-06-11 09:42:51.64,5956.49,5975,55129,5980,89013,5970,106879,5965,218246
2020-06-11 09:42:52.31,5956.49,5975,55629,5980,89013,5970,106937,5965,218246
2020-06-11 09:42:53.40,5956.49,5975,55722,5980,89013,5970,106937,5965,218246
2020-06-11 09:42:53.72,5956.49,5975,55662,5980,89013,5970,106937,5965,218246
2020-06-11 09:42:54.50,5956.49,5975,55662,5980,89013,5970,106937,5965,218246
2020-06-11 09:42:55.45,5956.49,5975,55662,5980,89013,5970,106937,5965,218246
2020-06-11 09:42:55.75,5956.49,5975,55361,5980,89013,5970,106937,5965,218246
2020-06-11 09:42:57.59,5956.49,5975,61361,5980,89013,5970,106937,5965,218246
2020-06-11 09:42:57.87,5956.49,5975,61359,5980,89013,5970,106927,5965,218246
2020-06-11 09:42:58.68,5956.49,5975,63859,5980,89013,5970,106927,5965,218246
2020-06-11 09:42:59.74,5955.62,5975,63859,5980,89013,5970,106927,5965,218246
2020-06-11 09:43:00.04,5955.62,5975,63859,5980,89013,5970,106927,5965,218246
2020-06-11 09:43:00.70,5955.62,5975,63859,5980,89013,5970,106972,5965,218246
2020-06-11 09:43:01.90,5955.62,5975,63859,5980,89013,5970,106982,5965,218246
2020-06-11 09:43:02.85,5955.62,5975,63859,5980,89013,5970,107482,5965,218246
2020-06-11 09:43:03.24,5955.62,5975,63859,5980,89013,5970,101909,5965,218246
2020-06-11 09:43:03.81,5955.62,5975,63859,5980,89013,5970,101909,5965,218246
2020-06-11 09:43:04.51,5955.62,5975,63859,5980,89113,5970,101914,5965,218246
2020-06-11 09:43:05.10,5955.62,5975,63859,5980,89113,5970,101815,5965,218246
2020-06-11 09:43:06.54,5955.62,5975,63869,5980,89113,5970,101816,5965,218246
2020-06-11 09:43:07.51,5955.62,5975,63869,5980,89113,5970,101816,5965,218246
2020-06-11 09:43:07.63,5955.62,5975,63869,5980,89113,5970,105191,5965,218246
2020-06-11 09:43:08.21,5955.12,5975,63569,5980,89113,5970,104863,5965,218247
2020-06-11 09:43:09.71,5955.84,5975,63569,5980,89113,5970,104863,5965,218247
2020-06-11 09:43:10.10,5955.84,5975,63569,5980,89113,5970,104863,5965,218247
2020-06-11 09:43:11.24,5955.84,5975,63559,5980,89123,5970,104871,5965,218247
2020-06-11 09:43:11.68,5955.84,5975,71559,5980,89123,5970,104871,5965,218247
2020-06-11 09:43:12.85,5955.84,5975,73509,5980,87123,5970,100371,5965,218247
2020-06-11 09:43:13.27,5955.84,5975,73509,5980,87123,5970,100371,5965,218247
2020-06-11 09:43:14.41,5955.84,5975,73509,5980,87123,5970,100371,5965,218247
2020-06-11 09:43:14.61,5955.84,5975,75509,5980,87123,5970,100371,5965,218247
2020-06-11 09:43:15.46,5955.84,5975,74509,5980,89123,5970,100401,5965,218247
2020-06-11 09:43:15.80,5955.84,5975,74309,5980,89123,5970,100401,5965,218247
2020-06-11 09:43:16.54,5955.84,5975,74309,5980,89129,5970,100401,5965,218247
2020-06-11 09:43:17.86,5954.98,5975,74309,5980,89129,5970,100401,5965,218247
2020-06-11 09:43:18.43,5954.98,5975,74734,5980,89129,5970,100401,5965,218247
2020-06-11 09:43:20.14,5954.98,5975,74734,5980,89129,5970,100568,5965,218414
2020-06-11 09:43:20.38,5954.98,5975,74734,5980,89129,5970,100568,5965,219414
2020-06-11 09:43:21.21,5954.98,5975,74734,5980,89129,5970,100568,5965,219414
2020-06-11 09:43:22.21,5954.98,5975,74734,5980,89135,5970,100568,5965,219414
2020-06-11 09:43:23.47,5954.98,5975,74734,5980,89135,5970,100568,5965,219414
2020-06-11 09:43:24.27,5954.98,5975,82734,5980,89135,5970,100568,5965,219423
2020-06-11 09:43:25.38,5954.98,5975,82567,5980,89135,5970,100735,5965,219423
2020-06-11 09:43:25.60,5954.98,5975,82567,5980,89135,5970,100735,5965,219423
2020-06-11 09:43:26.36,5954.98,5975,82567,5980,89135,5970,100734,5965,219423
2020-06-11 09:43:27.42,5954.25,5975,84135,5980,89135,5970,99834,5965,219423
2020-06-11 09:43:27.67,5954.25,5975,88435,5980,87135,5970,99854,5965,219423
2020-06-11 09:43:28.45,5954.25,5975,86435,5980,89135,5970,99854,5965,219423
2020-06-11 09:43:29.48,5954.61,5975,86419,5980,89135,5970,99854,5965,219423
2020-06-11 09:43:30.58,5954.61,5975,86419,5980,89135,5970,97883,5965,219423
2020-06-11 09:43:30.98,5954.61,5975,88219,5980,87138,5970,75404,5965,219423
2020-06-11 09:43:31.61,5954.61,5975,89929,5980,89138,5970,97000,5965,219423
2020-06-11 09:43:32.69,5954.61,5975,89929,5980,89138,5970,97552,5965,219423
2020-06-11 09:43:33.01,5954.61,5975,89929,5980,89138,5970,97542,5965,219423
2020-06-11 09:43:33.80,5954.61,5975,91929,5980,87138,5970,89658,5965,219423
2020-06-11 09:43:34.86,5954.61,5975,89929,5980,89138,5970,90458,5965,219423
2020-06-11 09:43:35.11,5954.61,5975,89929,5980,86138,5970,87458,5965,219423
2020-06-11 09:43:35.89,5954.61,5975,89929,5980,86138,5970,87708,5965,216423
2020-06-11 09:43:37.11,5954.47,5975,89929,5980,86138,5970,87708,5965,217223
2020-06-11 09:43:37.95,5954.11,5975,91929,5980,84138,5970,84708,5965,217223
2020-06-11 09:43:38.40,5954.11,5975,91929,5980,98935,5970,84708,5965,217223
2020-06-11 09:43:39.08,5954.11,5975,91929,5980,98935,5970,89226,5965,217223
2020-06-11 09:43:40.04,5954.69,5975,93421,5980,98935,5970,86234,5965,217223
2020-06-11 09:43:41.25,5954.69,5975,93418,5980,98935,5970,86234,5965,217223
2020-06-11 09:43:42.20,5954.69,5975,96018,5980,98935,5970,86152,5965,217223
2020-06-11 09:43:43.26,5954.69,5975,96018,5980,98935,5970,86066,5965,217223
2020-06-11 09:43:43.61,5954.69,5975,96018,5980,98935,5970,85732,5965,217206
2020-06-11 09:43:44.41,5954.69,5975,94528,5980,98935,5970,81940,5965,217206
2020-06-11 09:43:45.21,5954.69,5975,94528,5980,98935,5970,81951,5965,217206
2020-06-11 09:43:47.04,5954.69,5975,94029,5980,98935,5970,33609,5965,217236
2020-06-11 09:43:48.04,5953.97,5975,94035,5980,98935,5970,49165,5965,218236
2020-06-11 09:43:49.05,5953.97,5975,92167,5980,98935,5970,49656,5965,218236
2020-06-11 09:43:50.16,5953.61,5975,99617,5980,98935,5970,46756,5965,218236
2020-06-11 09:43:51.22,5953.61,5975,99617,5980,98935,5970,46956,5965,218236
2020-06-11 09:43:51.50,5953.61,5975,101117,5980,98935,5970,46956,5965,218236
2020-06-11 09:43:52.30,5953.61,5975,101123,5980,98935,5970,44556,5965,218236
2020-06-11 09:43:53.24,5953.61,5975,99623,5980,98935,5970,40056,5965,218236
2020-06-11 09:43:53.64,5953.61,5975,99623,5980,98935,5970,40111,5965,218236
2020-06-11 09:43:54.30,5953.61,5975,99623,5980,98935,5970,40161,5965,218236
2020-06-11 09:43:54.94,5953.61,5975,99623,5980,98935,5970,35161,5965,218236
2020-06-11 09:43:56.94,5954.33,5975,99623,5980,98935,5970,35161,5965,218236
2020-06-11 09:43:57.31,5954.69,5975,99623,5980,98935,5970,27661,5965,218236
2020-06-11 09:43:58.02,5954.69,5975,99623,5980,98935,5970,27661,5965,218236
2020-06-11 09:43:59.05,5954.69,5975,99623,5980,99035,5970,27661,5965,218236
2020-06-11 09:43:59.49,5954.69,5975,99623,5980,99035,5970,24661,5965,218236
2020-06-11 09:44:00.99,5954.69,5975,100623,5980,99035,5970,24461,5965,218236
2020-06-11 09:44:02.13,5954.69,5975,100623,5980,99035,5970,21471,5965,218236
2020-06-11 09:44:02.53,5954.69,5975,100623,5980,99035,5970,1574,5965,218236
2020-06-11 09:44:03.30,5954.69,5975,100113,5980,99035,5970,1574,5965,218241
2020-06-11 09:44:04.27,5954.69,5975,100113,5980,99035,5970,1574,5965,218241
2020-06-11 09:44:04.50,5954.69,5970,1426,5975,100113,5965,218191,5960,142858
2020-06-11 09:44:05.25,5954.69,5975,97903,5980,99035,5970,21904,5965,218191
2020-06-11 09:44:05.81,5954.69,5975,97903,5980,99135,5970,21904,5965,218191
2020-06-11 09:44:06.50,5954.33,5975,97903,5980,99135,5970,21150,5965,218191
2020-06-11 09:44:07.45,5953.61,5975,97903,5980,99135,5965,218191,5960,142858
2020-06-11 09:44:07.84,5954.33,5975,97903,5980,99135,5970,23540,5965,218191
2020-06-11 09:44:08.94,5954.33,5970,5580,5975,97903,5965,218191,5960,142858
2020-06-11 09:44:10.14,5954.33,5970,29322,5975,97903,5965,218176,5960,142858
2020-06-11 09:44:11.04,5954.33,5970,28212,5975,97903,5965,218176,5960,142858
2020-06-11 09:44:11.19,5954.33,5970,29712,5975,97903,5965,218176,5960,142858
2020-06-11 09:44:12.25,5954.33,5970,44612,5975,97903,5965,218176,5960,142858
2020-06-11 09:44:12.72,5954.33,5970,38189,5975,95932,5965,218176,5960,142858
2020-06-11 09:44:13.84,5954.33,5970,38189,5975,95932,5965,218176,5960,142858
2020-06-11 09:44:14.86,5954.33,5970,13589,5975,95932,5965,218176,5960,142858
2020-06-11 09:44:15.25,5954.33,5970,4690,5975,97903,5965,218186,5960,142858
2020-06-11 09:44:15.89,5954.33,5970,40101,5975,95932,5965,218196,5960,142858
2020-06-11 09:44:16.92,5953.97,5970,40201,5975,95932,5965,218196,5960,142858
2020-06-11 09:44:16.98,5952.09,5970,42057,5975,95932,5965,218196,5960,142858
2020-06-11 09:44:18.00,5952.09,5970,18517,5975,95932,5965,218196,5960,143003
2020-06-11 09:44:18.17,5952.09,5970,8717,5975,95932,5965,218196,5960,143003
2020-06-11 09:44:19.14,5952.09,5970,8716,5975,95932,5965,218196,5960,143003
2020-06-11 09:44:20.09,5952.09,5970,51856,5975,97929,5965,218196,5960,142993
2020-06-11 09:44:20.49,5952.09,5970,60756,5975,97929,5965,217694,5960,142993
2020-06-11 09:44:21.63,5952.09,5970,62256,5975,100129,5965,213374,5960,142993
2020-06-11 09:44:21.99,5952.09,5970,62356,5975,100129,5965,213374,5960,142993
2020-06-11 09:44:23.13,5952.09,5970,62256,5975,100129,5965,213374,5960,142993
2020-06-11 09:44:23.48,5952.09,5970,76256,5975,100129,5965,208385,5960,142993
2020-06-11 09:44:24.15,5952.09,5970,76256,5975,100129,5965,203350,5960,142993
2020-06-11 09:44:25.48,5952.09,5970,76256,5975,100129,5965,203350,5960,142993
2020-06-11 09:44:26.20,5952.09,5970,76256,5975,100129,5965,203350,5960,142993
2020-06-11 09:44:27.26,5951.37,5970,76256,5975,100129,5965,203246,5960,142993
2020-06-11 09:44:27.54,5951.37,5970,75266,5975,100129,5965,203294,5960,147986
2020-06-11 09:44:28.35,5951.37,5970,55866,5975,100129,5965,203294,5960,147986
2020-06-11 09:44:28.84,5951.37,5970,55866,5975,100129,5965,203294,5960,147986
2020-06-11 09:44:29.34,5951.37,5970,55866,5975,100129,5965,208356,5960,148745
2020-06-11 09:44:29.98,5951.37,5970,54010,5975,100129,5965,225975,5960,148745
2020-06-11 09:44:30.96,5951.37,5970,54010,5975,100129,5965,231037,5960,148745
2020-06-11 09:44:31.02,5951.37,5970,54010,5975,100129,5965,231045,5960,148745
2020-06-11 09:44:32.24,5951.37,5970,56012,5975,100129,5965,223979,5960,148745
2020-06-11 09:44:33.18,5951.37,5970,56007,5975,100129,5965,223979,5960,148745
2020-06-11 09:44:34.18,5951.37,5970,79417,5975,110129,5965,223979,5960,148695
2020-06-11 09:44:34.71,5951.37,5970,81912,5975,110129,5965,223993,5960,148695
2020-06-11 09:44:35.80,5951.37,5970,81912,5975,110129,5965,224495,5960,148695
2020-06-11 09:44:36.88,5951.37,5970,52502,5975,110129,5965,225523,5960,148705
2020-06-11 09:44:37.11,5951.37,5970,58502,5975,110129,5965,223628,5960,148705
2020-06-11 09:44:37.90,5951.08,5970,58502,5975,110129,5965,223728,5960,148705
2020-06-11 09:44:38.96,5951.44,5970,58602,5975,110129,5965,223728,5960,148705
2020-06-11 09:44:39.50,5951.08,5970,79102,5975,110129,5965,218666,5960,148705
2020-06-11 09:44:40.60,5951.08,5970,80102,5975,110129,5965,218666,5960,148705
2020-06-11 09:44:41.00,5951.08,5970,80195,5975,110129,5965,218666,5960,148705
2020-06-11 09:44:41.91,5951.08,5970,80195,5975,110129,5965,218666,5960,148705
2020-06-11 09:44:42.80,5951.08,5970,80195,5975,110129,5965,218666,5960,148725
2020-06-11 09:44:43.72,5951.08,5970,80195,5975,110129,5965,218666,5960,148725
2020-06-11 09:44:44.77,5951.08,5970,80195,5975,110129,5965,218666,5960,148425
2020-06-11 09:44:45.21,5951.08,5970,68792,5975,108132,5965,218666,5960,148425
2020-06-11 09:44:46.28,5951.08,5970,61692,5975,108132,5965,218666,5960,148425
2020-06-11 09:44:46.71,5950.58,5970,63492,5975,108132,5965,218666,5960,148425
2020-06-11 09:44:47.83,5951.08,5970,61582,5975,108132,5965,223718,5960,148425
2020-06-11 09:44:48.11,5950.94,5970,61582,5975,108132,5965,223742,5960,148625
2020-06-11 09:44:48.97,5950.94,5970,84172,5975,106132,5965,223742,5960,148625
2020-06-11 09:44:50.03,5950.94,5970,84382,5975,106132,5965,212680,5960,148625
2020-06-11 09:44:51.14,5950.94,5970,84299,5975,106132,5965,212680,5960,148625
2020-06-11 09:44:52.00,5950.94,5970,84299,5975,106132,5965,212680,5960,148825
2020-06-11 09:44:52.52,5950.94,5970,84299,5975,106132,5965,212680,5960,148826
2020-06-11 09:44:53.61,5950.94,5970,84299,5975,106132,5965,212680,5960,148826
2020-06-11 09:44:54.62,5950.94,5970,85419,5975,106132,5965,206680,5960,148826
2020-06-11 09:44:55.73,5950.94,5970,85419,5975,106132,5965,206680,5960,148826
2020-06-11 09:44:56.11,5950.58,5970,83448,5975,106132,5965,198917,5960,148826
2020-06-11 09:44:56.84,5950.58,5970,83448,5975,103132,5965,195922,5960,148726
2020-06-11 09:44:57.73,5950.58,5970,83448,5975,103132,5965,145922,5960,148726
2020-06-11 09:44:59.04,5949.49,5970,85948,5975,103132,5965,139922,5960,148726
2020-06-11 09:44:59.89,5950.22,5970,85948,5975,103132,5965,139922,5960,148726
2020-06-11 09:45:00.34,5950.22,5970,85948,5975,103132,5965,137422,5960,148726
2020-06-11 09:45:01.45,5950.22,5970,85948,5975,103133,5965,131422,5960,148926
2020-06-11 09:45:01.76,5950.22,5970,85948,5975,106133,5965,107882,5960,149026
2020-06-11 09:45:02.57,5950.22,5970,85948,5975,106133,5965,107782,5960,149026
2020-06-11 09:45:03.57,5950.22,5970,87919,5975,106133,5965,115296,5960,158188
2020-06-11 09:45:04.59,5950.22,5970,87919,5975,103133,5965,88683,5960,158261
2020-06-11 09:45:05.04,5950.22,5970,87919,5975,103133,5965,82683,5960,158261
2020-06-11 09:45:06.17,5950.22,5970,87919,5975,102133,5965,77965,5960,158261
2020-06-11 09:45:06.43,5949.13,5970,87919,5975,102133,5965,71686,5960,158261
2020-06-11 09:45:07.18,5949.13,5970,95836,5975,99533,5965,62138,5960,158261
2020-06-11 09:45:08.81,5949.85,5970,95836,5975,99533,5965,62236,5960,158261
2020-06-11 09:45:09.15,5948.2,5970,93711,5975,99533,5965,17838,5960,158262
2020-06-11 09:45:09.87,5948.2,5965,57583,5970,90711,5960,146662,5955,103755
2020-06-11 09:45:10.96,5948.2,5965,71733,5970,90711,5960,141662,5955,103755
2020-06-11 09:45:12.01,5948.2,5965,75733,5970,90711,5960,139689,5955,103728
2020-06-11 09:45:12.51,5948.2,5965,75733,5970,90711,5960,139689,5955,103728
2020-06-11 09:45:13.57,5948.2,5965,77650,5970,90711,5960,139689,5955,103728
2020-06-11 09:45:13.93,5948.2,5965,77650,5970,106605,5960,139689,5955,103828
2020-06-11 09:45:14.74,5948.2,5965,80650,5970,106605,5960,139789,5955,103828
2020-06-11 09:45:15.73,5948.2,5965,80650,5970,106605,5960,139789,5955,103828
2020-06-11 09:45:15.98,5948.2,5965,80650,5970,106605,5960,139789,5955,103810
2020-06-11 09:45:16.70,5947.12,5965,80650,5970,106605,5960,125929,5955,117670
2020-06-11 09:45:17.13,5947.26,5965,85650,5970,106605,5960,125939,5955,117670
2020-06-11 09:45:17.66,5947.26,5965,85650,5970,106605,5960,125939,5955,117670
2020-06-11 09:45:18.30,5947.26,5965,85830,5970,106505,5960,125939,5955,117670
2020-06-11 09:45:18.93,5947.26,5965,87945,5970,106505,5960,116777,5955,117670
2020-06-11 09:45:19.90,5946.4,5965,87945,5970,107223,5960,116777,5955,117670
2020-06-11 09:45:20.18,5946.4,5965,87945,5970,107223,5960,120425,5955,117680
2020-06-11 09:45:20.99,5946.4,5965,90830,5970,91047,5960,10620,5955,134342
2020-06-11 09:45:22.05,5946.4,5965,90830,5970,75158,5960,19782,5955,134276
2020-06-11 09:45:22.51,5946.4,5965,90830,5970,75158,5960,19620,5955,134276
2020-06-11 09:45:23.52,5946.4,5965,90730,5970,75158,5960,15375,5955,134376
2020-06-11 09:45:23.74,5946.4,5965,92530,5970,75158,5960,13375,5955,134376
2020-06-11 09:45:24.51,5946.4,5965,92530,5970,75158,5960,14767,5955,134376
2020-06-11 09:45:25.07,5946.4,5965,93209,5970,75158,5960,16033,5955,134376
2020-06-11 09:45:26.21,5946.4,5965,87144,5970,75158,5960,26106,5955,134376
2020-06-11 09:45:26.50,5945.89,5965,87144,5970,75158,5960,68055,5955,134376
2020-06-11 09:45:27.19,5945.53,5965,66354,5970,75148,5960,68055,5955,134379
2020-06-11 09:45:28.32,5945.53,5965,66354,5970,75148,5960,73145,5955,134379
2020-06-11 09:45:28.58,5946.18,5965,66354,5970,75153,5960,73445,5955,134379
2020-06-11 09:45:29.39,5946.18,5965,66354,5970,75153,5960,75245,5955,134379
2020-06-11 09:45:30.38,5946.18,5965,66354,5970,75153,5960,85445,5955,134379
2020-06-11 09:45:30.57,5946.18,5965,66354,5970,75153,5960,75945,5955,134479
2020-06-11 09:45:31.50,5946.18,5965,66354,5970,75153,5960,75945,5955,134479
2020-06-11 09:45:32.57,5946.18,5965,66354,5970,75153,5960,94045,5955,134479
2020-06-11 09:45:33.03,5946.18,5965,66354,5970,75153,5960,78442,5955,134479
2020-06-11 09:45:34.11,5946.18,5965,68351,5970,73156,5960,75943,5955,134479
2020-06-11 09:45:34.50,5946.18,5965,70851,5970,70656,5960,76943,5955,134480
2020-06-11 09:45:35.69,5946.18,5965,70851,5970,70656,5960,95150,5955,134480
2020-06-11 09:45:36.00,5946.18,5965,70984,5970,70656,5960,95500,5955,134480
2020-06-11 09:45:37.04,5947.26,5965,57864,5970,70656,5960,82390,5955,134480
2020-06-11 09:45:38.04,5947.62,5965,57864,5970,70656,5960,117339,5955,134480
2020-06-11 09:45:38.95,5947.62,5965,57864,5970,76608,5960,117349,5955,134480
2020-06-11 09:45:39.95,5947.62,5965,57864,5970,76608,5960,117349,5955,134480
2020-06-11 09:45:40.98,5947.62,5965,57864,5970,76608,5960,115177,5955,134480
2020-06-11 09:45:42.01,5947.62,5965,57904,5970,76608,5960,116177,5955,134480
2020-06-11 09:45:42.34,5947.62,5965,57904,5970,76608,5960,111594,5955,134485
2020-06-11 09:45:43.09,5947.62,5965,57904,5970,76608,5960,111594,5955,134500
2020-06-11 09:45:44.09,5947.62,5965,57904,5970,76608,5960,111604,5955,134500
2020-06-11 09:45:44.54,5947.62,5965,58904,5970,76608,5960,111704,5955,134500
2020-06-11 09:45:45.67,5947.62,5965,58904,5970,76608,5960,116709,5955,136500
2020-06-11 09:45:45.95,5947.62,5965,53189,5970,76708,5960,116709,5955,136500
2020-06-11 09:45:46.67,5947.77,5965,53189,5970,76708,5960,118807,5955,136500
2020-06-11 09:45:47.76,5947.41,5965,53189,5970,78100,5960,119653,5955,136500
2020-06-11 09:45:49.73,5947.26,5965,53189,5970,78100,5960,120653,5955,136500
2020-06-11 09:45:49.96,5947.26,5965,53055,5970,78100,5960,120654,5955,136500
2020-06-11 09:45:50.92,5947.26,5965,68207,5970,78100,5960,115654,5955,136500
2020-06-11 09:45:51.95,5947.26,5965,53045,5970,78100,5960,116654,5955,136510
2020-06-11 09:45:52.18,5947.26,5965,53035,5970,78100,5960,121654,5955,136510
2020-06-11 09:45:52.96,5947.26,5965,53035,5970,78100,5960,121654,5955,136510
2020-06-11 09:45:53.98,5947.26,5965,52995,5970,78100,5960,121654,5955,136513
2020-06-11 09:45:54.40,5947.26,5965,52995,5970,78100,5960,170560,5955,136539
2020-06-11 09:45:55.04,5947.26,5965,50998,5970,78100,5960,170560,5955,136539
2020-06-11 09:45:56.07,5947.26,5965,53593,5970,78100,5960,170570,5955,136338
2020-06-11 09:45:56.21,5947.62,5965,53593,5970,78100,5960,170575,5955,136338
2020-06-11 09:45:57.12,5947.62,5965,53593,5970,78100,5960,170575,5955,136338
2020-06-11 09:45:57.63,5947.62,5965,56093,5970,79100,5960,170575,5955,136338
2020-06-11 09:45:58.68,5947.62,5965,56093,5970,79100,5960,171077,5955,136338
2020-06-11 09:45:59.05,5947.62,5965,55993,5970,79100,5960,171077,5955,136338
2020-06-11 09:45:59.80,5947.62,5965,55993,5970,79100,5960,171077,5955,136338
2020-06-11 09:46:00.76,5947.62,5965,52823,5970,79600,5960,171077,5955,136338
2020-06-11 09:46:01.83,5947.62,5965,52823,5970,79600,5960,171127,5955,136338
2020-06-11 09:46:02.30,5947.62,5965,52823,5970,79600,5960,171102,5955,136421
2020-06-11 09:46:03.41,5947.62,5965,52823,5970,79600,5960,166102,5955,136534
2020-06-11 09:46:03.86,5947.62,5965,52823,5970,79500,5960,166102,5955,136534
2020-06-11 09:46:04.94,5947.62,5965,61423,5970,75500,5960,162218,5955,137034
2020-06-11 09:46:05.47,5947.62,5965,79290,5970,75500,5960,167218,5955,136934
2020-06-11 09:46:06.52,5947.62,5965,79290,5970,76227,5960,167590,5955,136934
2020-06-11 09:46:07.02,5946.54,5965,79290,5970,76227,5960,167590,5955,136934
2020-06-11 09:46:08.07,5945.53,5965,79290,5970,76227,5960,167890,5955,136934
2020-06-11 09:46:08.36,5944.81,5965,67990,5970,76227,5960,167890,5955,136934
2020-06-11 09:46:09.10,5944.81,5965,67990,5970,76227,5960,167890,5955,136934
2020-06-11 09:46:09.50,5944.45,5965,82946,5970,74588,5960,102608,5955,136934
2020-06-11 09:46:10.24,5944.45,5965,80346,5970,74588,5960,76040,5955,136934
2020-06-11 09:46:11.20,5944.45,5960,45271,5965,72246,5955,135734,5950,141041
2020-06-11 09:46:11.45,5944.45,5960,35598,5965,68510,5955,131934,5950,141241
2020-06-11 09:46:12.31,5944.45,5960,40588,5965,68510,5955,137334,5950,141241
2020-06-11 09:46:12.74,5944.45,5960,40588,5965,68510,5955,140234,5950,141241
2020-06-11 09:46:13.80,5944.45,5960,35288,5965,68510,5955,131934,5950,141241
2020-06-11 09:46:14.38,5944.45,5960,38118,5965,68510,5955,151134,5950,141241
2020-06-11 09:46:15.44,5944.45,5960,41460,5965,68510,5955,131532,5950,141241
2020-06-11 09:46:15.84,5944.45,5960,37668,5965,68510,5955,117037,5950,142241
2020-06-11 09:46:16.95,5942.43,5960,37468,5965,68510,5955,123937,5950,142241
2020-06-11 09:46:18.06,5942.86,5960,48308,5965,73557,5955,98227,5950,142241
2020-06-11 09:46:18.61,5942.5,5960,48308,5965,73562,5955,79372,5950,156101
2020-06-11 09:46:19.61,5942.0,5960,45089,5965,73552,5955,92634,5950,156101
2020-06-11 09:46:20.03,5942.0,5960,45089,5965,73552,5955,92933,5950,156101
2020-06-11 09:46:21.20,5942.0,5960,44989,5965,73552,5955,92934,5950,156101
2020-06-11 09:46:21.67,5942.0,5960,46590,5965,71552,5955,57882,5950,156101
2020-06-11 09:46:22.75,5942.0,5960,48590,5965,71552,5955,66016,5950,156106
2020-06-11 09:46:22.98,5942.0,5960,50587,5965,71552,5955,91209,5950,156106
2020-06-11 09:46:23.73,5942.0,5960,50584,5965,71552,5955,91209,5950,156106
2020-06-11 09:46:24.04,5942.0,5960,52784,5965,71552,5955,96209,5950,156106
2020-06-11 09:46:24.79,5942.0,5960,52784,5965,71552,5955,96212,5950,156106
2020-06-11 09:46:25.11,5942.0,5960,52784,5965,71552,5955,96212,5950,156106
2020-06-11 09:46:25.89,5942.0,5960,60234,5965,72052,5955,96262,5950,156356
2020-06-11 09:46:26.92,5942.0,5960,52423,5965,74023,5955,96262,5950,156356
2020-06-11 09:46:27.31,5941.13,5960,52423,5965,74023,5955,96262,5950,156356
2020-06-11 09:46:27.95,5941.13,5960,52423,5965,74023,5955,110122,5950,142496
2020-06-11 09:46:28.95,5942.21,5960,52323,5965,74028,5955,110282,5950,142496
2020-06-11 09:46:29.23,5942.21,5960,52416,5965,74028,5955,110782,5950,143496
2020-06-11 09:46:29.96,5942.21,5960,52416,5965,74028,5955,111082,5950,143496
2020-06-11 09:46:30.54,5942.21,5960,52416,5965,74028,5955,111082,5950,143496
2020-06-11 09:46:31.67,5942.21,5960,40416,5965,74028,5955,111785,5950,143496
2020-06-11 09:46:31.84,5942.21,5960,40416,5965,74028,5955,111785,5950,144496
2020-06-11 09:46:33.14,5942.21,5960,40536,5965,74028,5955,111790,5950,144496
2020-06-11 09:46:34.14,5942.21,5960,40643,5965,74028,5955,111790,5950,144497
2020-06-11 09:46:34.31,5942.21,5960,38644,5965,74195,5955,111790,5950,144497
2020-06-11 09:46:35.35,5942.21,5960,40615,5965,72224,5955,111790,5950,144597
2020-06-11 09:46:35.60,5942.21,5960,40615,5965,72224,5955,112090,5950,144392
2020-06-11 09:46:36.35,5942.21,5960,39615,5965,72224,5955,112090,5950,144602
2020-06-11 09:46:37.42,5942.21,5960,39615,5965,72224,5955,112090,5950,144602
2020-06-11 09:46:37.63,5942.94,5960,39615,5965,72224,5955,112090,5950,144602
2020-06-11 09:46:38.48,5942.0,5960,37634,5965,74195,5955,112090,5950,144602
2020-06-11 09:46:39.54,5943.08,5960,37634,5965,74195,5955,112091,5950,144602
2020-06-11 09:46:39.84,5943.08,5960,37634,5965,74195,5955,112091,5950,144602
2020-06-11 09:46:40.66,5943.08,5960,37934,5965,74195,5955,112091,5950,144602
2020-06-11 09:46:41.65,5943.08,5960,37520,5965,74195,5955,118791,5950,144602
2020-06-11 09:46:41.91,5943.08,5960,37520,5965,74195,5955,118821,5950,144603
2020-06-11 09:46:42.65,5943.08,5960,37520,5965,74195,5955,118821,5950,144603
2020-06-11 09:46:43.66,5943.08,5960,37520,5965,74195,5955,118821,5950,144704
2020-06-11 09:46:43.84,5943.08,5960,37020,5965,74195,5955,118822,5950,144704
2020-06-11 09:46:44.80,5943.08,5960,37020,5965,74195,5955,118822,5950,144704
2020-06-11 09:46:44.98,5943.08,5960,37020,5965,74195,5955,118822,5950,144704
2020-06-11 09:46:45.79,5943.08,5960,36928,5965,74195,5955,118822,5950,144704
2020-06-11 09:46:45.93,5943.08,5960,36728,5965,74195,5955,113822,5950,144704
2020-06-11 09:46:46.85,5943.08,5960,36728,5965,74195,5955,113822,5950,144714
2020-06-11 09:46:46.99,5943.08,5960,36728,5965,74195,5955,113822,5950,144714
2020-06-11 09:46:47.97,5943.08,5960,36728,5965,74195,5955,113823,5950,144714
2020-06-11 09:46:48.41,5943.08,5960,36128,5965,74195,5955,113823,5950,144714
2020-06-11 09:46:49.44,5943.08,5960,37128,5965,74195,5955,114823,5950,144714
2020-06-11 09:46:49.55,5943.08,5960,37128,5965,74195,5955,114823,5950,144658
2020-06-11 09:46:50.61,5943.08,5960,37128,5965,74195,5955,114828,5950,144658
2020-06-11 09:46:50.91,5943.08,5960,37128,5965,74195,5955,113828,5950,144658
2020-06-11 09:46:51.60,5943.08,5960,47033,5965,84100,5955,113828,5950,144658
2020-06-11 09:46:52.18,5943.08,5960,47033,5965,84100,5955,114328,5950,144658
2020-06-11 09:46:53.13,5943.08,5960,47033,5965,84100,5955,114328,5950,144658
2020-06-11 09:46:53.27,5943.08,5960,47033,5965,84100,5955,114428,5950,144658
2020-06-11 09:46:54.13,5943.08,5960,55573,5965,84100,5955,114428,5950,144658
2020-06-11 09:46:54.30,5943.08,5960,55563,5965,84100,5955,100568,5950,144558
2020-06-11 09:46:54.71,5943.08,5960,54563,5965,84100,5955,100578,5950,144558
2020-06-11 09:46:55.94,5943.08,5960,54563,5965,84100,5955,101578,5950,143548
2020-06-11 09:46:56.78,5943.08,5960,54563,5965,84100,5955,101578,5950,143548
2020-06-11 09:46:57.82,5943.08,5960,54563,5965,84100,5955,101578,5950,143548
2020-06-11 09:46:58.85,5943.44,5960,54863,5965,84130,5955,101578,5950,143548
2020-06-11 09:46:59.33,5943.44,5960,54863,5965,84130,5955,101578,5950,143548
2020-06-11 09:46:59.89,5943.44,5960,55198,5965,84130,5955,101578,5950,143548
2020-06-11 09:47:00.64,5943.44,5960,55198,5965,84130,5955,107828,5950,143548
2020-06-11 09:47:01.60,5943.44,5960,56198,5965,83630,5955,107828,5950,143548
2020-06-11 09:47:02.59,5943.44,5960,56031,5965,83630,5955,107888,5950,149998
2020-06-11 09:47:02.91,5943.44,5960,56626,5965,83630,5955,107888,5950,149998
2020-06-11 09:47:03.58,5943.44,5960,56234,5965,83630,5955,107888,5950,149998
2020-06-11 09:47:04.14,5943.44,5960,56234,5965,83630,5955,107888,5950,149998
2020-06-11 09:47:05.30,5943.44,5960,56184,5965,83630,5955,107938,5950,150123
2020-06-11 09:47:05.53,5943.44,5960,56284,5965,83630,5955,107838,5950,150123
2020-06-11 09:47:06.19,5943.44,5960,47834,5965,91080,5955,107838,5950,151524
2020-06-11 09:47:06.87,5943.44,5960,47701,5965,91080,5955,107838,5950,151524
2020-06-11 09:47:07.80,5943.44,5960,47691,5965,91080,5955,108051,5950,151524
2020-06-11 09:47:08.17,5942.72,5960,52662,5965,89109,5955,108051,5950,151524
2020-06-11 09:47:08.89,5942.72,5960,52530,5965,89109,5955,108051,5950,151524
2020-06-11 09:47:09.92,5942.72,5960,52530,5965,89109,5955,108061,5950,151524
2020-06-11 09:47:10.12,5942.72,5960,52530,5965,89109,5955,106444,5950,151524
2020-06-11 09:47:10.98,5942.72,5960,52530,5965,89109,5955,106484,5950,151534
2020-06-11 09:47:11.23,5942.72,5960,52030,5965,89109,5955,106484,5950,151534
2020-06-11 09:47:12.01,5942.72,5960,54030,5965,89109,5955,106484,5950,151534
2020-06-11 09:47:12.64,5942.72,5960,54030,5965,89109,5955,106184,5950,156534
2020-06-11 09:47:13.61,5942.72,5960,52059,5965,91080,5955,106272,5950,156544
2020-06-11 09:47:13.93,5942.72,5960,52059,5965,91080,5955,106272,5950,156544
2020-06-11 09:47:14.61,5942.72,5960,52059,5965,91080,5955,106277,5950,156564
2020-06-11 09:47:15.14,5942.72,5960,50559,5965,91080,5955,106277,5950,156519
2020-06-11 09:47:16.25,5942.72,5960,50549,5965,91080,5955,106277,5950,156519
2020-06-11 09:47:16.31,5942.58,5960,50549,5965,91080,5955,106277,5950,156519
2020-06-11 09:47:17.32,5941.85,5960,50549,5965,91080,5955,106287,5950,146519
2020-06-11 09:47:17.70,5941.85,5960,50549,5965,91080,5955,106187,5950,146719
2020-06-11 09:47:18.21,5941.85,5960,50549,5965,89080,5955,106287,5950,146719
2020-06-11 09:47:18.81,5941.85,5960,50549,5965,89080,5955,106287,5950,146719
2020-06-11 09:47:19.29,5941.85,5960,50439,5965,89080,5955,106287,5950,146719
2020-06-11 09:47:19.98,5941.85,5960,50356,5965,89080,5955,106297,5950,146719
2020-06-11 09:47:20.96,5941.85,5960,50944,5965,87109,5955,82124,5950,146719
2020-06-11 09:47:21.37,5941.85,5960,70986,5965,87109,5955,77074,5950,146721
2020-06-11 09:47:22.60,5941.85,5960,70976,5965,87109,5955,77074,5950,146721
2020-06-11 09:47:22.84,5941.85,5960,71049,5965,87109,5955,77074,5950,146721
2020-06-11 09:47:23.57,5941.85,5960,72882,5965,87109,5955,83074,5950,146822
2020-06-11 09:47:24.59,5941.85,5960,83322,5965,79659,5955,83074,5950,146822
2020-06-11 09:47:24.87,5941.85,5960,83312,5965,79659,5955,83074,5950,146822
2020-06-11 09:47:25.63,5941.85,5960,83312,5965,79659,5955,77074,5950,146822
2020-06-11 09:47:25.93,5941.85,5960,83260,5965,79659,5955,77542,5950,146822
2020-06-11 09:47:26.67,5941.49,5960,83250,5965,79659,5955,77542,5950,146822
2020-06-11 09:47:27.10,5941.49,5960,83250,5965,84521,5955,83139,5950,145822
2020-06-11 09:47:28.34,5941.49,5960,72247,5965,84521,5955,83150,5950,145822
2020-06-11 09:47:29.16,5941.49,5960,72247,5965,84521,5955,83160,5950,145922
2020-06-11 09:47:29.46,5941.85,5960,72247,5965,84521,5955,83170,5950,146025
2020-06-11 09:47:30.37,5941.85,5960,72247,5965,86521,5955,77170,5950,146028
2020-06-11 09:47:30.70,5941.85,5960,72463,5965,86521,5955,78496,5950,146028
2020-06-11 09:47:31.34,5941.85,5960,78463,5965,80521,5955,79896,5950,146028
2020-06-11 09:47:32.44,5941.85,5960,72463,5965,80521,5955,79896,5950,146028
2020-06-11 09:47:32.60,5941.85,5960,72463,5965,86521,5955,84896,5950,146028
2020-06-11 09:47:33.35,5941.85,5960,72663,5965,86521,5955,84906,5950,146028
2020-06-11 09:47:33.74,5941.85,5960,72663,5965,86521,5955,85006,5950,145978
2020-06-11 09:47:34.49,5941.85,5960,72663,5965,86521,5955,85006,5950,145978
2020-06-11 09:47:34.98,5941.85,5960,72663,5965,86521,5955,85006,5950,145978
2020-06-11 09:47:35.96,5941.85,5960,72663,5965,86521,5955,79005,5950,145978
2020-06-11 09:47:36.21,5942.58,5960,73937,5965,86521,5955,79505,5950,145978
2020-06-11 09:47:37.04,5942.58,5960,79937,5965,86521,5955,74505,5950,145078
2020-06-11 09:47:37.51,5942.58,5960,79937,5965,86521,5955,74785,5950,145078
2020-06-11 09:47:39.18,5941.85,5960,79937,5965,86521,5955,74885,5950,145078
2020-06-11 09:47:39.44,5941.85,5960,79936,5965,86521,5955,71432,5950,145078
2020-06-11 09:47:40.16,5941.85,5960,73936,5965,86521,5955,71432,5950,145078
2020-06-11 09:47:40.54,5941.85,5960,73906,5965,86521,5955,65432,5950,145078
2020-06-11 09:47:41.25,5941.85,5960,73656,5965,86521,5955,65232,5950,145078
2020-06-11 09:47:41.74,5941.85,5960,79656,5965,80521,5955,65568,5950,145083
2020-06-11 09:47:42.75,5941.85,5960,85656,5965,80521,5955,60556,5950,145083
2020-06-11 09:47:42.94,5941.85,5960,90656,5965,80521,5955,59380,5950,145083
2020-06-11 09:47:43.85,5941.85,5955,54536,5960,90656,5950,160045,5945,95688
2020-06-11 09:47:44.10,5941.85,5955,47078,5960,88685,5950,156745,5945,95688
2020-06-11 09:47:44.99,5941.85,5955,58081,5960,88705,5950,156746,5945,95688
2020-06-11 09:47:45.41,5941.85,5955,46948,5960,90676,5950,186746,5945,95688
2020-06-11 09:47:45.97,5941.85,5960,90676,5965,77521,5955,49414,5950,186746
2020-06-11 09:47:47.05,5941.85,5960,95679,5965,77521,5955,50919,5950,186748
2020-06-11 09:47:47.31,5940.48,5960,90679,5965,77521,5955,51819,5950,186748
2020-06-11 09:47:48.13,5939.48,5960,90679,5965,77521,5955,54681,5950,186750
2020-06-11 09:47:49.10,5939.48,5960,90679,5965,77521,5955,53057,5950,186750
2020-06-11 09:47:49.33,5939.48,5960,90679,5965,77521,5955,53057,5950,186760
2020-06-11 09:47:49.80,5939.84,5960,90679,5965,77521,5955,53067,5950,185260
2020-06-11 09:47:50.41,5939.84,5960,95679,5965,80521,5955,47057,5950,179798
2020-06-11 09:47:51.16,5939.84,5960,95679,5965,80521,5955,49537,5950,179798
2020-06-11 09:47:51.61,5939.84,5960,95679,5965,80521,5955,20421,5950,179898
2020-06-11 09:47:52.20,5939.84,5955,32550,5960,95679,5950,179906,5945,101115
2020-06-11 09:47:52.83,5939.84,5955,36673,5960,96046,5950,161716,5945,101115
2020-06-11 09:47:53.83,5939.84,5955,36673,5960,94046,5950,154816,5945,101115
2020-06-11 09:47:54.20,5939.84,5955,36717,5960,94046,5950,179216,5945,101115
2020-06-11 09:47:54.94,5939.84,5955,33697,5960,94046,5950,179226,5945,101115
2020-06-11 09:47:55.97,5939.84,5955,36614,5960,94046,5950,179232,5945,101215
2020-06-11 09:47:56.31,5939.84,5955,38602,5960,94046,5950,179232,5945,101215
2020-06-11 09:47:57.00,5938.76,5955,42005,5960,95452,5950,162793,5945,101215
2020-06-11 09:47:57.98,5938.76,5955,46955,5960,89452,5950,156868,5945,101215
2020-06-11 09:47:58.25,5938.76,5955,51941,5960,89452,5950,133054,5945,101223
2020-06-11 09:47:59.08,5938.76,5955,45940,5960,95452,5950,125296,5945,101223
2020-06-11 09:47:59.55,5937.31,5955,45940,5960,95452,5950,132321,5945,101223
2020-06-11 09:48:00.03,5937.31,5955,45840,5960,95452,5950,133931,5945,101223
2020-06-11 09:48:01.17,5937.31,5955,40840,5960,95452,5950,132346,5945,101223
2020-06-11 09:48:01.58,5937.31,5955,43840,5960,95452,5950,132346,5945,101223
2020-06-11 09:48:02.34,5937.31,5955,77805,5960,87481,5950,121266,5945,101223
2020-06-11 09:48:03.29,5937.31,5955,83805,5960,87481,5950,112104,5945,101223
2020-06-11 09:48:03.87,5937.31,5955,83794,5960,87481,5950,88564,5945,101223
2020-06-11 09:48:04.89,5937.31,5955,87454,5960,87481,5950,88714,5945,110385
2020-06-11 09:48:05.20,5937.31,5955,96883,5960,86481,5950,112254,5945,110485
2020-06-11 09:48:05.95,5937.31,5955,90883,5960,86381,5950,112254,5945,110495
2020-06-11 09:48:06.98,5937.67,5955,96883,5960,86281,5950,110029,5945,105033
2020-06-11 09:48:07.29,5935.44,5955,96893,5960,86281,5950,104029,5945,105033
2020-06-11 09:48:08.04,5934.5,5955,90893,5960,85791,5950,75089,5945,105033
2020-06-11 09:48:09.10,5936.23,5950,39146,5955,94589,5945,121882,5940,110233
2020-06-11 09:48:09.48,5932.7,5950,5123,5955,96560,5945,151148,5940,110233
2020-06-11 09:48:10.25,5932.7,5955,99060,5960,78341,5950,39732,5945,156521
2020-06-11 09:48:11.26,5932.7,5955,101060,5960,78341,5950,45832,5945,156521
2020-06-11 09:48:11.40,5932.7,5955,98346,5960,68436,5950,45832,5945,156521
2020-06-11 09:48:12.31,5932.7,5955,98346,5960,68436,5950,33809,5945,156571
2020-06-11 09:48:13.38,5932.7,5955,98346,5960,68436,5950,33809,5945,156574
2020-06-11 09:48:13.87,5932.7,5955,98346,5960,68436,5950,12320,5945,156574
2020-06-11 09:48:15.01,5932.7,5950,41135,5955,98346,5945,156574,5940,109733
2020-06-11 09:48:16.02,5932.7,5950,43410,5955,98346,5945,131474,5940,109733
2020-06-11 09:48:16.31,5934.86,5950,45371,5955,96375,5945,126474,5940,109733
2020-06-11 09:48:17.10,5934.72,5950,52455,5955,94375,5945,126214,5940,109733
2020-06-11 09:48:18.16,5933.27,5950,50434,5955,96346,5945,121264,5940,109833
2020-06-11 09:48:18.37,5932.48,5950,45434,5955,96346,5945,128464,5940,109833
2020-06-11 09:48:19.18,5932.48,5950,47405,5955,94375,5945,119286,5940,109833
2020-06-11 09:48:20.18,5932.48,5950,47305,5955,94375,5945,119286,5940,109833
2020-06-11 09:48:20.48,5932.48,5950,45124,5955,96346,5945,136386,5940,109833
2020-06-11 09:48:21.27,5932.48,5950,47090,5955,94375,5945,119489,5940,109813
2020-06-11 09:48:21.71,5932.48,5950,47060,5955,94375,5945,122189,5940,109981
2020-06-11 09:48:22.82,5932.48,5950,48219,5955,94375,5945,119539,5940,109981
2020-06-11 09:48:23.07,5932.48,5950,46232,5955,96346,5945,119639,5940,110282
2020-06-11 09:48:23.93,5932.48,5950,46031,5955,96346,5945,119639,5940,110282
2020-06-11 09:48:24.87,5932.48,5950,46031,5955,96346,5945,119640,5940,110282
2020-06-11 09:48:25.16,5932.48,5950,50502,5955,94375,5945,119645,5940,110282
2020-06-11 09:48:25.94,5932.84,5950,50502,5955,94375,5945,119645,5940,110282
2020-06-11 09:48:26.30,5933.2,5950,56501,5955,94375,5945,120061,5940,110287
2020-06-11 09:48:27.08,5932.48,5950,56501,5955,94375,5945,125061,5940,110278
2020-06-11 09:48:28.13,5932.7,5950,54483,5955,96346,5945,127111,5940,110178
2020-06-11 09:48:28.41,5932.7,5950,20443,5955,96346,5945,132091,5940,110178
2020-06-11 09:48:29.19,5932.7,5950,16399,5955,96346,5945,132091,5940,110178
2020-06-11 09:48:30.16,5933.78,5950,14241,5955,96346,5945,133199,5940,110194
2020-06-11 09:48:30.60,5933.78,5950,11241,5955,96346,5945,133204,5940,110304
2020-06-11 09:48:31.80,5933.78,5950,37781,5955,96346,5945,133710,5940,110304
2020-06-11 09:48:32.00,5933.78,5950,37781,5955,96346,5945,133710,5940,110304
2020-06-11 09:48:32.77,5933.78,5950,37781,5955,96346,5945,133710,5940,110304
2020-06-11 09:48:33.21,5933.78,5950,37650,5955,96346,5945,134701,5940,110304
2020-06-11 09:48:33.94,5933.78,5950,38150,5955,96646,5945,134701,5940,100805
2020-06-11 09:48:34.85,5933.78,5950,14110,5955,96646,5945,134701,5940,100855
2020-06-11 09:48:35.83,5933.78,5950,13582,5955,96646,5945,134696,5940,102865
2020-06-11 09:48:36.00,5933.78,5950,10582,5955,96646,5945,134696,5940,102865
2020-06-11 09:48:36.97,5933.2,5950,10582,5955,96646,5945,134697,5940,102865
2020-06-11 09:48:37.11,5933.35,5950,12345,5955,96646,5945,134809,5940,102865
2020-06-11 09:48:38.03,5933.35,5955,96646,5960,66436,5950,28540,5945,135009
2020-06-11 09:48:38.38,5933.63,5955,96646,5960,66436,5950,28540,5945,135009
2020-06-11 09:48:39.08,5933.63,5955,96646,5960,66436,5950,28540,5945,135009
2020-06-11 09:48:39.49,5933.63,5955,96646,5960,66436,5950,33540,5945,135009
2020-06-11 09:48:40.14,5933.63,5955,96646,5960,66436,5950,35023,5945,135009
2020-06-11 09:48:41.13,5935.08,5955,96646,5960,66436,5950,35023,5945,135009
2020-06-11 09:48:41.41,5935.08,5955,96646,5960,66436,5950,35189,5945,134902
2020-06-11 09:48:42.17,5935.08,5955,96646,5960,66436,5950,36113,5945,134902
2020-06-11 09:48:42.67,5935.08,5955,96646,5960,66436,5950,15573,5945,135002
2020-06-11 09:48:43.98,5935.08,5955,96646,5960,66436,5950,36114,5945,135002
2020-06-11 09:48:44.81,5935.08,5955,96646,5960,63436,5950,12774,5945,135002
2020-06-11 09:48:45.17,5935.08,5955,96646,5960,63436,5950,36314,5945,135002
2020-06-11 09:48:45.87,5935.08,5955,96646,5960,63437,5950,35734,5945,135002
2020-06-11 09:48:46.41,5934.29,5955,96646,5960,63437,5950,35834,5945,135002
2020-06-11 09:48:46.97,5934.86,5955,96646,5960,63437,5950,15299,5945,135002
2020-06-11 09:48:48.08,5933.93,5950,24965,5955,96646,5945,133003,5940,102946
2020-06-11 09:48:48.31,5934.36,5950,24965,5955,96647,5945,128003,5940,102946
2020-06-11 09:48:49.09,5934.36,5950,29935,5955,94676,5945,122630,5940,103046
2020-06-11 09:48:50.00,5932.05,5950,29935,5955,94676,5945,124630,5940,103040
2020-06-11 09:48:50.40,5932.05,5950,29885,5955,94676,5945,124630,5940,103040
2020-06-11 09:48:51.23,5932.05,5950,31785,5955,94676,5945,124630,5940,103041
2020-06-11 09:48:52.23,5932.05,5950,31785,5955,94676,5945,125130,5940,103041
2020-06-11 09:48:52.75,5932.05,5950,31785,5955,94676,5945,119390,5940,103141
2020-06-11 09:48:53.84,5932.05,5950,31785,5955,94676,5945,119390,5940,103144
2020-06-11 09:48:54.18,5932.05,5950,32050,5955,94676,5945,124416,5940,103144
2020-06-11 09:48:54.79,5932.05,5950,29979,5955,96647,5945,124617,5940,103144
2020-06-11 09:48:55.89,5932.05,5950,29979,5955,96647,5945,124617,5940,103244
2020-06-11 09:48:56.23,5932.05,5950,29979,5955,96747,5945,124886,5940,103245
2020-06-11 09:48:56.98,5932.41,5950,36974,5955,96747,5945,124886,5940,103245
2020-06-11 09:48:58.03,5932.77,5950,39994,5955,96747,5945,124406,5940,103245
2020-06-11 09:48:58.31,5932.77,5950,29255,5955,94747,5945,124806,5940,103190
2020-06-11 09:48:59.12,5932.77,5950,52795,5955,94747,5945,123356,5940,103195
2020-06-11 09:48:59.60,5932.41,5950,52795,5955,94747,5945,125456,5940,103194
2020-06-11 09:49:00.67,5932.41,5950,52795,5955,94747,5945,125556,5940,103194
2020-06-11 09:49:01.04,5932.41,5950,53045,5955,94747,5945,125556,5940,103294
2020-06-11 09:49:02.24,5932.41,5950,55042,5955,92750,5945,125556,5940,108294
2020-06-11 09:49:02.37,5932.41,5950,60483,5955,90779,5945,120574,5940,108294
2020-06-11 09:49:03.26,5932.41,5950,60483,5955,90779,5945,120575,5940,108294
2020-06-11 09:49:03.60,5932.41,5950,60473,5955,90779,5945,120575,5940,108294
2020-06-11 09:49:04.34,5932.41,5950,62473,5955,90779,5945,117575,5940,108294
2020-06-11 09:49:04.60,5932.41,5950,62423,5955,90779,5945,118075,5940,108294
2020-06-11 09:49:05.38,5932.41,5950,62413,5955,90779,5945,118075,5940,108294
2020-06-11 09:49:05.93,5932.41,5950,57413,5955,90779,5945,119642,5940,108294
2020-06-11 09:49:06.96,5932.41,5950,57393,5955,90779,5945,119813,5940,108294
2020-06-11 09:49:07.21,5932.05,5950,57393,5955,90779,5945,120013,5940,108294
2020-06-11 09:49:07.71,5931.98,5950,57383,5955,90779,5945,120013,5940,108294
2020-06-11 09:49:08.24,5931.55,5950,62383,5955,90779,5945,114013,5940,108294
2020-06-11 09:49:09.01,5931.55,5950,62373,5955,90779,5945,114313,5940,108294
2020-06-11 09:49:09.43,5931.55,5950,60402,5955,92750,5945,109363,5940,109323
2020-06-11 09:49:10.15,5931.55,5950,62363,5955,90779,5945,109363,5940,109323
2020-06-11 09:49:11.13,5931.55,5950,62353,5955,90779,5945,109363,5940,109323
2020-06-11 09:49:11.27,5931.55,5950,62426,5955,90119,5945,109463,5940,109323
2020-06-11 09:49:12.21,5931.55,5950,62225,5955,81814,5945,109587,5940,109323
2020-06-11 09:49:12.41,5931.55,5950,62225,5955,81814,5945,109807,5940,109323
2020-06-11 09:49:13.21,5931.55,5950,64425,5955,81814,5945,103817,5940,109323
2020-06-11 09:49:13.63,5931.55,5950,64425,5955,81814,5945,103387,5940,109323
2020-06-11 09:49:14.32,5931.55,5950,64425,5955,81814,5945,104407,5940,109323
2020-06-11 09:49:14.83,5931.55,5950,64425,5955,81814,5945,106517,5940,97323
2020-06-11 09:49:15.86,5931.55,5950,64405,5955,81690,5945,106523,5940,97323
2020-06-11 09:49:16.10,5931.55,5950,64405,5955,81690,5945,106711,5940,97323
2020-06-11 09:49:17.44,5931.69,5950,64395,5955,81690,5945,104711,5940,97333
2020-06-11 09:49:18.44,5931.69,5950,66175,5955,81690,5945,100211,5940,97333
2020-06-11 09:49:18.66,5931.69,5950,66175,5955,81690,5945,100211,5940,97333
2020-06-11 09:49:19.58,5931.69,5950,66165,5955,81690,5945,102304,5940,92343
2020-06-11 09:49:19.88,5931.69,5950,65065,5955,81690,5945,102304,5940,92343
2020-06-11 09:49:20.69,5931.69,5950,64897,5955,81690,5945,103304,5940,92343
2020-06-11 09:49:21.68,5931.69,5950,67897,5955,81690,5945,103304,5940,92374
2020-06-11 09:49:21.91,5931.69,5950,68020,5955,81557,5945,103304,5940,92674
2020-06-11 09:49:22.69,5931.69,5950,69936,5955,81557,5945,103304,5940,92674
2020-06-11 09:49:23.00,5931.69,5950,69926,5955,81557,5945,99346,5940,92674
2020-06-11 09:49:23.71,5931.69,5950,69926,5955,81557,5945,97346,5940,92474
2020-06-11 09:49:24.77,5931.69,5950,69816,5955,81557,5945,97346,5940,92474
2020-06-11 09:49:24.91,5931.69,5950,69816,5955,81557,5945,97342,5940,92474
2020-06-11 09:49:25.97,5931.69,5945,1,5950,85667,5940,108474,5935,91581
2020-06-11 09:49:26.27,5931.18,5950,85667,5955,81557,5945,1,5940,109474
2020-06-11 09:49:26.91,5931.47,5950,79667,5955,81557,5945,31715,5940,109574
2020-06-11 09:49:28.05,5931.47,5950,79467,5955,81557,5945,32646,5940,109574
2020-06-11 09:49:28.24,5931.83,5950,79467,5955,81557,5945,28656,5940,109574
2020-06-11 09:49:28.94,5931.83,5950,79467,5955,81557,5945,29606,5940,109574
2020-06-11 09:49:29.33,5931.69,5950,79467,5955,81557,5945,27606,5940,109674
2020-06-11 09:49:30.09,5931.69,5950,79467,5955,81557,5945,27669,5940,109674
2020-06-11 09:49:31.19,5931.69,5950,79467,5955,81557,5945,28769,5940,109675
2020-06-11 09:49:31.50,5931.69,5950,79467,5955,81557,5945,43685,5940,109678
2020-06-11 09:49:32.31,5931.69,5950,79174,5955,81557,5945,44844,5940,109678
2020-06-11 09:49:33.01,5931.69,5950,79174,5955,81557,5945,90595,5940,109810
2020-06-11 09:49:34.21,5931.69,5950,79174,5955,81557,5945,90595,5940,109810
2020-06-11 09:49:34.51,5931.69,5950,79174,5955,81557,5945,98994,5940,109805
2020-06-11 09:49:35.38,5931.69,5950,79024,5955,81557,5945,99926,5940,109805
2020-06-11 09:49:35.81,5931.69,5950,79024,5955,81557,5945,99926,5940,109905
2020-06-11 09:49:37.04,5931.69,5950,79360,5955,81557,5945,102426,5940,109905
2020-06-11 09:49:37.40,5931.69,5950,79360,5955,81557,5945,103222,5940,109899
2020-06-11 09:49:38.13,5932.19,5950,79022,5955,81557,5945,96422,5940,109699
2020-06-11 09:49:39.01,5932.19,5950,79022,5955,81557,5945,96432,5940,109700
2020-06-11 09:49:40.18,5932.05,5950,79022,5955,81557,5945,96932,5940,109700
2020-06-11 09:49:40.51,5932.05,5950,79122,5955,81557,5945,96934,5940,109700
2020-06-11 09:49:41.16,5932.05,5950,79119,5955,81557,5945,96934,5940,109600
2020-06-11 09:49:42.26,5932.05,5950,79119,5955,81757,5945,96909,5940,110709
2020-06-11 09:49:42.54,5932.05,5950,79119,5955,81757,5945,96909,5940,110858
2020-06-11 09:49:43.26,5932.05,5950,79119,5955,81757,5945,90909,5940,110860
2020-06-11 09:49:43.71,5932.05,5950,79114,5955,81757,5945,90568,5940,110860
2020-06-11 09:49:44.83,5932.05,5950,79114,5955,81757,5945,90568,5940,110960
2020-06-11 09:49:45.04,5932.05,5950,79114,5955,81757,5945,90628,5940,110960
2020-06-11 09:49:45.94,5932.05,5950,79114,5955,81757,5945,90628,5940,110052
2020-06-11 09:49:46.91,5931.69,5950,79114,5955,81757,5945,90654,5940,110052
2020-06-11 09:49:47.10,5931.69,5950,79114,5955,81757,5945,90864,5940,110052
2020-06-11 09:49:48.54,5931.33,5950,79114,5955,81757,5945,89864,5940,110052
2020-06-11 09:49:49.58,5931.33,5950,79114,5955,81757,5945,89864,5940,110052
2020-06-11 09:49:49.94,5931.33,5950,78778,5955,81757,5945,89864,5940,110052
2020-06-11 09:49:50.63,5931.33,5950,78778,5955,81457,5945,89864,5940,113052
2020-06-11 09:49:51.61,5931.33,5950,78778,5955,81457,5945,89964,5940,113052
2020-06-11 09:49:52.10,5931.33,5950,78778,5955,81457,5945,89980,5940,113052
2020-06-11 09:49:53.24,5931.33,5950,85278,5955,81457,5945,89980,5940,113142
2020-06-11 09:49:53.47,5931.33,5950,79278,5955,81457,5945,83980,5940,113137
2020-06-11 09:49:54.36,5931.33,5950,79278,5955,81457,5945,84180,5940,113137
2020-06-11 09:49:54.80,5931.33,5950,79278,5955,81457,5945,84180,5940,113237
2020-06-11 09:49:56.05,5931.33,5950,79278,5955,81457,5945,84200,5940,113237
2020-06-11 09:49:56.94,5931.33,5950,79278,5955,81457,5945,84200,5940,113237
2020-06-11 09:49:57.24,5930.97,5950,79278,5955,81457,5945,84200,5940,113237
2020-06-11 09:49:58.50,5930.97,5950,79278,5955,81457,5945,75700,5940,113237
2020-06-11 09:49:59.21,5930.97,5950,79278,5955,81457,5945,75805,5940,113237
2020-06-11 09:50:00.17,5930.97,5950,85278,5955,81457,5945,78095,5940,113337
2020-06-11 09:50:01.19,5930.97,5950,85269,5955,81457,5945,79587,5940,113337
2020-06-11 09:50:01.53,5930.97,5950,85269,5955,81457,5945,79587,5940,113337
2020-06-11 09:50:02.25,5930.97,5950,85269,5955,81457,5945,79599,5940,113337
2020-06-11 09:50:02.80,5930.97,5950,85269,5955,81457,5945,82599,5940,113287
2020-06-11 09:50:03.88,5930.97,5950,90269,5955,81457,5945,76599,5940,112287
2020-06-11 09:50:04.86,5930.97,5950,90269,5955,81457,5945,76599,5940,112287
2020-06-11 09:50:05.08,5930.97,5950,84269,5955,81457,5945,96646,5940,112287
2020-06-11 09:50:05.50,5930.97,5950,84269,5955,81457,5945,96646,5940,112287
2020-06-11 09:50:06.44,5930.97,5950,84269,5955,81457,5945,96646,5940,112287
2020-06-11 09:50:06.64,5930.25,5950,90269,5955,81457,5945,73106,5940,112287
2020-06-11 09:50:07.48,5930.61,5950,84269,5955,81457,5945,96646,5940,112287
2020-06-11 09:50:07.87,5930.97,5950,92269,5955,81457,5945,96756,5940,112287
2020-06-11 09:50:08.59,5930.46,5950,92286,5955,81457,5945,90836,5940,112287
2020-06-11 09:50:09.59,5931.83,5950,92286,5955,81457,5945,90536,5940,112287
2020-06-11 09:50:09.94,5931.83,5950,92397,5955,81457,5945,90541,5940,113038
2020-06-11 09:50:10.75,5931.83,5950,98397,5955,81457,5945,67101,5940,113038
2020-06-11 09:50:11.72,5931.83,5950,98397,5955,81457,5945,67201,5940,113038
2020-06-11 09:50:12.11,5931.83,5950,98397,5955,81457,5945,67211,5940,113038
2020-06-11 09:50:13.33,5931.83,5950,98397,5955,81457,5945,67221,5940,113207
2020-06-11 09:50:13.70,5931.83,5950,98387,5955,81457,5945,84861,5940,113207
2020-06-11 09:50:14.40,5931.83,5950,98387,5955,81457,5945,85091,5940,113107
2020-06-11 09:50:15.37,5931.83,5950,98387,5955,81357,5945,85021,5940,113107
2020-06-11 09:50:16.37,5931.83,5950,98387,5955,81407,5945,84821,5940,113108
2020-06-11 09:50:16.48,5931.83,5950,98387,5955,81407,5945,84821,5940,113106
2020-06-11 09:50:16.90,5931.55,5950,98387,5955,81407,5945,61281,5940,113106
2020-06-11 09:50:17.50,5931.55,5950,98387,5955,81407,5945,61780,5940,113106
2020-06-11 09:50:18.46,5931.55,5950,98276,5955,81407,5945,55669,5940,113106
2020-06-11 09:50:18.79,5931.55,5950,98276,5955,81407,5945,55769,5940,113206
2020-06-11 09:50:19.64,5930.46,5945,26859,5950,98276,5940,113206,5935,95543
2020-06-11 09:50:20.57,5930.46,5945,29992,5950,98143,5940,108306,5935,95543
2020-06-11 09:50:20.76,5930.46,5945,29992,5950,98143,5940,108306,5935,95544
2020-06-11 09:50:21.70,5930.46,5945,29992,5950,98143,5940,108306,5935,95544
2020-06-11 09:50:21.95,5930.46,5945,26992,5950,98143,5940,108306,5935,95544
2020-06-11 09:50:22.74,5930.46,5945,40992,5950,98143,5940,108316,5935,95544
2020-06-11 09:50:23.74,5930.46,5945,43992,5950,98143,5940,108411,5935,95544
2020-06-11 09:50:23.90,5930.46,5945,43992,5950,98143,5940,108411,5935,95544
2020-06-11 09:50:24.87,5930.46,5945,23989,5950,98143,5940,113368,5935,89544
2020-06-11 09:50:24.93,5930.46,5945,23879,5950,98143,5940,112376,5935,89544
2020-06-11 09:50:25.77,5930.46,5945,23979,5950,98143,5940,112381,5935,89644
2020-06-11 09:50:25.92,5930.46,5945,23879,5950,98143,5940,112411,5935,89644
2020-06-11 09:50:26.82,5929.6,5945,26929,5950,98143,5940,112417,5935,89644
2020-06-11 09:50:27.01,5930.32,5945,26929,5950,98143,5940,126787,5935,89644
2020-06-11 09:50:28.06,5931.04,5945,26969,5950,98143,5940,126792,5935,89794
2020-06-11 09:50:28.29,5931.18,5945,49882,5950,98143,5940,126892,5935,89794
2020-06-11 09:50:29.07,5931.18,5945,49361,5950,98143,5940,126892,5935,89794
2020-06-11 09:50:29.40,5930.1,5945,51349,5950,96143,5940,126252,5935,89794
2020-06-11 09:50:30.49,5930.1,5945,64348,5950,96143,5940,126652,5935,89894
2020-06-11 09:50:30.88,5930.1,5945,44455,5950,96143,5940,126652,5935,89894
2020-06-11 09:50:31.71,5930.1,5945,70273,5950,96143,5940,126752,5935,89995
2020-06-11 09:50:32.60,5930.1,5945,70258,5950,99743,5940,126864,5935,90005
2020-06-11 09:50:32.94,5930.1,5945,70358,5950,99743,5940,126864,5935,90005
2020-06-11 09:50:34.73,5930.1,5945,70358,5950,99743,5940,127864,5935,90005
2020-06-11 09:50:34.96,5930.1,5945,61621,5950,99743,5940,127864,5935,90035
2020-06-11 09:50:35.90,5930.1,5945,76504,5950,99743,5940,129914,5935,90035
2020-06-11 09:50:36.88,5931.18,5945,126497,5950,97963,5940,129914,5935,90035
2020-06-11 09:50:37.04,5931.18,5945,126487,5950,97963,5940,128541,5935,90135
2020-06-11 09:50:37.90,5930.82,5945,126486,5950,97963,5940,128541,5935,90135
2020-06-11 09:50:38.13,5930.82,5945,125986,5950,97963,5940,128541,5935,90135
2020-06-11 09:50:38.90,5930.82,5945,125985,5950,97963,5940,128591,5935,90135
2020-06-11 09:50:39.10,5930.82,5945,125985,5950,97963,5940,128601,5935,90335
2020-06-11 09:50:40.02,5930.82,5945,125985,5950,97963,5940,128611,5935,90335
2020-06-11 09:50:40.16,5930.82,5945,125985,5950,97963,5940,128620,5935,90335
2020-06-11 09:50:41.13,5930.82,5945,125501,5950,97963,5940,126112,5935,90335
2020-06-11 09:50:41.30,5930.82,5945,125501,5950,97963,5940,126511,5935,90335
2020-06-11 09:50:42.19,5930.82,5945,125501,5950,97963,5940,126011,5935,90335
2020-06-11 09:50:42.50,5930.82,5945,125491,5950,97963,5940,126060,5935,98778
2020-06-11 09:50:43.24,5930.82,5945,125477,5950,97963,5940,126050,5935,98778
2020-06-11 09:50:43.60,5930.82,5945,125477,5950,97963,5940,126050,5935,98778
2020-06-11 09:50:44.13,5930.82,5945,125476,5950,97963,5940,126050,5935,98778
2020-06-11 09:50:44.71,5930.82,5945,125466,5950,97963,5940,125050,5935,99778
2020-06-11 09:50:45.33,5930.82,5945,125466,5950,95963,5940,125050,5935,99778
2020-06-11 09:50:46.28,5930.82,5945,124584,5950,95963,5940,125050,5935,99778
2020-06-11 09:50:46.57,5930.1,5945,124584,5950,95963,5940,124549,5935,99778
2020-06-11 09:50:47.38,5930.1,5945,124584,5950,95963,5940,125048,5935,99778
2020-06-11 09:50:47.64,5930.1,5945,124584,5950,95963,5940,125048,5935,99778
2020-06-11 09:50:48.49,5930.1,5945,124568,5950,95963,5940,125046,5935,99778
2020-06-11 09:50:49.47,5930.1,5945,124568,5950,95963,5940,125115,5935,99778
2020-06-11 09:50:49.78,5930.32,5945,126348,5950,95963,5940,125615,5935,99778
2020-06-11 09:50:50.49,5930.32,5945,126346,5950,95963,5940,125620,5935,99778
2020-06-11 09:50:51.50,5930.32,5945,126336,5950,95963,5940,125620,5935,99778
2020-06-11 09:50:51.83,5930.32,5945,126336,5950,95963,5940,125620,5935,99778
2020-06-11 09:50:52.69,5930.32,5945,126336,5950,95963,5940,123132,5935,99778
2020-06-11 09:50:53.70,5930.32,5945,126346,5950,95963,5940,124632,5935,99778
2020-06-11 09:50:53.91,5930.32,5945,126346,5950,95963,5940,124632,5935,99778
2020-06-11 09:50:54.78,5930.32,5945,126346,5950,95963,5940,124682,5935,99778
2020-06-11 09:50:55.20,5930.32,5945,126346,5950,95963,5940,124837,5935,99778
2020-06-11 09:50:56.41,5930.32,5945,126336,5950,95963,5940,124501,5935,99778
2020-06-11 09:50:56.70,5930.68,5945,126326,5950,95963,5940,124511,5935,99778
2020-06-11 09:50:57.12,5930.68,5945,126326,5950,95963,5940,124561,5935,106550
2020-06-11 09:50:57.83,5930.97,5945,126326,5950,95963,5940,124566,5935,107050
2020-06-11 09:50:58.31,5930.61,5945,121326,5950,95963,5940,123566,5935,107050
2020-06-11 09:50:58.94,5930.61,5945,121242,5950,95963,5940,114086,5935,107666
2020-06-11 09:50:59.40,5929.52,5945,121335,5950,95963,5940,105588,5935,107668
2020-06-11 09:51:00.51,5929.52,5945,121325,5950,95963,5940,103588,5935,107678
2020-06-11 09:51:00.81,5929.52,5945,138322,5950,93992,5940,86460,5935,107678
2020-06-11 09:51:01.62,5929.52,5945,141312,5950,93992,5940,72013,5935,107733
2020-06-11 09:51:02.58,5929.52,5945,141312,5950,93992,5940,72023,5935,107733
2020-06-11 09:51:02.97,5929.52,5945,141312,5950,93992,5940,79889,5935,107733
2020-06-11 09:51:03.64,5929.52,5945,141262,5950,93992,5940,79899,5935,107733
2020-06-11 09:51:04.67,5929.52,5945,135411,5950,95963,5940,83909,5935,107733
2020-06-11 09:51:04.78,5929.52,5945,132411,5950,95963,5940,81419,5935,105733
2020-06-11 09:51:05.20,5929.52,5945,135411,5950,95963,5940,81720,5935,105733
2020-06-11 09:51:05.76,5929.52,5945,130411,5950,95963,5940,81720,5935,104733
2020-06-11 09:51:06.31,5929.52,5945,121349,5950,95963,5940,86831,5935,104882
2020-06-11 09:51:06.90,5927.07,5945,121349,5950,95963,5940,87347,5935,104882
2020-06-11 09:51:07.92,5927.8,5945,121349,5950,95301,5940,89185,5935,104882
2020-06-11 09:51:08.21,5928.3,5945,77916,5950,95301,5940,88947,5935,104882
2020-06-11 09:51:08.93,5929.02,5945,77916,5950,89301,5940,88962,5935,104882
2020-06-11 09:51:09.46,5929.96,5945,76349,5950,89301,5940,88970,5935,104897
2020-06-11 09:51:10.46,5929.96,5945,76349,5950,89301,5940,89307,5935,105097
2020-06-11 09:51:10.87,5929.96,5950,89301,5955,84227,5945,33831,5940,89229
2020-06-11 09:51:11.72,5929.96,5950,89301,5955,84227,5945,33083,5940,89119
2020-06-11 09:51:12.60,5929.96,5950,89259,5955,84227,5945,33203,5940,83657
2020-06-11 09:51:13.74,5929.96,5950,84259,5955,84227,5945,28366,5940,83494
2020-06-11 09:51:14.27,5929.96,5950,84259,5955,84327,5945,24769,5940,83694
2020-06-11 09:51:15.27,5929.96,5950,84259,5955,84327,5945,24769,5940,83694
2020-06-11 09:51:15.52,5929.96,5950,81988,5955,86298,5945,49909,5940,83750
2020-06-11 09:51:16.38,5929.96,5950,81988,5955,86298,5945,57473,5940,83850
2020-06-11 09:51:16.80,5932.7,5950,71119,5955,86298,5945,59100,5940,83850
2020-06-11 09:51:17.47,5932.34,5950,71119,5955,86298,5945,59100,5940,83850
2020-06-11 09:51:18.43,5934.36,5950,71119,5955,86298,5945,59245,5940,84850
2020-06-11 09:51:18.83,5934.36,5950,71119,5955,86298,5945,61245,5940,84850
2020-06-11 09:51:19.50,5932.92,5950,79363,5955,86298,5945,62101,5940,84860
2020-06-11 09:51:20.61,5932.92,5950,82363,5955,86298,5945,62601,5940,84860
2020-06-11 09:51:21.00,5932.92,5950,82334,5955,84327,5945,49101,5940,84860
2020-06-11 09:51:22.19,5932.92,5950,82334,5955,84327,5945,49112,5940,84860
2020-06-11 09:51:22.63,5932.92,5950,82334,5955,84327,5945,14109,5940,82860
2020-06-11 09:51:23.72,5932.92,5950,82334,5955,84327,5945,9046,5940,82860
2020-06-11 09:51:23.86,5932.92,5950,82334,5955,84327,5945,8971,5940,82860
2020-06-11 09:51:24.80,5932.92,5950,82334,5955,84327,5945,9770,5940,82942
2020-06-11 09:51:25.17,5932.92,5945,1057,5950,82334,5940,99192,5935,110466
2020-06-11 09:51:25.75,5932.92,5950,82334,5955,84327,5945,3943,5940,99292
2020-06-11 09:51:26.38,5931.62,5950,82334,5955,84327,5945,27383,5940,99292
2020-06-11 09:51:28.42,5931.26,5950,82334,5955,84327,5945,27820,5940,99055
2020-06-11 09:51:29.41,5931.26,5950,62334,5955,84327,5945,27816,5940,99055
2020-06-11 09:51:29.58,5931.26,5950,59891,5955,84327,5945,25373,5940,99055
2020-06-11 09:51:30.08,5931.26,5950,59891,5955,84327,5945,16187,5940,99055
2020-06-11 09:51:31.03,5931.26,5950,59891,5955,84327,5945,15967,5940,99084
2020-06-11 09:51:31.14,5931.26,5950,56517,5955,84327,5945,21577,5940,99084
2020-06-11 09:51:32.22,5931.26,5950,56517,5955,84327,5945,18077,5940,99084
2020-06-11 09:51:33.17,5931.26,5950,56517,5955,84327,5945,22754,5940,99084
2020-06-11 09:51:33.34,5931.26,5950,56517,5955,84327,5945,22754,5940,99084
2020-06-11 09:51:34.33,5931.26,5950,54546,5955,90298,5945,27846,5940,104084
2020-06-11 09:51:34.76,5931.26,5950,54546,5955,90298,5945,34846,5940,104194
2020-06-11 09:51:35.90,5931.26,5950,57546,5955,90298,5945,38620,5940,104194
2020-06-11 09:51:36.20,5931.26,5950,57546,5955,90298,5945,35500,5940,104194
2020-06-11 09:51:36.79,5932.34,5950,57546,5955,90298,5945,37501,5940,104194
2020-06-11 09:51:37.97,5934.36,5950,59776,5955,88327,5945,37601,5940,104194
2020-06-11 09:51:38.20,5933.78,5950,59776,5955,88327,5945,32601,5940,104994
2020-06-11 09:51:39.03,5933.78,5950,59776,5955,88327,5945,30601,5940,104994
2020-06-11 09:51:39.47,5932.7,5950,59776,5955,88327,5945,30651,5940,104994
2020-06-11 09:51:40.08,5932.7,5950,59776,5955,88327,5945,30651,5940,104994
2020-06-11 09:51:41.14,5932.7,5950,60776,5955,88327,5945,18703,5940,104994
2020-06-11 09:51:41.53,5932.7,5950,60776,5955,88327,5945,18708,5940,104994
2020-06-11 09:51:42.62,5932.7,5950,60776,5955,88327,5945,18727,5940,105993
2020-06-11 09:51:42.90,5932.7,5950,60776,5955,88327,5945,17727,5940,106093
2020-06-11 09:51:43.70,5932.7,5950,56276,5955,88327,5945,41267,5940,106093
2020-06-11 09:51:44.78,5932.7,5950,56276,5955,88327,5945,41322,5940,106093
2020-06-11 09:51:44.95,5932.7,5950,54295,5955,90298,5945,41372,5940,106093
2020-06-11 09:51:45.79,5932.7,5950,57295,5955,90298,5945,46377,5940,106091
2020-06-11 09:51:46.07,5932.7,5950,57295,5955,90298,5945,46318,5940,106091
2020-06-11 09:51:46.79,5931.98,5950,57294,5955,90298,5945,46318,5940,106091
2020-06-11 09:51:47.32,5931.98,5950,56265,5955,88327,5945,40318,5940,106091
2020-06-11 09:51:48.34,5932.34,5950,54294,5955,90298,5945,40318,5940,106091
2020-06-11 09:51:48.60,5932.34,5950,56265,5955,88327,5945,35313,5940,106091
2020-06-11 09:51:49.49,5932.34,5950,56260,5955,88327,5945,35383,5940,106091
2020-06-11 09:51:50.46,5932.34,5950,56160,5955,88327,5945,35394,5940,106091
2020-06-11 09:51:50.73,5932.34,5950,56160,5955,88327,5945,35394,5940,106091
2020-06-11 09:51:51.62,5932.34,5950,56160,5955,88327,5945,6854,5940,106091
2020-06-11 09:51:52.68,5932.34,5950,56160,5955,88327,5945,30536,5940,106091
2020-06-11 09:51:53.74,5932.34,5950,56160,5955,88327,5945,30434,5940,106035
2020-06-11 09:51:54.74,5932.34,5950,56160,5955,88327,5945,30775,5940,106036
2020-06-11 09:51:55.21,5932.34,5950,54189,5955,90298,5945,30776,5940,106036
2020-06-11 09:51:56.34,5932.34,5950,56160,5955,88327,5945,29886,5940,106036
2020-06-11 09:51:56.63,5932.34,5950,56160,5955,88327,5945,23886,5940,106086
2020-06-11 09:51:57.38,5931.98,5950,56160,5955,88327,5945,23886,5940,106106
2020-06-11 09:51:58.48,5931.98,5950,56160,5955,88327,5945,23896,5940,106381
2020-06-11 09:51:58.77,5931.98,5950,56160,5955,88327,5945,23896,5940,91381
2020-06-11 09:51:59.51,5932.34,5950,56160,5955,88327,5945,23946,5940,91381
2020-06-11 09:52:00.13,5932.34,5950,56160,5955,88327,5945,23948,5940,91382
2020-06-11 09:52:01.12,5932.34,5950,60160,5955,88327,5945,1170,5940,91382
2020-06-11 09:52:01.60,5932.34,5950,64550,5955,88327,5945,1171,5940,91382
2020-06-11 09:52:02.66,5932.34,5950,64550,5955,88327,5945,4169,5940,91402
2020-06-11 09:52:03.13,5932.34,5950,64750,5955,88327,5945,31019,5940,91402
2020-06-11 09:52:04.25,5932.34,5950,64750,5955,88327,5945,24021,5940,91402
2020-06-11 09:52:04.65,5932.34,5950,60750,5955,88327,5945,24241,5940,91402
2020-06-11 09:52:05.85,5932.34,5950,70750,5955,88327,5945,11,5940,91402
2020-06-11 09:52:06.18,5932.34,5950,70550,5955,88327,5940,91402,5935,108007
2020-06-11 09:52:06.86,5931.98,5945,24881,5950,70550,5940,91403,5935,108007
2020-06-11 09:52:07.93,5930.68,5945,24881,5950,70550,5940,91403,5935,108024
2020-06-11 09:52:08.27,5930.9,5945,27881,5950,71550,5940,91403,5935,108024
2020-06-11 09:52:08.94,5930.9,5945,35702,5950,71550,5940,86403,5935,108024
2020-06-11 09:52:10.07,5928.73,5945,43178,5950,68479,5940,67362,5935,108024
2020-06-11 09:52:10.47,5928.73,5945,44178,5950,69379,5940,60670,5935,107226
2020-06-11 09:52:11.60,5928.73,5945,49278,5950,62379,5940,65693,5935,107226
2020-06-11 09:52:12.03,5928.73,5945,47307,5950,64350,5940,65733,5935,107226
2020-06-11 09:52:12.71,5928.73,5945,49278,5950,62379,5940,65733,5935,107226
2020-06-11 09:52:13.67,5928.73,5945,53158,5950,67405,5940,65738,5935,107226
2020-06-11 09:52:13.92,5928.73,5945,47307,5950,69376,5940,65660,5935,107226
2020-06-11 09:52:14.69,5928.73,5945,47307,5950,69376,5940,65760,5935,107226
2020-06-11 09:52:15.17,5928.73,5945,47307,5950,69376,5940,65760,5935,107226
2020-06-11 09:52:16.27,5928.73,5945,47307,5950,69376,5940,65810,5935,107226
