time,nav,sell1,sell1_cnt,sell2,sell2_cnt,buy1,buy1_cnt,buy2,buy2_cnt
2020-06-10 10:38:02.520000,0.0,6055,41502,6060,83490,6050,48251,6045,105381
2020-06-10 10:38:03.720000,0.0,6055,44602,6060,83490,6050,48251,6045,99581
2020-06-10 10:38:04.190000,0.0,6055,35502,6060,89490,6050,48251,6045,105381
2020-06-10 10:38:04.590000,0.0,6055,36602,6060,89490,6050,48251,6045,105381
2020-06-10 10:38:05.000000,0.0,6055,35502,6060,89490,6050,48251,6045,105381
2020-06-10 10:38:05.330000,0.0,6055,35502,6060,89490,6050,48251,6045,105381
2020-06-10 10:38:05.750000,0.0,6055,52502,6060,83490,6050,48251,6045,99581
2020-06-10 10:38:06.250000,0.0,6055,57302,6060,83490,6050,48251,6045,99581
2020-06-10 10:38:06.550000,0.0,6055,34602,6060,89490,6050,48251,6045,105381
2020-06-10 10:38:07.090000,0.0,6055,62502,6060,83490,6050,43251,6045,99581
2020-06-10 10:38:07.440000,6049.63,6055,64002,6060,81990,6050,43251,6045,99581
2020-06-10 10:38:08.780000,6049.63,6055,64002,6060,81990,6050,43018,6045,99581
2020-06-10 10:38:09.110000,6049.63,6055,64002,6060,81990,6050,40518,6045,99581
2020-06-10 10:38:09.500000,6049.89,6055,64002,6060,81990,6050,40518,6045,99581
2020-06-10 10:38:12.920000,6049.89,6055,64002,6060,81990,6050,36740,6045,99581
2020-06-10 10:38:15.200000,6049.89,6055,64002,6060,81990,6050,36740,6045,99581
2020-06-10 10:38:15.690000,6049.89,6055,64002,6060,81990,6050,17210,6045,99581
2020-06-10 10:38:16.550000,6049.89,6050,16461,6055,77519,6045,99581,6040,92949
2020-06-10 10:38:16.830000,6049.89,6050,16461,6055,64002,6045,98881,6040,92949
2020-06-10 10:38:17.190000,6049.89,6050,16430,6055,64002,6045,98881,6040,92949
2020-06-10 10:38:17.870000,6049.89,6050,16430,6055,71604,6045,98881,6040,92949
2020-06-10 10:38:18.230000,6049.89,6050,1000,6055,71604,6045,98881,6040,92949
2020-06-10 10:38:18.950000,6049.89,6050,1400,6055,71604,6045,102381,6040,92949
2020-06-10 10:38:19.120000,6049.63,6055,71604,6060,81990,6045,102381,6040,92949
2020-06-10 10:38:19.980000,6049.36,6055,71604,6060,81990,6045,102386,6040,92949
2020-06-10 10:38:20.560000,6049.63,6055,71004,6060,81990,6045,102386,6040,92949
2020-06-10 10:38:22.870000,6049.63,6055,71004,6060,81990,6050,165,6045,102386
2020-06-10 10:38:24.790000,6049.63,6055,71004,6060,81990,6050,165,6045,102386
2020-06-10 10:38:24.890000,6049.63,6055,71004,6060,81990,6050,165,6045,102386
2020-06-10 10:38:25.950000,6049.63,6050,15265,6055,71004,6045,102386,6040,92949
2020-06-10 10:38:26.180000,6049.63,6050,15265,6055,84521,6045,97486,6040,92949
2020-06-10 10:38:26.980000,6049.63,6055,71003,6060,81990,6050,1,6045,97486
2020-06-10 10:38:27.120000,6049.63,6055,71103,6060,81990,6050,13046,6045,97486
2020-06-10 10:38:28.670000,6049.09,6055,71103,6060,84734,6050,13046,6045,97486
2020-06-10 10:38:29.420000,6049.89,6055,71153,6060,84734,6050,13046,6045,97486
2020-06-10 10:38:30.350000,6049.89,6055,71153,6060,84734,6050,13036,6045,97486
2020-06-10 10:38:30.590000,6049.89,6055,71153,6060,84734,6050,13036,6045,97486
2020-06-10 10:38:31.150000,6049.89,6055,71153,6060,84734,6050,13336,6045,97486
2020-06-10 10:38:31.380000,6049.89,6055,71153,6060,84734,6050,13336,6045,97486
2020-06-10 10:38:31.700000,6049.89,6055,71153,6060,84734,6050,13336,6045,97486
2020-06-10 10:38:32.760000,6049.89,6055,65153,6060,87990,6050,13386,6045,97486
2020-06-10 10:38:32.950000,6049.89,6055,71153,6060,81990,6050,13386,6045,97486
2020-06-10 10:38:33.260000,6049.89,6055,71153,6060,81990,6050,13386,6045,97486
2020-06-10 10:38:34.340000,6049.89,6055,71153,6060,81990,6050,350,6045,97486
2020-06-10 10:38:36.320000,6049.89,6055,71153,6060,81990,6050,7350,6045,97486
2020-06-10 10:38:36.510000,6049.89,6055,71153,6060,81990,6050,20386,6045,97486
2020-06-10 10:38:37.600000,6049.89,6055,71153,6060,81990,6050,20428,6045,97486
2020-06-10 10:38:38.380000,6050.16,6055,71153,6060,81990,6050,20434,6045,97486
2020-06-10 10:38:40.180000,6050.16,6055,71153,6060,81990,6050,20434,6045,97486
2020-06-10 10:38:40.600000,6050.16,6055,71159,6060,81990,6050,20434,6045,97486
2020-06-10 10:38:41.460000,6050.16,6055,71159,6060,81990,6050,20434,6045,97486
2020-06-10 10:38:42.690000,6050.16,6055,70471,6060,81990,6050,20434,6045,97486
2020-06-10 10:38:43.220000,6050.16,6055,70471,6060,81990,6050,20484,6045,97486
2020-06-10 10:38:43.820000,6050.16,6055,64671,6060,81990,6050,20484,6045,97486
2020-06-10 10:38:44.830000,6050.16,6055,70471,6060,81990,6050,20484,6045,97486
2020-06-10 10:38:44.990000,6050.16,6055,70521,6060,81993,6050,20484,6045,97486
2020-06-10 10:38:46.040000,6050.16,6055,57221,6060,89493,6050,28972,6045,103286
2020-06-10 10:38:46.960000,6050.16,6055,41121,6060,89493,6050,33972,6045,103286
2020-06-10 10:38:47.140000,6050.16,6055,41121,6060,89493,6050,41800,6045,103286
2020-06-10 10:38:49.690000,6050.16,6055,41127,6060,89493,6050,41800,6045,103286
2020-06-10 10:38:50.690000,6050.16,6055,41127,6060,89493,6050,41800,6045,103286
2020-06-10 10:38:52.250000,6050.16,6055,41127,6060,89493,6050,41800,6045,103286
2020-06-10 10:38:53.270000,6050.16,6055,41127,6060,89493,6050,41800,6045,103286
2020-06-10 10:38:54.280000,6050.16,6055,41127,6060,89496,6050,41800,6045,103286
2020-06-10 10:38:54.500000,6050.16,6055,27910,6060,89496,6050,41800,6045,103286
2020-06-10 10:38:54.890000,6050.16,6055,27910,6060,88496,6050,41800,6045,103286
2020-06-10 10:38:58.280000,6051.5,6055,27910,6060,88496,6050,41800,6045,103286
2020-06-10 10:38:59.090000,6051.5,6055,27910,6060,88496,6050,41800,6045,103286
2020-06-10 10:38:59.220000,6051.5,6055,27910,6060,88496,6050,41800,6045,103286
2020-06-10 10:38:59.720000,6051.5,6055,27910,6060,88496,6050,41796,6045,103286
2020-06-10 10:39:00.700000,6051.5,6055,27910,6060,88496,6050,41796,6045,103286
2020-06-10 10:39:00.890000,6051.5,6055,47990,6060,82496,6050,41801,6045,103286
2020-06-10 10:39:01.720000,6051.5,6055,41990,6060,88496,6050,41801,6045,103286
2020-06-10 10:39:02.020000,6051.5,6055,47990,6060,82496,6050,41801,6045,103286
2020-06-10 10:39:02.800000,6051.5,6055,41990,6060,88496,6050,41808,6045,103286
2020-06-10 10:39:03.010000,6051.5,6055,36910,6060,88496,6050,41808,6045,103286
2020-06-10 10:39:03.810000,6051.5,6055,28330,6060,88496,6050,41808,6045,103286
2020-06-10 10:39:03.970000,6051.5,6055,28330,6060,88496,6050,41823,6045,103286
2020-06-10 10:39:04.890000,6051.5,6055,28330,6060,88496,6050,43312,6045,103286
2020-06-10 10:39:05.510000,6051.5,6055,28330,6060,88496,6050,43312,6045,103286
2020-06-10 10:39:05.860000,6051.5,6055,28330,6060,88496,6050,43312,6045,103286
2020-06-10 10:39:07.530000,6051.5,6055,28330,6060,88496,6050,43312,6045,103286
2020-06-10 10:39:08.590000,6053.0,6055,28330,6060,89496,6050,43312,6045,103286
2020-06-10 10:39:09.540000,6053.0,6055,21240,6060,89496,6050,43312,6045,103286
2020-06-10 10:39:09.650000,6053.0,6055,21240,6060,89496,6050,48312,6045,103286
2020-06-10 10:39:09.970000,6053.0,6055,31670,6060,89496,6050,48312,6045,103286
2020-06-10 10:39:10.890000,6053.54,6055,16240,6060,89496,6050,48312,6045,103286
2020-06-10 10:39:11.120000,6053.54,6060,89496,6065,99207,6055,14620,6050,48314
2020-06-10 10:39:11.470000,6053.54,6060,83552,6065,100707,6055,14620,6050,48314
2020-06-10 10:39:12.230000,6053.54,6060,70035,6065,100707,6055,1,6050,48314
2020-06-10 10:39:12.420000,6053.54,6060,59235,6065,100707,6055,14621,6050,48314
2020-06-10 10:39:13.250000,6053.54,6060,67835,6065,100707,6055,9621,6050,48314
2020-06-10 10:39:13.400000,6053.54,6060,51035,6065,106707,6055,19659,6050,54114
2020-06-10 10:39:13.640000,6053.54,6060,67835,6065,100707,6055,9621,6050,48314
2020-06-10 10:39:14.400000,6053.54,6060,82852,6065,99207,6050,48314,6045,103286
2020-06-10 10:39:14.570000,6053.54,6055,15430,6060,87296,6050,48316,6045,103286
2020-06-10 10:39:15.500000,6053.54,6055,15430,6060,87296,6050,48316,6045,103286
2020-06-10 10:39:15.650000,6053.54,6055,15130,6060,87296,6050,48316,6045,103286
2020-06-10 10:39:16.390000,6053.54,6055,15130,6060,87296,6050,48316,6045,103286
2020-06-10 10:39:17.760000,6053.54,6060,87296,6065,99207,6050,48916,6045,103286
2020-06-10 10:39:20.120000,6053.79,6055,20130,6060,87296,6050,48916,6045,103286
2020-06-10 10:39:20.340000,6053.79,6055,24330,6060,87296,6050,48916,6045,103286
2020-06-10 10:39:20.570000,6053.79,6055,20130,6060,87296,6050,49431,6045,103286
2020-06-10 10:39:21.700000,6053.79,6055,23130,6060,87296,6050,49431,6045,103286
2020-06-10 10:39:22.840000,6053.79,6055,23030,6060,87296,6050,49431,6045,103286
2020-06-10 10:39:23.090000,6053.79,6055,24430,6060,87296,6050,49431,6045,103286
2020-06-10 10:39:23.770000,6053.79,6055,25830,6060,87296,6050,49431,6045,103286
2020-06-10 10:39:27.050000,6052.98,6055,25830,6060,87296,6050,49478,6045,103286
2020-06-10 10:39:27.490000,6052.98,6055,25830,6060,87296,6050,44479,6045,103286
2020-06-10 10:39:28.080000,6052.98,6055,25830,6060,87296,6050,44979,6045,103286
2020-06-10 10:39:28.260000,6053.25,6055,25830,6060,87296,6050,44979,6045,103286
2020-06-10 10:39:28.490000,6053.25,6055,26830,6060,87296,6050,44979,6045,103286
2020-06-10 10:39:29.650000,6053.25,6055,26829,6060,87296,6050,45179,6045,103287
2020-06-10 10:39:29.820000,6053.25,6055,26729,6060,87296,6050,45179,6045,103287
2020-06-10 10:39:30.190000,6053.0,6055,26729,6060,87296,6050,45179,6045,103287
2020-06-10 10:39:30.460000,6053.0,6055,26729,6060,87296,6050,45178,6045,103287
2020-06-10 10:39:31.240000,6053.0,6055,20172,6060,87296,6050,45178,6045,103287
2020-06-10 10:39:31.630000,6053.0,6055,20172,6060,87296,6050,45178,6045,103287
2020-06-10 10:39:32.740000,6053.0,6055,20181,6060,87296,6050,45673,6045,103287
2020-06-10 10:39:33.130000,6053.0,6055,21581,6060,87296,6050,45673,6045,103287
2020-06-10 10:39:33.850000,6053.0,6055,20131,6060,87296,6050,45674,6045,103237
2020-06-10 10:39:34.250000,6053.0,6055,23155,6060,87296,6050,45674,6045,103237
2020-06-10 10:39:34.900000,6053.0,6055,20131,6060,87305,6050,45674,6045,103237
2020-06-10 10:39:35.430000,6053.0,6055,20081,6060,87305,6050,45674,6045,103237
2020-06-10 10:39:35.890000,6053.0,6055,21481,6060,87305,6050,45674,6045,103237
2020-06-10 10:39:36.550000,6053.0,6055,24481,6060,87305,6050,45674,6045,103237
2020-06-10 10:39:36.830000,6053.0,6055,22881,6060,87305,6050,45674,6045,103237
2020-06-10 10:39:37.580000,6053.0,6055,22781,6060,87305,6050,46374,6045,103238
2020-06-10 10:39:37.780000,6053.0,6055,22781,6060,87305,6050,46374,6045,105238
2020-06-10 10:39:38.660000,6052.46,6055,22781,6060,87305,6050,47374,6045,105238
2020-06-10 10:39:39.710000,6052.46,6055,22831,6060,87305,6050,47424,6045,105238
2020-06-10 10:39:40.630000,6052.46,6055,25031,6060,87305,6050,47424,6045,105238
2020-06-10 10:39:40.780000,6052.46,6055,26044,6060,87305,6050,47424,6045,105238
2020-06-10 10:39:40.920000,6052.46,6055,26044,6060,87305,6050,47424,6045,105238
2020-06-10 10:39:41.270000,6052.46,6055,40930,6060,87305,6050,47424,6045,105238
2020-06-10 10:39:41.750000,6052.46,6055,36230,6060,87305,6050,42407,6045,105238
2020-06-10 10:39:42.160000,6052.46,6055,42830,6060,87305,6050,42407,6045,105238
2020-06-10 10:39:42.850000,6052.46,6055,53830,6060,81305,6050,37407,6045,99438
2020-06-10 10:39:43.030000,6052.46,6055,45330,6060,87305,6050,47516,6045,105238
2020-06-10 10:39:43.920000,6052.46,6055,44730,6060,81305,6050,47516,6045,105238
2020-06-10 10:39:44.020000,6052.46,6055,44726,6060,81305,6050,47516,6045,105238
2020-06-10 10:39:44.390000,6052.46,6055,41721,6060,81305,6050,47516,6045,105238
2020-06-10 10:39:47.530000,6051.68,6055,41721,6060,81305,6050,47521,6045,105238
2020-06-10 10:39:48.000000,6051.68,6055,41721,6060,81305,6050,47521,6045,105238
2020-06-10 10:39:48.450000,6051.68,6055,34021,6060,87305,6050,47521,6045,105238
2020-06-10 10:39:49.300000,6051.68,6055,28435,6060,87305,6050,47521,6045,105238
2020-06-10 10:39:50.800000,6051.68,6055,28435,6060,87305,6050,47026,6045,105238
2020-06-10 10:39:51.590000,6051.68,6055,28335,6060,87305,6050,47026,6045,105238
2020-06-10 10:39:52.250000,6051.68,6055,28305,6060,87305,6050,47026,6045,105238
2020-06-10 10:39:53.700000,6051.68,6055,28305,6060,87305,6050,47026,6045,105238
2020-06-10 10:39:55.390000,6051.68,6055,25805,6060,87305,6050,47026,6045,105238
2020-06-10 10:39:55.610000,6051.68,6055,17550,6060,87305,6050,46984,6045,105238
2020-06-10 10:39:59.190000,6051.68,6055,14550,6060,87305,6050,46984,6045,105238
2020-06-10 10:39:59.460000,6051.68,6055,2859,6060,87305,6050,51984,6045,105238
2020-06-10 10:39:59.850000,6051.68,6055,18585,6060,87305,6050,51984,6045,105238
2020-06-10 10:40:00.820000,6053.52,6055,18485,6060,87305,6050,51984,6045,105238
2020-06-10 10:40:01.050000,6053.52,6060,85805,6065,100707,6050,51980,6045,105238
2020-06-10 10:40:01.460000,6053.52,6060,87305,6065,99207,6050,56080,6045,105238
2020-06-10 10:40:02.350000,6053.52,6060,73788,6065,99207,6050,56080,6045,105238
2020-06-10 10:40:02.510000,6053.52,6060,73788,6065,99207,6050,56080,6045,105238
2020-06-10 10:40:02.880000,6053.52,6055,20430,6060,73788,6050,56080,6045,105238
2020-06-10 10:40:03.880000,6053.52,6055,20430,6060,73788,6050,55904,6045,105238
2020-06-10 10:40:05.050000,6053.52,6055,20430,6060,87305,6050,55904,6045,105238
2020-06-10 10:40:05.190000,6053.52,6055,17454,6060,87305,6050,55904,6045,105238
2020-06-10 10:40:05.400000,6053.52,6055,17454,6060,87305,6050,50904,6045,105238
2020-06-10 10:40:06.180000,6053.52,6055,17454,6060,87305,6050,50904,6045,105238
2020-06-10 10:40:06.410000,6053.52,6055,28854,6060,87305,6050,50904,6045,105238
2020-06-10 10:40:07.130000,6053.52,6055,30255,6060,87306,6050,49904,6045,106238
2020-06-10 10:40:07.290000,6054.8,6055,31755,6060,87306,6050,49904,6045,106238
2020-06-10 10:40:08.140000,6054.0,6055,30255,6060,87306,6050,49904,6045,106238
2020-06-10 10:40:08.190000,6054.0,6055,30255,6060,87306,6050,50004,6045,106238
2020-06-10 10:40:08.490000,6053.25,6055,35457,6060,87306,6050,50004,6045,106238
2020-06-10 10:40:09.190000,6053.25,6055,33857,6060,87306,6050,50004,6045,106238
2020-06-10 10:40:09.330000,6052.71,6055,39788,6060,87306,6050,45904,6045,106238
2020-06-10 10:40:09.690000,6052.71,6055,39788,6060,87306,6050,50004,6045,106238
2020-06-10 10:40:10.180000,6052.45,6055,42288,6060,87306,6050,40576,6045,106238
2020-06-10 10:40:10.580000,6052.45,6055,48288,6060,81306,6050,44676,6045,106238
2020-06-10 10:40:11.270000,6052.45,6055,42288,6060,87306,6050,44676,6045,106238
2020-06-10 10:40:11.420000,6052.45,6055,42288,6060,87306,6050,44686,6045,106238
2020-06-10 10:40:12.520000,6052.45,6055,42288,6060,87306,6050,44686,6045,106238
2020-06-10 10:40:17.140000,6052.45,6055,54088,6060,81306,6050,37115,6045,100438
2020-06-10 10:40:17.380000,6052.45,6055,54088,6060,81306,6050,37115,6045,100438
2020-06-10 10:40:18.410000,6052.18,6055,54088,6060,81306,6050,37115,6045,100438
2020-06-10 10:40:19.280000,6052.18,6055,54088,6060,81306,6050,37115,6045,100438
2020-06-10 10:40:20.330000,6052.18,6055,54088,6060,81306,6050,37115,6045,106238
2020-06-10 10:40:21.550000,6052.18,6055,48288,6060,81306,6050,37115,6045,100438
2020-06-10 10:40:22.450000,6052.18,6055,42288,6060,87306,6050,37115,6045,106238
2020-06-10 10:40:23.510000,6052.18,6055,48288,6060,81306,6050,37115,6045,100438
2020-06-10 10:40:23.610000,6052.18,6055,42288,6060,87306,6050,37115,6045,106238
2020-06-10 10:40:23.950000,6052.18,6055,40688,6060,87306,6050,37115,6045,106238
2020-06-10 10:40:24.340000,6052.18,6055,40688,6060,87306,6050,37115,6045,106238
2020-06-10 10:40:25.080000,6052.18,6055,40688,6060,87306,6050,37115,6045,106238
2020-06-10 10:40:25.250000,6052.18,6055,40688,6060,87306,6050,42245,6045,106238
2020-06-10 10:40:26.120000,6052.18,6055,48688,6060,81306,6050,42245,6045,100438
2020-06-10 10:40:26.310000,6052.18,6055,54488,6060,81306,6050,37115,6045,100438
2020-06-10 10:40:26.540000,6052.18,6055,48688,6060,81306,6050,37115,6045,100438
2020-06-10 10:40:27.220000,6052.18,6055,54488,6060,81306,6050,37115,6045,100438
2020-06-10 10:40:27.250000,6052.18,6055,54488,6060,81306,6050,37115,6045,100438
2020-06-10 10:40:27.540000,6052.18,6055,48688,6060,81306,6050,37115,6045,100438
2020-06-10 10:40:30.920000,6051.43,6055,48888,6060,81306,6050,37115,6045,100438
2020-06-10 10:40:33.070000,6051.43,6055,40888,6060,87306,6050,40569,6045,106238
2020-06-10 10:40:33.260000,6051.43,6055,26557,6060,87306,6050,45914,6045,106238
2020-06-10 10:40:34.250000,6051.43,6055,25557,6060,87306,6050,45914,6045,106238
2020-06-10 10:40:36.260000,6051.43,6055,34757,6060,81306,6050,45914,6045,106238
2020-06-10 10:40:36.680000,6051.43,6055,28942,6060,87306,6050,45899,6045,106238
2020-06-10 10:40:37.230000,6051.43,6055,37842,6060,87306,6050,45899,6045,106238
2020-06-10 10:40:38.200000,6051.7,6055,43842,6060,81306,6050,45899,6045,100438
2020-06-10 10:40:38.400000,6051.7,6055,27942,6060,87306,6050,45899,6045,106238
2020-06-10 10:40:39.240000,6051.7,6055,43942,6060,81306,6050,45899,6045,100438
2020-06-10 10:40:39.490000,6051.7,6055,43942,6060,81306,6050,45899,6045,100458
2020-06-10 10:40:40.090000,6051.7,6055,43942,6060,81306,6050,45899,6045,100458
2020-06-10 10:40:40.810000,6051.7,6055,43942,6060,81306,6050,45899,6045,100458
2020-06-10 10:40:41.340000,6051.7,6055,52898,6060,81306,6050,37100,6045,100458
2020-06-10 10:40:43.120000,6051.7,6055,52898,6060,81306,6050,37100,6045,100458
2020-06-10 10:40:43.230000,6051.7,6055,52898,6060,81306,6050,37100,6045,100458
2020-06-10 10:40:43.910000,6051.7,6055,52898,6060,81306,6050,37100,6045,100458
2020-06-10 10:40:43.980000,6051.7,6055,52898,6060,81316,6050,37100,6045,100458
2020-06-10 10:40:44.450000,6051.7,6055,52898,6060,81316,6050,24064,6045,100458
2020-06-10 10:40:44.880000,6051.7,6055,57898,6060,81316,6050,29547,6045,100458
2020-06-10 10:40:45.620000,6051.7,6055,59323,6060,79816,6050,29547,6045,100458
2020-06-10 10:40:45.930000,6051.7,6055,57823,6060,81316,6050,29547,6045,100458
2020-06-10 10:40:46.630000,6051.7,6055,59323,6060,79816,6050,29547,6045,100458
2020-06-10 10:40:46.820000,6051.7,6055,57823,6060,81316,6050,16511,6045,100458
2020-06-10 10:40:48.230000,6051.7,6055,57823,6060,81316,6050,19389,6045,100458
2020-06-10 10:40:48.440000,6050.41,6055,59323,6060,79816,6050,14333,6045,100458
2020-06-10 10:40:49.210000,6049.61,6050,20430,6055,59325,6045,100458,6040,93013
2020-06-10 10:40:49.270000,6049.61,6050,21830,6055,59325,6045,100458,6040,93013
2020-06-10 10:40:49.760000,6049.61,6050,21830,6055,59325,6045,100458,6040,93013
2020-06-10 10:40:50.770000,6049.34,6050,1400,6055,57825,6045,100458,6040,93013
2020-06-10 10:40:50.900000,6049.34,6055,57825,6060,81316,6050,13046,6045,103158
2020-06-10 10:40:51.160000,6049.34,6055,57825,6060,81316,6050,15246,6045,103158
2020-06-10 10:40:51.850000,6049.34,6055,57825,6060,81316,6050,2210,6045,103158
2020-06-10 10:40:51.990000,6049.34,6055,57825,6060,81316,6045,103158,6040,93013
2020-06-10 10:40:52.800000,6049.34,6055,59325,6060,79816,6045,103158,6040,93013
2020-06-10 10:40:53.990000,6049.34,6055,59325,6060,79816,6045,103158,6040,93013
2020-06-10 10:40:54.160000,6049.34,6050,5000,6055,59325,6045,103158,6040,93013
2020-06-10 10:40:54.970000,6049.34,6050,26430,6055,66842,6045,100458,6040,93013
2020-06-10 10:40:55.220000,6049.34,6050,26430,6055,66842,6045,99478,6040,93013
2020-06-10 10:40:55.960000,6049.34,6050,20430,6055,72842,6045,99478,6040,93013
2020-06-10 10:40:56.190000,6049.34,6050,21502,6055,72842,6045,99478,6040,93013
2020-06-10 10:40:57.100000,6049.34,6050,19291,6055,72842,6045,99478,6040,93013
2020-06-10 10:40:58.180000,6049.34,6050,25291,6055,66842,6045,99478,6040,93013
2020-06-10 10:40:59.250000,6048.53,6050,19291,6055,72842,6045,99478,6040,93013
2020-06-10 10:40:59.770000,6048.53,6050,1400,6055,72842,6045,99478,6040,93013
2020-06-10 10:41:00.830000,6049.34,6050,17891,6055,72842,6045,99478,6040,93013
2020-06-10 10:41:01.280000,6049.34,6050,5000,6055,59325,6045,99478,6040,93013
2020-06-10 10:41:02.420000,6049.34,6055,59325,6060,79816,6045,100678,6040,93013
2020-06-10 10:41:02.750000,6049.34,6050,5000,6055,72842,6045,99478,6040,93013
2020-06-10 10:41:03.910000,6049.34,6050,5000,6055,72842,6045,99478,6040,93013
2020-06-10 10:41:04.110000,6049.34,6050,17891,6055,72842,6045,99478,6040,93013
2020-06-10 10:41:05.420000,6049.34,6050,17891,6055,72842,6045,99478,6040,93013
2020-06-10 10:41:05.720000,6049.34,6050,24891,6055,66842,6045,99478,6040,93013
2020-06-10 10:41:06.050000,6049.34,6050,18891,6055,72842,6045,96304,6040,93013
2020-06-10 10:41:06.300000,6049.34,6050,18891,6055,72842,6045,96304,6040,93013
2020-06-10 10:41:07.030000,6049.34,6050,20291,6055,72842,6045,96304,6040,93013
2020-06-10 10:41:07.130000,6049.34,6050,20291,6055,72842,6045,96304,6040,93013
2020-06-10 10:41:07.480000,6049.34,6050,20291,6055,72842,6045,96186,6040,93013
2020-06-10 10:41:08.030000,6049.34,6050,20291,6055,59325,6045,96186,6040,93013
2020-06-10 10:41:08.550000,6049.07,6050,7390,6055,59325,6045,96186,6040,93013
2020-06-10 10:41:08.920000,6049.07,6050,20291,6055,72842,6045,96186,6040,93013
2020-06-10 10:41:09.730000,6049.07,6050,7400,6055,72842,6045,96186,6040,93013
2020-06-10 10:41:09.940000,6049.07,6050,7400,6055,59325,6045,96186,6040,93013
2020-06-10 10:41:10.090000,6049.07,6050,7400,6055,59325,6045,96186,6040,93013
2020-06-10 10:41:10.720000,6049.07,6050,7400,6055,72842,6045,96186,6040,93013
2020-06-10 10:41:11.810000,6049.07,6050,3796,6055,72842,6045,96186,6040,93013
2020-06-10 10:41:12.250000,6049.07,6050,3786,6055,72842,6045,96187,6040,93013
2020-06-10 10:41:12.560000,6049.07,6050,3786,6055,72842,6045,96187,6040,93013
2020-06-10 10:41:12.840000,6049.07,6055,59325,6060,79806,6045,96187,6040,93013
2020-06-10 10:41:14.000000,6049.07,6055,72842,6060,79806,6050,200,6045,96187
2020-06-10 10:41:14.420000,6049.07,6050,23891,6055,66842,6045,96187,6040,93013
2020-06-10 10:41:14.860000,6049.07,6050,23861,6055,66842,6045,96187,6040,93013
2020-06-10 10:41:15.530000,6049.07,6050,17261,6055,72842,6045,96187,6040,93013
2020-06-10 10:41:15.610000,6049.07,6050,17261,6055,72842,6045,96187,6040,93023
2020-06-10 10:41:15.830000,6049.07,6050,18661,6055,72842,6045,96187,6040,93023
2020-06-10 10:41:16.560000,6049.07,6050,18661,6055,72842,6045,96167,6040,93043
2020-06-10 10:41:16.670000,6049.07,6050,18660,6055,72842,6045,96167,6040,93043
2020-06-10 10:41:17.780000,6049.07,6050,14291,6055,72842,6045,96167,6040,93043
2020-06-10 10:41:18.900000,6049.07,6050,14291,6055,72842,6045,96168,6040,93043
2020-06-10 10:41:19.280000,6049.07,6050,13710,6055,72842,6045,96168,6040,93043
2020-06-10 10:41:19.620000,6049.07,6050,13710,6055,73357,6045,96168,6040,93043
2020-06-10 10:41:20.480000,6049.07,6050,25210,6055,67357,6045,96168,6040,93044
2020-06-10 10:41:21.400000,6049.07,6050,13710,6055,75008,6045,96168,6040,93044
2020-06-10 10:41:21.570000,6049.07,6050,13710,6055,76308,6045,96169,6040,93044
2020-06-10 10:41:21.820000,6049.07,6050,19910,6055,76308,6045,96169,6040,93044
2020-06-10 10:41:22.890000,6049.07,6050,25910,6055,70308,6045,96169,6040,93044
2020-06-10 10:41:23.010000,6049.07,6050,13710,6055,76308,6045,96169,6040,93044
2020-06-10 10:41:23.320000,6049.07,6050,13710,6055,76308,6045,96169,6040,93044
2020-06-10 10:41:24.010000,6049.07,6050,13691,6055,76308,6045,96169,6040,93044
2020-06-10 10:41:24.250000,6049.07,6050,13691,6055,76308,6045,96169,6040,93044
2020-06-10 10:41:25.010000,6049.07,6050,13691,6055,76308,6045,96669,6040,93044
2020-06-10 10:41:25.350000,6049.07,6050,34991,6055,70308,6045,96669,6040,93044
2020-06-10 10:41:26.230000,6049.07,6050,18691,6055,76308,6045,96669,6040,93044
2020-06-10 10:41:27.210000,6049.07,6050,18691,6055,76308,6045,109138,6040,93044
2020-06-10 10:41:27.370000,6049.07,6050,1400,6055,62791,6045,109138,6040,93044
2020-06-10 10:41:27.590000,6049.07,6050,1370,6055,76308,6045,109138,6040,93044
2020-06-10 10:41:28.260000,6049.07,6050,6370,6055,76308,6045,109138,6040,93044
2020-06-10 10:41:28.380000,6049.07,6055,76308,6060,79806,6050,33630,6045,109138
2020-06-10 10:41:28.650000,6049.07,6055,62791,6060,79806,6050,33630,6045,109138
2020-06-10 10:41:29.820000,6049.07,6055,76308,6060,79806,6050,33630,6045,109138
2020-06-10 10:41:32.490000,6049.34,6055,76308,6060,79806,6050,33630,6045,109138
2020-06-10 10:41:32.660000,6049.34,6055,76308,6060,79806,6050,31630,6045,109138
2020-06-10 10:41:32.790000,6049.34,6055,76308,6060,79806,6050,31625,6045,109138
2020-06-10 10:41:33.490000,6049.34,6055,76308,6060,79806,6050,31735,6045,109138
2020-06-10 10:41:33.880000,6049.34,6055,62791,6060,79806,6050,31735,6045,109138
2020-06-10 10:41:34.570000,6049.34,6055,76308,6060,79806,6050,31735,6045,109138
2020-06-10 10:41:34.730000,6049.34,6055,70308,6060,79806,6050,25745,6045,115138
2020-06-10 10:41:35.100000,6049.34,6055,71508,6060,79806,6050,25745,6045,115138
2020-06-10 10:41:36.180000,6049.34,6055,71508,6060,79806,6050,25775,6045,115138
2020-06-10 10:41:36.380000,6049.34,6055,71508,6060,79806,6050,25775,6045,115138
2020-06-10 10:41:37.260000,6049.34,6055,57991,6060,79806,6050,25775,6045,115138
2020-06-10 10:41:37.730000,6049.34,6055,57991,6060,79806,6050,25785,6045,115138
2020-06-10 10:41:38.930000,6049.34,6055,56491,6060,81306,6050,42135,6045,115138
2020-06-10 10:41:39.260000,6049.34,6055,56491,6060,81306,6050,42145,6045,115138
2020-06-10 10:41:41.410000,6049.61,6055,56491,6060,81306,6050,43145,6045,115138
2020-06-10 10:41:41.520000,6049.61,6055,57490,6060,81306,6050,43045,6045,115138
2020-06-10 10:41:42.720000,6049.61,6055,57490,6060,81306,6050,43045,6045,115158
2020-06-10 10:41:43.550000,6049.61,6055,50390,6060,81306,6050,47419,6045,115158
2020-06-10 10:41:43.720000,6049.61,6055,50390,6060,81306,6050,49969,6045,115158
2020-06-10 10:41:44.630000,6049.61,6055,41988,6060,81306,6050,59975,6045,115158
2020-06-10 10:41:44.850000,6049.61,6055,33386,6060,81306,6050,64975,6045,120963
2020-06-10 10:41:45.080000,6049.61,6055,27586,6060,81306,6050,70975,6045,114963
2020-06-10 10:41:45.640000,6049.61,6055,20935,6060,81306,6050,64980,6045,115163
2020-06-10 10:41:46.050000,6049.61,6055,20935,6060,81306,6050,70880,6045,114963
2020-06-10 10:41:46.460000,6049.61,6055,20935,6060,81306,6050,70880,6045,114963
2020-06-10 10:41:47.160000,6049.61,6055,20935,6060,81306,6050,64880,6045,120963
2020-06-10 10:41:47.350000,6049.61,6055,31835,6060,81306,6050,64886,6045,120963
2020-06-10 10:41:48.140000,6049.61,6055,31835,6060,81306,6050,64886,6045,120963
2020-06-10 10:41:48.500000,6051.18,6055,41258,6060,81306,6050,59886,6045,115163
2020-06-10 10:41:48.720000,6051.18,6055,46258,6060,82956,6050,54886,6045,115163
2020-06-10 10:41:49.710000,6051.43,6055,41259,6060,82957,6050,59886,6045,115163
2020-06-10 10:41:49.800000,6051.43,6055,41259,6060,82957,6050,49886,6045,115163
2020-06-10 10:41:50.250000,6051.16,6055,41259,6060,82957,6050,49886,6045,115163
2020-06-10 10:41:50.670000,6051.16,6055,35459,6060,82957,6050,49890,6045,115163
2020-06-10 10:41:51.020000,6051.16,6055,41259,6060,82957,6050,49890,6045,115163
2020-06-10 10:41:51.960000,6051.16,6055,41259,6060,82957,6050,49890,6045,115163
2020-06-10 10:41:53.920000,6051.16,6055,44844,6060,82957,6050,49890,6045,115163
2020-06-10 10:41:55.790000,6051.16,6055,35459,6060,82957,6050,55890,6045,109163
2020-06-10 10:41:56.260000,6051.16,6055,36459,6060,82957,6050,55890,6045,109163
2020-06-10 10:41:56.590000,6051.16,6055,36459,6060,82957,6050,49890,6045,115163
2020-06-10 10:41:56.790000,6051.16,6055,42259,6060,82957,6050,49890,6045,115163
2020-06-10 10:41:57.400000,6051.16,6055,42259,6060,82957,6050,49890,6045,115663
2020-06-10 10:41:57.460000,6051.16,6055,42259,6060,82957,6050,49890,6045,115663
2020-06-10 10:41:57.650000,6051.16,6055,42251,6060,82957,6050,49890,6045,115663
2020-06-10 10:41:59.240000,6051.16,6055,42251,6060,82957,6050,49890,6045,115663
2020-06-10 10:42:00.090000,6051.16,6055,42251,6060,82957,6050,49890,6045,115663
2020-06-10 10:42:00.180000,6051.16,6055,36451,6060,82957,6050,49890,6045,115663
2020-06-10 10:42:01.740000,6051.16,6055,32798,6060,82957,6050,49890,6045,115663
2020-06-10 10:42:02.680000,6051.16,6055,20547,6060,82957,6050,60890,6045,115463
2020-06-10 10:42:02.770000,6051.16,6055,20247,6060,82957,6050,54890,6045,121463
2020-06-10 10:42:03.710000,6051.16,6055,25447,6060,82957,6050,54890,6045,115663
2020-06-10 10:42:03.930000,6051.16,6055,20247,6060,82957,6050,60890,6045,115463
2020-06-10 10:42:04.240000,6051.16,6055,22747,6060,82957,6050,54890,6045,115663
2020-06-10 10:42:05.210000,6051.16,6055,31647,6060,82957,6050,54890,6045,115663
2020-06-10 10:42:06.790000,6051.16,6055,31647,6060,82957,6050,54890,6045,115663
2020-06-10 10:42:07.990000,6051.16,6055,22747,6060,82957,6050,54890,6045,115663
2020-06-10 10:42:09.020000,6050.89,6055,22747,6060,82957,6050,54890,6045,115663
2020-06-10 10:42:09.290000,6050.89,6055,22747,6060,82957,6050,54890,6045,115663
2020-06-10 10:42:10.190000,6050.89,6055,22747,6060,82957,6050,54890,6045,115693
2020-06-10 10:42:10.600000,6050.89,6055,22747,6060,81307,6050,54590,6045,115693
2020-06-10 10:42:11.150000,6050.89,6055,43766,6060,81307,6050,54590,6045,115693
2020-06-10 10:42:12.180000,6050.89,6055,43766,6060,81307,6050,54590,6045,115693
2020-06-10 10:42:13.300000,6050.89,6055,45417,6060,81307,6050,54590,6045,115693
2020-06-10 10:42:15.930000,6050.89,6055,45417,6060,81307,6050,54590,6045,115693
2020-06-10 10:42:16.280000,6050.89,6055,45417,6060,81307,6050,49590,6045,115693
2020-06-10 10:42:18.020000,6050.89,6055,45417,6060,81307,6050,49590,6045,115693
2020-06-10 10:42:18.080000,6050.89,6055,45417,6060,81307,6050,49590,6045,115693
2020-06-10 10:42:22.450000,6050.89,6055,45417,6060,81307,6050,49600,6045,115693
2020-06-10 10:42:24.450000,6050.89,6055,32317,6060,81307,6050,55600,6045,109693
2020-06-10 10:42:24.660000,6050.89,6055,21898,6060,81307,6050,49600,6045,121493
2020-06-10 10:42:24.810000,6050.89,6055,22398,6060,81307,6050,49600,6045,121493
2020-06-10 10:42:25.380000,6050.89,6055,22398,6060,81307,6050,60600,6045,115493
2020-06-10 10:42:25.800000,6050.89,6055,21398,6060,81307,6050,55100,6045,121493
2020-06-10 10:42:26.720000,6050.89,6055,18946,6060,81307,6050,55100,6045,121543
2020-06-10 10:42:27.520000,6050.89,6055,23946,6060,81307,6050,55100,6045,121543
2020-06-10 10:42:27.640000,6050.89,6055,23916,6060,81307,6050,55100,6045,121543
2020-06-10 10:42:27.810000,6050.89,6055,41316,6060,81307,6050,55100,6045,115743
2020-06-10 10:42:30.610000,6051.43,6055,47818,6060,81307,6050,55100,6045,115743
2020-06-10 10:42:31.690000,6051.43,6055,47818,6060,81307,6050,55100,6045,115743
2020-06-10 10:42:32.290000,6051.43,6055,42018,6060,81307,6050,55100,6045,115743
2020-06-10 10:42:32.810000,6051.43,6055,42008,6060,81307,6050,55100,6045,115743
2020-06-10 10:42:33.060000,6051.43,6055,42008,6060,81307,6050,55100,6045,115743
2020-06-10 10:42:33.810000,6051.43,6055,30408,6060,81307,6050,55100,6045,115743
2020-06-10 10:42:34.360000,6051.43,6055,56746,6060,81307,6050,55100,6045,115743
2020-06-10 10:42:35.510000,6051.43,6055,56746,6060,81307,6050,45726,6045,115743
2020-06-10 10:42:35.720000,6051.43,6055,56746,6060,81307,6050,45726,6045,115743
2020-06-10 10:42:37.480000,6051.43,6055,56746,6060,81307,6050,45716,6045,115743
2020-06-10 10:42:41.030000,6050.89,6055,56746,6060,81307,6050,45716,6045,115743
2020-06-10 10:42:44.990000,6050.89,6055,56746,6060,81307,6050,45716,6045,115743
2020-06-10 10:42:45.290000,6050.89,6055,56746,6060,81307,6050,45716,6045,115743
2020-06-10 10:42:45.880000,6050.89,6055,61746,6060,81307,6050,40716,6045,115743
2020-06-10 10:42:47.090000,6051.16,6055,61746,6060,81307,6050,40716,6045,115753
2020-06-10 10:42:48.040000,6051.16,6055,61746,6060,81307,6050,35710,6045,115753
2020-06-10 10:42:50.770000,6050.62,6055,61746,6060,81307,6050,32406,6045,115753
2020-06-10 10:42:51.090000,6050.62,6055,61746,6060,81307,6050,32413,6045,115753
2020-06-10 10:42:56.790000,6050.62,6055,61746,6060,81307,6050,31586,6045,115753
2020-06-10 10:42:56.990000,6050.62,6055,61746,6060,81307,6050,31586,6045,115753
2020-06-10 10:42:57.570000,6050.09,6055,61696,6060,81307,6050,31586,6045,115753
2020-06-10 10:42:58.570000,6050.09,6055,61686,6060,81307,6050,31586,6045,115753
2020-06-10 10:42:58.820000,6050.09,6055,61686,6060,81307,6050,31586,6045,115753
2020-06-10 10:43:00.630000,6050.09,6055,63186,6060,79807,6050,18550,6045,115753
2020-06-10 10:43:00.790000,6050.09,6055,63186,6060,79807,6050,18600,6045,115753
2020-06-10 10:43:02.080000,6050.09,6050,11581,6055,68186,6045,115753,6040,93310
2020-06-10 10:43:02.390000,6050.09,6050,10479,6055,66535,6045,115753,6040,93310
2020-06-10 10:43:02.690000,6050.09,6050,11879,6055,66535,6045,115753,6040,93310
2020-06-10 10:43:04.160000,6050.09,6050,1400,6055,66535,6045,115753,6040,93310
2020-06-10 10:43:04.630000,6050.09,6055,66535,6060,79807,6050,18406,6045,115753
2020-06-10 10:43:05.180000,6050.09,6055,66535,6060,79807,6050,13406,6045,115753
2020-06-10 10:43:05.660000,6050.09,6055,66535,6060,79807,6050,500,6045,115753
2020-06-10 10:43:06.650000,6050.09,6055,66535,6060,79807,6050,800,6045,115753
2020-06-10 10:43:07.820000,6049.28,6050,600,6055,66535,6045,115753,6040,93310
2020-06-10 10:43:09.220000,6049.82,6050,600,6055,80052,6045,115753,6040,93310
2020-06-10 10:43:09.850000,6049.82,6050,600,6055,66535,6045,115753,6040,93310
2020-06-10 10:43:10.360000,6049.82,6050,16030,6055,80052,6045,109753,6040,99310
2020-06-10 10:43:10.850000,6049.82,6050,16030,6055,80052,6045,115753,6040,93310
2020-06-10 10:43:12.000000,6049.82,6050,16030,6055,80052,6045,109753,6040,99310
2020-06-10 10:43:12.910000,6049.82,6050,16030,6055,80052,6045,115753,6040,93310
2020-06-10 10:43:13.300000,6049.82,6050,570,6055,80052,6045,115753,6040,93310
2020-06-10 10:43:15.160000,6049.82,6050,569,6055,80052,6045,115706,6040,93310
2020-06-10 10:43:16.750000,6049.82,6050,569,6055,80052,6045,115706,6040,93310
2020-06-10 10:43:17.910000,6049.01,6050,15999,6055,80052,6045,109706,6040,99310
2020-06-10 10:43:18.300000,6049.01,6050,15964,6055,80052,6045,109706,6040,99310
2020-06-10 10:43:19.110000,6049.01,6050,15964,6055,80052,6045,109686,6040,99310
2020-06-10 10:43:19.860000,6049.01,6050,17364,6055,80052,6045,109686,6040,99310
2020-06-10 10:43:19.980000,6049.01,6050,1934,6055,80052,6045,115686,6040,93310
2020-06-10 10:43:21.050000,6049.01,6055,80052,6060,79807,6050,10972,6045,115686
2020-06-10 10:43:21.360000,6049.01,6055,80052,6060,79807,6045,115686,6040,93310
2020-06-10 10:43:22.110000,6049.01,6055,80052,6060,79807,6050,50,6045,115686
2020-06-10 10:43:22.450000,6049.01,6055,80052,6060,79807,6050,50,6045,115686
2020-06-10 10:43:22.800000,6049.01,6055,81702,6060,79807,6050,50,6045,115686
2020-06-10 10:43:23.580000,6049.01,6055,68185,6060,79807,6050,20480,6045,116186
2020-06-10 10:43:23.940000,6049.01,6055,61685,6060,81307,6050,22980,6045,116186
2020-06-10 10:43:24.690000,6049.01,6055,61685,6060,81807,6050,22980,6045,116186
2020-06-10 10:43:26.150000,6049.01,6055,61685,6060,81807,6050,23330,6045,116186
2020-06-10 10:43:26.620000,6049.01,6055,61685,6060,81807,6050,23280,6045,116186
2020-06-10 10:43:28.390000,6050.62,6055,65011,6060,81808,6050,23280,6045,121986
2020-06-10 10:43:28.620000,6050.62,6055,65011,6060,81808,6050,23280,6045,121986
2020-06-10 10:43:29.360000,6050.62,6055,65011,6060,81808,6050,23280,6045,121986
2020-06-10 10:43:29.480000,6050.62,6055,65011,6060,81808,6050,22325,6045,121986
2020-06-10 10:43:30.450000,6050.35,6055,65002,6060,81808,6050,22041,6045,121986
2020-06-10 10:43:30.540000,6050.35,6055,65002,6060,81808,6050,23280,6045,121986
2020-06-10 10:43:30.640000,6050.35,6055,65002,6060,81808,6050,23280,6045,121986
2020-06-10 10:43:31.000000,6050.35,6055,65002,6060,81808,6050,23280,6045,121986
2020-06-10 10:43:31.500000,6050.35,6055,65002,6060,81808,6050,23280,6045,121986
2020-06-10 10:43:31.750000,6050.35,6055,65052,6060,81808,6050,29280,6045,115986
2020-06-10 10:43:32.610000,6050.35,6055,65052,6060,81808,6050,23280,6045,121986
2020-06-10 10:43:33.650000,6050.35,6055,65052,6060,81808,6050,23280,6045,121996
2020-06-10 10:43:34.640000,6050.35,6055,65052,6060,81808,6050,23280,6045,121996
2020-06-10 10:43:35.200000,6050.35,6055,65052,6060,81808,6050,23280,6045,122006
2020-06-10 10:43:36.500000,6050.35,6055,65052,6060,81808,6050,23280,6045,122006
2020-06-10 10:43:37.950000,6050.35,6055,65052,6060,81808,6050,23280,6045,122006
2020-06-10 10:43:38.850000,6050.35,6055,65052,6060,81808,6050,23280,6045,122006
2020-06-10 10:43:39.060000,6050.35,6055,65052,6060,81808,6050,23315,6045,122006
2020-06-10 10:43:41.150000,6050.35,6055,67052,6060,81808,6050,29315,6045,116006
2020-06-10 10:43:41.380000,6050.35,6055,67052,6060,81808,6050,23315,6045,122006
2020-06-10 10:43:41.980000,6050.35,6055,67052,6060,81808,6050,23365,6045,122006
2020-06-10 10:43:43.700000,6050.35,6055,67052,6060,81808,6050,23365,6045,122006
2020-06-10 10:43:44.660000,6050.35,6055,67830,6060,81808,6050,29365,6045,116006
2020-06-10 10:43:44.760000,6050.35,6055,67830,6060,81808,6050,23365,6045,122006
2020-06-10 10:43:45.210000,6050.35,6055,67830,6060,81808,6050,34773,6045,116006
2020-06-10 10:43:45.710000,6050.35,6055,67830,6060,81808,6050,28773,6045,122006
2020-06-10 10:43:47.910000,6050.35,6055,67830,6060,81808,6050,30773,6045,122006
2020-06-10 10:43:48.190000,6050.35,6055,67830,6060,81808,6050,36773,6045,116006
2020-06-10 10:43:48.800000,6050.35,6055,67830,6060,81808,6050,31365,6045,116006
2020-06-10 10:43:49.620000,6050.35,6055,67830,6060,81808,6050,31366,6045,116006
2020-06-10 10:43:49.790000,6050.35,6055,67830,6060,81808,6050,31366,6045,116006
2020-06-10 10:43:50.380000,6050.35,6055,67830,6060,81808,6050,36366,6045,111006
2020-06-10 10:43:51.490000,6050.35,6055,67830,6060,81808,6050,36366,6045,110996
2020-06-10 10:43:51.680000,6050.35,6055,67830,6060,81808,6050,30366,6045,116996
2020-06-10 10:43:53.790000,6050.35,6055,67830,6060,81808,6050,30366,6045,116996
2020-06-10 10:43:54.080000,6050.35,6055,67830,6060,81808,6050,30367,6045,116996
2020-06-10 10:43:55.350000,6050.35,6055,67830,6060,81808,6050,30367,6045,116996
2020-06-10 10:43:56.050000,6050.35,6055,67830,6060,81808,6050,39115,6045,116996
2020-06-10 10:43:57.720000,6050.35,6055,67830,6060,81808,6050,39118,6045,116996
2020-06-10 10:43:57.850000,6050.35,6055,67830,6060,81808,6050,39118,6045,116996
2020-06-10 10:43:59.390000,6050.35,6055,67830,6060,81808,6050,39118,6045,116996
2020-06-10 10:44:00.420000,6050.35,6055,45230,6060,81808,6050,53538,6045,110996
2020-06-10 10:44:00.850000,6050.35,6055,33992,6060,81808,6050,47538,6045,116996
2020-06-10 10:44:01.320000,6050.35,6055,33992,6060,81808,6050,47538,6045,116996
2020-06-10 10:44:02.020000,6050.35,6055,33992,6060,81808,6050,47538,6045,117006
2020-06-10 10:44:02.390000,6050.35,6055,33992,6060,81808,6050,53538,6045,111006
2020-06-10 10:44:03.100000,6050.35,6055,33992,6060,81808,6050,47538,6045,117006
2020-06-10 10:44:04.140000,6050.35,6055,39645,6060,81808,6050,47538,6045,117006
2020-06-10 10:44:04.490000,6050.35,6055,39645,6060,81808,6050,53538,6045,111006
2020-06-10 10:44:05.110000,6050.35,6055,45445,6060,81808,6050,48538,6045,117006
2020-06-10 10:44:06.700000,6050.35,6055,45445,6060,81808,6050,48538,6045,117006
2020-06-10 10:44:07.020000,6050.35,6055,48591,6060,81808,6050,43532,6045,117006
2020-06-10 10:44:07.830000,6050.66,6055,51091,6060,81808,6050,43532,6045,117006
2020-06-10 10:44:08.190000,6050.66,6055,56091,6060,81808,6050,38532,6045,117006
2020-06-10 10:44:09.410000,6050.66,6055,64491,6060,81808,6050,35112,6045,117006
2020-06-10 10:44:09.580000,6050.66,6055,65991,6060,80308,6050,31370,6045,117006
2020-06-10 10:44:10.390000,6050.66,6055,58591,6060,80308,6050,31366,6045,117006
2020-06-10 10:44:10.550000,6049.86,6055,69091,6060,80308,6050,31366,6045,117006
2020-06-10 10:44:11.520000,6049.86,6055,58591,6060,80308,6050,31366,6045,117006
2020-06-10 10:44:11.640000,6049.86,6055,63591,6060,80308,6050,31366,6045,117006
2020-06-10 10:44:12.660000,6049.86,6055,63591,6060,80308,6050,31366,6045,117006
2020-06-10 10:44:14.170000,6049.86,6055,58591,6060,80308,6050,30127,6045,117006
2020-06-10 10:44:16.530000,6049.86,6055,58591,6060,80308,6050,30813,6045,117006
2020-06-10 10:44:16.790000,6049.86,6055,59891,6060,80308,6050,30813,6045,117006
2020-06-10 10:44:17.120000,6049.86,6055,58591,6060,80308,6050,30813,6045,117006
2020-06-10 10:44:17.950000,6049.86,6055,57091,6060,81808,6050,30813,6045,117006
2020-06-10 10:44:18.200000,6049.86,6055,57091,6060,81808,6050,30830,6045,117006
2020-06-10 10:44:18.260000,6049.86,6055,58591,6060,80308,6050,30730,6045,117006
2020-06-10 10:44:19.430000,6049.86,6055,57091,6060,81808,6050,30730,6045,117006
2020-06-10 10:44:19.790000,6049.86,6055,57091,6060,81808,6050,32730,6045,117506
2020-06-10 10:44:21.570000,6049.86,6055,69391,6060,80308,6050,32730,6045,117506
2020-06-10 10:44:21.860000,6049.86,6055,82908,6060,80308,6050,13643,6045,117506
2020-06-10 10:44:22.700000,6049.86,6055,82938,6060,80308,6050,13643,6045,111706
2020-06-10 10:44:23.570000,6049.86,6055,82938,6060,80308,6050,13643,6045,111706
2020-06-10 10:44:25.340000,6049.86,6055,69421,6060,80308,6050,29073,6045,117506
2020-06-10 10:44:25.500000,6049.86,6055,58621,6060,80308,6050,27673,6045,117506
2020-06-10 10:44:25.590000,6049.86,6055,57121,6060,81808,6050,27673,6045,117506
2020-06-10 10:44:27.450000,6049.32,6055,57121,6060,81808,6050,27673,6045,117656
2020-06-10 10:44:27.700000,6049.32,6055,57121,6060,81808,6050,26801,6045,117656
2020-06-10 10:44:28.430000,6049.86,6055,57121,6060,81808,6050,35600,6045,117656
2020-06-10 10:44:28.780000,6049.86,6055,53975,6060,81808,6050,42878,6045,117656
2020-06-10 10:44:29.700000,6049.86,6055,53975,6060,81838,6050,42878,6045,117657
2020-06-10 10:44:30.650000,6050.12,6055,55675,6060,81838,6050,37877,6045,117657
2020-06-10 10:44:30.820000,6050.12,6055,53975,6060,81838,6050,37877,6045,117657
2020-06-10 10:44:31.510000,6050.12,6055,55275,6060,81838,6050,37877,6045,117657
2020-06-10 10:44:31.600000,6050.12,6055,53975,6060,81838,6050,37877,6045,117657
2020-06-10 10:44:31.760000,6050.12,6055,53975,6060,81838,6050,37878,6045,117657
2020-06-10 10:44:33.160000,6050.12,6055,67832,6060,81838,6050,37878,6045,117657
2020-06-10 10:44:34.400000,6050.12,6055,67832,6060,81838,6050,37828,6045,117657
2020-06-10 10:44:36.240000,6050.12,6055,67832,6060,81838,6050,38828,6045,117657
2020-06-10 10:44:36.680000,6050.12,6055,67832,6060,81838,6050,38038,6045,117657
2020-06-10 10:44:37.630000,6050.12,6055,56732,6060,81838,6050,38038,6045,117657
2020-06-10 10:44:38.300000,6049.86,6055,55082,6060,81838,6050,38038,6045,117657
2020-06-10 10:44:39.530000,6049.86,6055,55082,6060,81838,6050,38038,6045,117657
2020-06-10 10:44:39.590000,6049.86,6055,55082,6060,81838,6050,38266,6045,117657
2020-06-10 10:44:40.410000,6049.86,6055,55082,6060,81838,6050,38266,6045,117657
2020-06-10 10:44:41.160000,6049.86,6055,66382,6060,81838,6050,29267,6045,117657
2020-06-10 10:44:41.340000,6049.86,6055,67882,6060,80338,6050,13837,6045,117657
2020-06-10 10:44:42.140000,6049.86,6055,67882,6060,80338,6050,29267,6045,117657
2020-06-10 10:44:42.200000,6049.86,6055,66382,6060,81838,6050,28917,6045,117657
2020-06-10 10:44:43.250000,6049.86,6055,55082,6060,81838,6050,37467,6045,117657
2020-06-10 10:44:44.260000,6049.86,6055,55082,6060,81838,6050,37467,6045,117657
2020-06-10 10:44:44.450000,6049.86,6055,52325,6060,81838,6050,37467,6045,117657
2020-06-10 10:44:44.620000,6049.86,6055,52325,6060,81838,6050,42526,6045,117657
2020-06-10 10:44:45.310000,6049.86,6055,52325,6060,81838,6050,42526,6045,117657
2020-06-10 10:44:45.400000,6049.86,6055,52325,6060,81838,6050,42533,6045,117657
2020-06-10 10:44:46.300000,6049.86,6055,52325,6060,81838,6050,42483,6045,117657
2020-06-10 10:44:46.420000,6049.86,6055,52325,6060,81838,6050,42483,6045,117657
2020-06-10 10:44:46.690000,6049.86,6055,52325,6060,81838,6050,42483,6045,117657
2020-06-10 10:44:47.890000,6050.12,6055,45172,6060,81838,6050,42483,6045,117657
2020-06-10 10:44:50.110000,6050.39,6055,45172,6060,81838,6050,42483,6045,117657
2020-06-10 10:44:51.080000,6050.39,6055,56772,6060,81838,6050,42483,6045,117657
2020-06-10 10:44:51.640000,6050.39,6055,46972,6060,81838,6050,42483,6045,117657
2020-06-10 10:44:52.150000,6050.39,6055,45172,6060,81838,6050,42430,6045,117657
2020-06-10 10:44:53.200000,6050.39,6055,40172,6060,81838,6050,42430,6045,117657
2020-06-10 10:44:53.500000,6050.39,6055,40172,6060,81838,6050,42430,6045,117657
2020-06-10 10:44:54.150000,6050.39,6055,40172,6060,81838,6050,42430,6045,117657
2020-06-10 10:44:54.340000,6050.39,6055,51872,6060,81838,6050,42430,6045,117657
2020-06-10 10:44:55.320000,6050.39,6055,51872,6060,81838,6050,42430,6045,117657
2020-06-10 10:44:56.310000,6050.39,6055,43272,6060,81838,6050,42430,6045,117657
2020-06-10 10:44:56.430000,6050.39,6055,40172,6060,81838,6050,42430,6045,117657
2020-06-10 10:44:58.100000,6050.39,6055,35172,6060,81838,6050,47430,6045,117657
2020-06-10 10:44:59.850000,6050.39,6055,35172,6060,81838,6050,47430,6045,117657
2020-06-10 10:45:00.290000,6050.39,6055,40772,6060,81838,6050,47430,6045,117657
2020-06-10 10:45:01.070000,6050.39,6055,51072,6060,81838,6050,42424,6045,117657
2020-06-10 10:45:01.320000,6050.39,6055,42472,6060,81838,6050,37424,6045,117657
2020-06-10 10:45:02.020000,6050.39,6055,42472,6060,81838,6050,37424,6045,117657
2020-06-10 10:45:02.380000,6050.39,6055,49172,6060,81838,6050,37424,6045,117657
2020-06-10 10:45:03.160000,6050.39,6055,40072,6060,81838,6050,42424,6045,117657
2020-06-10 10:45:03.410000,6050.39,6055,35072,6060,81838,6050,52430,6045,117657
2020-06-10 10:45:04.210000,6050.39,6055,32131,6060,81838,6050,52254,6045,117657
2020-06-10 10:45:05.210000,6050.39,6055,32131,6060,81838,6050,52254,6045,117657
2020-06-10 10:45:05.590000,6050.39,6055,32131,6060,81838,6050,52254,6045,117657
2020-06-10 10:45:06.340000,6050.39,6055,32131,6060,81838,6050,53254,6045,116657
2020-06-10 10:45:06.700000,6050.39,6055,32131,6060,81838,6050,53254,6045,116657
2020-06-10 10:45:07.090000,6050.39,6055,34031,6060,81838,6050,53254,6045,116657
2020-06-10 10:45:07.770000,6050.12,6055,32131,6060,81838,6050,53254,6045,116657
2020-06-10 10:45:07.910000,6050.41,6055,37131,6060,81838,6050,48304,6045,116657
2020-06-10 10:45:08.290000,6050.41,6055,37122,6060,81838,6050,48304,6045,116657
2020-06-10 10:45:08.820000,6050.14,6055,32122,6060,81838,6050,53304,6045,116657
2020-06-10 10:45:09.300000,6050.14,6055,37503,6060,83488,6050,53304,6045,116657
2020-06-10 10:45:10.040000,6050.14,6055,37503,6060,83488,6050,59304,6045,110657
2020-06-10 10:45:11.070000,6050.95,6055,37503,6060,83488,6050,59300,6045,110657
2020-06-10 10:45:12.050000,6050.95,6055,37703,6060,83488,6050,53300,6045,116657
2020-06-10 10:45:12.430000,6050.95,6055,37703,6060,83488,6050,53390,6045,116657
2020-06-10 10:45:13.430000,6050.95,6055,37703,6060,83488,6050,53390,6045,116657
2020-06-10 10:45:15.430000,6050.95,6055,42003,6060,83488,6050,53390,6045,116657
2020-06-10 10:45:16.380000,6050.95,6055,37703,6060,83488,6050,53390,6045,116657
2020-06-10 10:45:17.410000,6050.68,6055,37703,6060,83488,6050,53390,6045,116657
2020-06-10 10:45:17.690000,6050.68,6055,37703,6060,83488,6050,53390,6045,116657
2020-06-10 10:45:18.440000,6050.68,6055,37703,6060,83488,6050,53390,6045,116657
2020-06-10 10:45:18.780000,6050.68,6055,37703,6060,83488,6050,59390,6045,110657
2020-06-10 10:45:19.570000,6050.68,6055,37702,6060,83488,6050,53390,6045,116657
2020-06-10 10:45:19.990000,6050.68,6055,37702,6060,83488,6050,59390,6045,110657
2020-06-10 10:45:20.610000,6050.68,6055,37702,6060,83488,6050,59390,6045,110657
2020-06-10 10:45:22.350000,6050.68,6055,37702,6060,83488,6050,53390,6045,116657
2020-06-10 10:45:24.310000,6050.68,6055,43502,6060,83488,6050,53390,6045,116657
2020-06-10 10:45:25.550000,6050.68,6055,37702,6060,83488,6050,53439,6045,116657
2020-06-10 10:45:25.990000,6050.68,6055,37702,6060,83488,6050,59439,6045,110657
2020-06-10 10:45:28.300000,6050.95,6055,37702,6060,83488,6050,53439,6045,116657
2020-06-10 10:45:30.330000,6050.95,6055,37091,6060,83488,6050,53439,6045,116657
2020-06-10 10:45:31.190000,6050.95,6055,37091,6060,83488,6050,53439,6045,116657
2020-06-10 10:45:32.730000,6050.95,6055,37091,6060,83488,6050,59439,6045,110657
2020-06-10 10:45:32.890000,6050.95,6055,37091,6060,83488,6050,59438,6045,110657
2020-06-10 10:45:33.590000,6050.95,6055,37091,6060,83488,6050,53438,6045,116657
2020-06-10 10:45:34.290000,6050.95,6055,37091,6060,83488,6050,53438,6045,116657
2020-06-10 10:45:35.230000,6050.95,6055,37091,6060,83488,6050,53443,6045,116657
2020-06-10 10:45:36.000000,6050.95,6055,21661,6060,83488,6050,59443,6045,110657
2020-06-10 10:45:36.230000,6050.95,6055,21761,6060,83488,6050,59443,6045,110657
2020-06-10 10:45:36.980000,6050.95,6055,21761,6060,83488,6050,59743,6045,110657
2020-06-10 10:45:39.540000,6051.22,6055,37191,6060,83488,6050,59743,6045,110662
2020-06-10 10:45:40.680000,6051.22,6055,37191,6060,83488,6050,59743,6045,110662
2020-06-10 10:45:41.390000,6051.22,6055,37191,6060,83488,6050,59743,6045,110663
2020-06-10 10:45:43.290000,6051.22,6055,37191,6060,83488,6050,59742,6045,110663
2020-06-10 10:45:43.700000,6051.22,6055,37192,6060,83489,6050,59783,6045,110663
2020-06-10 10:45:44.030000,6051.22,6055,37192,6060,83489,6050,60783,6045,110663
2020-06-10 10:45:44.920000,6051.22,6055,37192,6060,83489,6050,54783,6045,116663
2020-06-10 10:45:45.070000,6051.22,6055,37192,6060,83489,6050,55033,6045,116663
2020-06-10 10:45:45.320000,6051.22,6055,50192,6060,83489,6050,55033,6045,116663
2020-06-10 10:45:45.700000,6051.22,6055,50192,6060,83489,6050,55043,6045,116663
2020-06-10 10:45:46.490000,6051.22,6055,50192,6060,83489,6050,55362,6045,116663
2020-06-10 10:45:46.920000,6051.22,6055,50192,6060,83489,6050,50362,6045,116663
2020-06-10 10:45:47.350000,6051.22,6055,50092,6060,83489,6050,50362,6045,116663
2020-06-10 10:45:47.730000,6051.22,6055,37092,6060,83489,6050,56362,6045,110663
2020-06-10 10:45:48.590000,6051.22,6055,37092,6060,83489,6050,56362,6045,110663
2020-06-10 10:45:48.760000,6051.22,6055,37092,6060,83489,6050,56357,6045,110663
2020-06-10 10:45:49.710000,6050.95,6055,38192,6060,83489,6050,56357,6045,110663
2020-06-10 10:45:49.990000,6051.22,6055,37092,6060,83489,6050,56357,6045,110663
2020-06-10 10:45:50.380000,6051.22,6055,37293,6060,83490,6050,56357,6045,110663
2020-06-10 10:45:51.120000,6051.22,6055,37093,6060,83490,6050,56357,6045,110663
2020-06-10 10:45:53.300000,6051.22,6055,37093,6060,83490,6050,56357,6045,110673
2020-06-10 10:45:55.290000,6051.22,6055,37093,6060,83490,6050,50359,6045,116673
2020-06-10 10:45:55.520000,6051.22,6055,37093,6060,83490,6050,61359,6045,110673
2020-06-10 10:45:55.710000,6051.22,6055,37093,6060,83490,6050,61359,6045,110673
2020-06-10 10:45:56.800000,6051.22,6055,37593,6060,83490,6050,61359,6045,110673
2020-06-10 10:45:56.960000,6053.48,6055,38593,6060,83490,6050,55359,6045,116673
2020-06-10 10:45:57.880000,6053.48,6055,37593,6060,83490,6050,61359,6045,110823
2020-06-10 10:45:58.880000,6053.48,6055,37593,6060,83490,6050,61359,6045,110823
2020-06-10 10:45:59.320000,6053.48,6055,56893,6060,83490,6050,50369,6045,116823
2020-06-10 10:46:00.100000,6053.48,6055,51093,6060,83490,6050,50369,6045,116823
2020-06-10 10:46:01.680000,6051.7,6055,61893,6060,83490,6050,45369,6045,116823
2020-06-10 10:46:01.890000,6051.7,6055,53584,6060,83490,6050,50369,6045,116823
2020-06-10 10:46:02.680000,6051.7,6055,42284,6060,83490,6050,50369,6045,116823
2020-06-10 10:46:03.050000,6051.7,6055,40084,6060,83490,6050,50369,6045,116823
2020-06-10 10:46:04.190000,6051.7,6055,40084,6060,83490,6050,49369,6045,117823
2020-06-10 10:46:04.360000,6051.7,6055,40084,6060,83490,6050,49369,6045,117823
2020-06-10 10:46:05.270000,6051.7,6055,40084,6060,83490,6050,55469,6045,111818
2020-06-10 10:46:05.440000,6051.7,6055,50284,6060,83490,6050,49469,6045,117818
2020-06-10 10:46:05.820000,6051.7,6055,50284,6060,83490,6050,49469,6045,117818
2020-06-10 10:46:06.220000,6051.7,6055,59484,6060,83490,6050,49469,6045,118418
2020-06-10 10:46:06.990000,6051.7,6055,59484,6060,83490,6050,49469,6045,118418
2020-06-10 10:46:08.000000,6051.7,6055,56084,6060,83490,6050,49469,6045,118418
2020-06-10 10:46:08.220000,6051.7,6055,43384,6060,83490,6050,49469,6045,118418
2020-06-10 10:46:08.920000,6051.7,6055,52784,6060,83490,6050,49471,6045,118418
2020-06-10 10:46:09.990000,6051.7,6055,52784,6060,83490,6050,49471,6045,118418
2020-06-10 10:46:10.200000,6051.7,6055,52784,6060,83490,6050,49471,6045,118418
2020-06-10 10:46:10.390000,6051.7,6055,52784,6060,83490,6050,49474,6045,118418
2020-06-10 10:46:11.140000,6051.7,6055,44184,6060,83490,6050,49474,6045,118418
2020-06-10 10:46:11.450000,6051.7,6055,39284,6060,83490,6050,49474,6045,118418
2020-06-10 10:46:11.990000,6051.7,6055,19789,6060,83490,6050,54474,6045,118418
2020-06-10 10:46:12.490000,6051.7,6055,19789,6060,83490,6050,60474,6045,112418
2020-06-10 10:46:13.390000,6051.7,6055,19789,6060,83490,6050,60474,6045,112418
2020-06-10 10:46:13.560000,6051.7,6055,19786,6060,83490,6050,60474,6045,112418
2020-06-10 10:46:15.310000,6051.7,6055,25114,6060,83490,6050,60474,6045,112418
2020-06-10 10:46:16.340000,6051.7,6055,25114,6060,83490,6050,60474,6045,112418
2020-06-10 10:46:18.980000,6051.43,6055,25114,6060,83490,6050,54474,6045,118418
2020-06-10 10:46:19.420000,6051.43,6055,25114,6060,83490,6050,54474,6045,118418
2020-06-10 10:46:19.750000,6051.43,6055,31914,6060,83490,6050,54475,6045,118418
2020-06-10 10:46:20.550000,6051.43,6055,31914,6060,83490,6050,54475,6045,118418
2020-06-10 10:46:21.640000,6051.43,6055,31914,6060,83490,6050,54475,6045,118418
2020-06-10 10:46:21.790000,6051.43,6055,30914,6060,83490,6050,54475,6045,118418
2020-06-10 10:46:22.720000,6051.43,6055,30914,6060,83490,6050,54474,6045,118418
2020-06-10 10:46:22.810000,6051.43,6055,32014,6060,83490,6050,54474,6045,118418
2020-06-10 10:46:23.680000,6051.43,6055,32014,6060,83490,6050,54474,6045,118418
2020-06-10 10:46:23.750000,6051.43,6055,40414,6060,83490,6050,54474,6045,118418
2020-06-10 10:46:24.200000,6051.43,6055,32014,6060,83490,6050,54474,6045,118418
2020-06-10 10:46:24.510000,6051.43,6055,30914,6060,83490,6050,54474,6045,118418
2020-06-10 10:46:25.310000,6051.43,6055,33314,6060,83490,6050,54474,6045,118418
2020-06-10 10:46:25.400000,6051.43,6055,30914,6060,83490,6050,54474,6045,118418
2020-06-10 10:46:25.750000,6051.43,6055,30914,6060,83490,6050,54474,6045,118418
2020-06-10 10:46:26.370000,6051.43,6055,25114,6060,83490,6050,54474,6045,118418
2020-06-10 10:46:26.590000,6051.43,6055,33514,6060,83490,6050,54474,6045,118418
2020-06-10 10:46:27.420000,6051.43,6055,28658,6060,83490,6050,54474,6045,118418
2020-06-10 10:46:27.510000,6051.43,6055,42472,6060,83490,6050,54474,6045,118418
2020-06-10 10:46:28.590000,6051.43,6055,42472,6060,83490,6050,54474,6045,118418
2020-06-10 10:46:29.060000,6051.43,6055,48113,6060,83490,6050,49474,6045,118418
2020-06-10 10:46:29.510000,6051.43,6055,53913,6060,83490,6050,44468,6045,118418
2020-06-10 10:46:30.650000,6051.43,6055,53913,6060,83490,6050,44468,6045,118418
2020-06-10 10:46:30.780000,6051.43,6055,53913,6060,83490,6050,49474,6045,118418
2020-06-10 10:46:31.670000,6051.43,6055,51413,6060,83490,6050,49474,6045,118418
2020-06-10 10:46:32.180000,6051.43,6055,52813,6060,83590,6050,49138,6045,118418
2020-06-10 10:46:32.680000,6051.43,6055,47013,6060,83590,6050,49138,6045,118418
2020-06-10 10:46:33.130000,6051.43,6055,56913,6060,83590,6050,49138,6045,118418
2020-06-10 10:46:33.570000,6051.43,6055,64413,6060,83590,6050,35638,6045,118418
2020-06-10 10:46:34.290000,6051.43,6055,64413,6060,83590,6050,33138,6045,118418
2020-06-10 10:46:34.350000,6051.43,6055,64413,6060,83590,6050,33138,6045,118418
2020-06-10 10:46:35.290000,6051.43,6055,64413,6060,83590,6050,34138,6045,118418
2020-06-10 10:46:36.950000,6051.43,6055,64413,6060,83590,6050,34138,6045,124418
2020-06-10 10:46:37.410000,6051.43,6055,64413,6060,83590,6050,34128,6045,124418
2020-06-10 10:46:37.950000,6051.43,6055,65913,6060,82090,6050,29122,6045,124418
2020-06-10 10:46:38.350000,6051.43,6055,64413,6060,83590,6050,28337,6045,124418
2020-06-10 10:46:38.880000,6051.43,6055,65913,6060,82090,6050,28337,6045,124418
2020-06-10 10:46:39.230000,6051.43,6055,65913,6060,82090,6050,28337,6045,124418
2020-06-10 10:46:40.040000,6051.43,6055,64413,6060,83590,6050,28344,6045,124418
2020-06-10 10:46:40.210000,6051.43,6055,64414,6060,83591,6050,33826,6045,124418
2020-06-10 10:46:40.410000,6051.43,6055,64414,6060,83591,6050,34326,6045,124418
2020-06-10 10:46:41.070000,6051.43,6055,64414,6060,83641,6050,34326,6045,124418
2020-06-10 10:46:42.520000,6051.43,6055,64414,6060,83641,6050,34326,6045,124418
2020-06-10 10:46:43.290000,6051.43,6055,59414,6060,83641,6050,39326,6045,124418
2020-06-10 10:46:43.620000,6051.43,6055,64414,6060,83641,6050,34326,6045,124418
2020-06-10 10:46:43.990000,6051.43,6055,64414,6060,83641,6050,34326,6045,124418
2020-06-10 10:46:44.740000,6051.43,6055,64414,6060,83641,6050,34326,6045,124418
2020-06-10 10:46:45.080000,6051.43,6055,64414,6060,83641,6050,34326,6045,124418
2020-06-10 10:46:45.400000,6051.43,6055,64415,6060,83642,6050,34326,6045,118318
2020-06-10 10:46:45.820000,6051.43,6055,64415,6060,83642,6050,34326,6045,118318
2020-06-10 10:46:47.400000,6051.43,6055,64415,6060,83642,6050,34826,6045,118318
2020-06-10 10:46:48.400000,6051.43,6055,59415,6060,83642,6050,39826,6045,118318
2020-06-10 10:46:49.490000,6051.43,6055,59415,6060,83642,6050,39826,6045,118518
2020-06-10 10:46:49.580000,6051.43,6055,59415,6060,83642,6050,44842,6045,118518
2020-06-10 10:46:49.930000,6051.43,6055,59415,6060,83642,6050,44844,6045,118518
2020-06-10 10:46:50.540000,6051.43,6055,59415,6060,83642,6050,44844,6045,118632
2020-06-10 10:46:50.750000,6051.43,6055,64415,6060,83642,6050,39844,6045,118632
2020-06-10 10:46:51.680000,6051.43,6055,65765,6060,83642,6050,39844,6045,118632
2020-06-10 10:46:52.690000,6051.43,6055,65763,6060,83642,6050,39844,6045,118632
2020-06-10 10:46:52.850000,6051.43,6055,65763,6060,83642,6050,34838,6045,118632
2020-06-10 10:46:52.910000,6051.43,6055,65763,6060,83642,6050,34838,6045,118632
2020-06-10 10:46:52.970000,6051.43,6055,65763,6060,83642,6050,34838,6045,118632
2020-06-10 10:46:53.390000,6051.43,6055,65763,6060,83642,6050,34838,6045,118632
2020-06-10 10:46:55.190000,6051.43,6055,65763,6060,83642,6050,29356,6045,124114
2020-06-10 10:46:55.810000,6051.43,6055,65763,6060,83642,6050,29356,6045,124114
2020-06-10 10:46:56.100000,6051.43,6055,66263,6060,83642,6050,29356,6045,124114
2020-06-10 10:46:56.440000,6051.43,6055,67763,6060,82142,6050,29356,6045,124114
2020-06-10 10:47:00.140000,6051.43,6055,81280,6060,82142,6050,29356,6045,124114
2020-06-10 10:47:00.530000,6051.43,6055,81280,6060,82142,6050,13926,6045,118314
2020-06-10 10:47:01.190000,6051.43,6055,80980,6060,82142,6050,13926,6045,118314
2020-06-10 10:47:02.670000,6051.43,6050,16247,6055,85982,6045,118314,6040,93085
2020-06-10 10:47:03.310000,6051.43,6050,8246,6055,85982,6045,118314,6040,93085
2020-06-10 10:47:03.860000,6051.43,6050,14520,6055,85982,6045,118314,6040,93085
2020-06-10 10:47:04.280000,6051.43,6050,14670,6055,85982,6045,118314,6040,93085
2020-06-10 10:47:05.000000,6051.43,6050,12519,6055,85982,6045,118314,6040,93085
2020-06-10 10:47:06.090000,6051.43,6050,6648,6055,85982,6045,124114,6040,93085
2020-06-10 10:47:06.390000,6051.43,6050,6420,6055,85982,6045,124114,6040,93085
2020-06-10 10:47:06.830000,6051.43,6050,3894,6055,85982,6045,124114,6040,93085
2020-06-10 10:47:07.530000,6051.43,6055,72465,6060,82142,6050,15430,6045,124114
2020-06-10 10:47:07.730000,6051.43,6055,72465,6060,82142,6050,10430,6045,124114
2020-06-10 10:47:07.890000,6049.43,6055,72465,6060,82142,6045,118314,6040,93085
2020-06-10 10:47:08.510000,6049.43,6055,72465,6060,82142,6050,6830,6045,118314
2020-06-10 10:47:09.690000,6048.09,6055,72465,6060,82142,6050,6830,6045,117814
2020-06-10 10:47:10.650000,6048.09,6055,72465,6060,82142,6050,6630,6045,117814
2020-06-10 10:47:10.750000,6048.09,6055,72165,6060,87142,6050,6630,6045,117814
2020-06-10 10:47:12.920000,6048.09,6055,85682,6060,87142,6050,6630,6045,123614
2020-06-10 10:47:13.110000,6048.09,6055,86182,6060,87142,6050,22060,6045,123614
2020-06-10 10:47:14.250000,6048.09,6055,86182,6060,87142,6050,22060,6045,123614
2020-06-10 10:47:14.980000,6048.09,6055,85682,6060,87142,6050,21569,6045,123614
2020-06-10 10:47:17.430000,6048.09,6055,85682,6060,87142,6050,21569,6045,123616
2020-06-10 10:47:17.990000,6048.09,6055,85732,6060,87142,6050,21569,6045,123616
2020-06-10 10:47:18.490000,6048.09,6055,85732,6060,87142,6050,21669,6045,123616
2020-06-10 10:47:19.350000,6048.09,6055,85732,6060,87142,6050,20643,6045,123616
2020-06-10 10:47:19.770000,6048.09,6055,85733,6060,87143,6050,5213,6045,123616
2020-06-10 10:47:21.030000,6048.09,6055,85733,6060,87143,6050,5213,6045,117816
2020-06-10 10:47:21.820000,6048.09,6055,85733,6060,87143,6050,5213,6045,117816
2020-06-10 10:47:22.320000,6048.09,6055,85733,6060,87143,6050,5013,6045,117816
2020-06-10 10:47:23.250000,6048.09,6050,10417,6055,85733,6045,117816,6040,92585
2020-06-10 10:47:24.470000,6048.09,6055,85733,6060,87143,6045,117816,6040,92585
2020-06-10 10:47:25.020000,6048.09,6055,85733,6060,85493,6050,5000,6045,117816
2020-06-10 10:47:25.190000,6048.09,6055,85733,6060,85493,6045,117816,6040,92585
2020-06-10 10:47:25.690000,6048.09,6055,85733,6060,85493,6045,123616,6040,92585
2020-06-10 10:47:26.640000,6048.09,6055,85733,6060,85493,6050,16230,6045,123616
2020-06-10 10:47:26.860000,6048.09,6055,85733,6060,85493,6050,1100,6045,117816
2020-06-10 10:47:27.140000,6047.82,6055,85733,6060,85493,6050,1100,6045,117816
2020-06-10 10:47:28.520000,6047.29,6055,87383,6060,85493,6050,1100,6045,117816
2020-06-10 10:47:29.420000,6047.29,6050,300,6055,87383,6045,117816,6040,92595
2020-06-10 10:47:30.550000,6047.29,6050,300,6055,87383,6045,123616,6040,92595
2020-06-10 10:47:31.470000,6047.29,6050,296,6055,87383,6045,117816,6040,92595
2020-06-10 10:47:31.630000,6047.29,6050,296,6055,87383,6045,123616,6040,92595
2020-06-10 10:47:32.480000,6047.29,6055,87383,6060,85493,6050,20934,6045,123616
2020-06-10 10:47:32.670000,6047.29,6055,87383,6060,85493,6050,15934,6045,117816
2020-06-10 10:47:34.060000,6047.29,6055,87383,6060,85493,6050,704,6045,117816
2020-06-10 10:47:35.010000,6047.29,6055,87373,6060,85493,6050,704,6045,117816
2020-06-10 10:47:36.090000,6047.29,6055,87363,6060,85493,6050,704,6045,117816
2020-06-10 10:47:37.940000,6047.29,6050,692,6055,87363,6045,117816,6040,92595
2020-06-10 10:47:38.730000,6047.29,6050,540,6055,87363,6045,117816,6040,92595
2020-06-10 10:47:38.920000,6047.29,6050,540,6055,87363,6045,117816,6040,92595
2020-06-10 10:47:39.250000,6047.29,6050,15970,6055,87363,6045,117816,6040,92595
2020-06-10 10:47:40.220000,6047.29,6050,15970,6055,87363,6045,117816,6040,92595
2020-06-10 10:47:42.420000,6047.29,6050,538,6055,87363,6045,123616,6040,92595
2020-06-10 10:47:42.610000,6047.29,6055,90682,6060,85493,6050,13830,6045,123616
2020-06-10 10:47:42.790000,6047.29,6055,90682,6060,85493,6050,13830,6045,117816
2020-06-10 10:47:43.010000,6047.29,6055,90682,6060,85493,6050,13831,6045,117816
2020-06-10 10:47:44.320000,6047.29,6055,90682,6060,85493,6050,14331,6045,123616
2020-06-10 10:47:45.790000,6047.29,6055,90682,6060,85493,6050,14497,6045,123616
2020-06-10 10:47:46.690000,6047.29,6055,90683,6060,85494,6050,14496,6045,123616
2020-06-10 10:47:49.800000,6047.29,6055,90683,6060,85494,6050,15496,6045,123616
2020-06-10 10:47:50.390000,6047.29,6055,90683,6060,85494,6050,15330,6045,123616
2020-06-10 10:47:51.840000,6047.29,6055,90683,6060,85494,6050,20330,6045,123616
2020-06-10 10:47:52.120000,6047.29,6055,90683,6060,85494,6050,20330,6045,123616
2020-06-10 10:47:55.120000,6047.29,6055,85683,6060,85494,6050,20330,6045,123616
2020-06-10 10:47:58.710000,6047.29,6055,85683,6060,85494,6050,20330,6045,123616
2020-06-10 10:47:59.700000,6047.29,6055,85683,6060,85494,6050,22830,6045,123616
2020-06-10 10:48:00.810000,6047.29,6055,88427,6060,85494,6050,22830,6045,123641
2020-06-10 10:48:02.920000,6047.29,6055,88427,6060,85494,6050,17830,6045,117841
2020-06-10 10:48:03.320000,6047.29,6055,88427,6060,85494,6050,17830,6045,123641
2020-06-10 10:48:03.980000,6047.29,6055,88427,6060,85494,6050,17830,6045,123641
2020-06-10 10:48:04.070000,6047.29,6055,88427,6060,83494,6050,17830,6045,123641
2020-06-10 10:48:05.010000,6047.29,6055,88427,6060,83494,6050,16430,6045,123641
2020-06-10 10:48:06.100000,6047.29,6055,88427,6060,83494,6050,21430,6045,123641
2020-06-10 10:48:07.700000,6047.29,6055,85683,6060,86238,6050,21430,6045,123641
2020-06-10 10:48:08.150000,6047.29,6055,85683,6060,86238,6050,21431,6045,123641
2020-06-10 10:48:09.620000,6047.29,6055,85683,6060,86238,6050,22431,6045,123641
2020-06-10 10:48:10.730000,6047.29,6055,85683,6060,86238,6050,22931,6045,123641
2020-06-10 10:48:12.380000,6047.29,6055,85683,6060,86238,6050,22931,6045,123641
2020-06-10 10:48:14.660000,6047.29,6055,85683,6060,86238,6050,22931,6045,123641
2020-06-10 10:48:14.960000,6047.29,6055,85683,6060,86238,6050,22931,6045,123641
2020-06-10 10:48:19.020000,6048.36,6055,89183,6060,86238,6050,22931,6045,123641
2020-06-10 10:48:20.960000,6048.36,6055,89183,6060,86238,6050,22931,6045,123641
2020-06-10 10:48:21.820000,6048.36,6055,89183,6060,86238,6050,23447,6045,123641
2020-06-10 10:48:22.490000,6048.36,6055,89183,6060,86238,6050,23447,6045,123641
2020-06-10 10:48:26.880000,6048.36,6055,85864,6060,86238,6050,23447,6045,123641
2020-06-10 10:48:29.720000,6048.11,6055,85864,6060,86238,6050,23447,6045,123641
2020-06-10 10:48:32.420000,6048.11,6055,85864,6060,86238,6050,21777,6045,123641
2020-06-10 10:48:33.410000,6048.11,6055,85864,6060,86238,6050,21777,6045,123641
2020-06-10 10:48:33.630000,6048.11,6055,85864,6060,86238,6050,21784,6045,123641
2020-06-10 10:48:35.520000,6048.11,6055,85864,6060,86238,6050,21784,6045,123641
2020-06-10 10:48:35.920000,6048.11,6055,86464,6060,86238,6050,21784,6045,123641
2020-06-10 10:48:37.750000,6048.11,6055,86464,6060,86238,6050,21751,6045,123641
2020-06-10 10:48:37.840000,6048.11,6055,86464,6060,86238,6050,21751,6045,123641
2020-06-10 10:48:37.950000,6048.11,6055,86464,6060,86238,6050,21751,6045,123641
2020-06-10 10:48:43.700000,6048.11,6055,86464,6060,86238,6050,21751,6045,123641
2020-06-10 10:48:46.610000,6048.11,6055,86464,6060,86238,6050,21751,6045,123641
2020-06-10 10:48:48.150000,6048.11,6055,70247,6060,86238,6050,21751,6045,123641
2020-06-10 10:48:48.530000,6048.11,6055,70247,6060,86238,6050,21751,6045,123641
2020-06-10 10:48:50.180000,6048.11,6055,68747,6060,87738,6050,21746,6045,123641
2020-06-10 10:48:50.960000,6048.36,6055,57047,6060,87738,6050,35815,6045,117641
2020-06-10 10:48:51.420000,6048.36,6055,54547,6060,87738,6050,36015,6045,117641
2020-06-10 10:48:53.070000,6048.36,6055,48747,6060,87738,6050,36015,6045,117641
2020-06-10 10:48:53.240000,6048.36,6055,43747,6060,87738,6050,41015,6045,117641
2020-06-10 10:48:53.760000,6048.36,6055,54547,6060,87738,6050,36015,6045,117641
2020-06-10 10:48:54.460000,6048.36,6055,54547,6060,87738,6050,36015,6045,117641
2020-06-10 10:48:54.590000,6048.36,6055,43747,6060,87738,6050,46024,6045,117641
2020-06-10 10:48:55.520000,6048.36,6055,43647,6060,87738,6050,46024,6045,117641
2020-06-10 10:48:55.730000,6048.36,6055,44341,6060,87738,6050,41015,6045,117641
2020-06-10 10:48:55.990000,6048.36,6055,44341,6060,87738,6050,46021,6045,117641
2020-06-10 10:48:56.650000,6048.36,6055,44341,6060,87738,6050,46021,6045,117641
2020-06-10 10:48:57.760000,6049.16,6055,44341,6060,87738,6050,46021,6045,117641
2020-06-10 10:48:58.120000,6049.16,6055,44341,6060,87738,6050,46021,6045,117641
2020-06-10 10:48:58.380000,6049.16,6055,44341,6060,87738,6050,46031,6045,117641
2020-06-10 10:49:00.770000,6049.16,6055,50141,6060,87738,6050,46031,6045,117641
2020-06-10 10:49:03.880000,6049.16,6055,49891,6060,87738,6050,46031,6045,117641
2020-06-10 10:49:04.550000,6049.16,6055,54891,6060,87738,6050,41031,6045,117691
2020-06-10 10:49:05.900000,6049.16,6055,54891,6060,92738,6050,41031,6045,117691
2020-06-10 10:49:06.610000,6049.16,6055,54891,6060,92738,6050,37025,6045,117691
2020-06-10 10:49:06.800000,6049.16,6055,54891,6060,92738,6050,37025,6045,117691
2020-06-10 10:49:08.820000,6050.6,6055,54891,6060,92738,6050,37106,6045,117691
2020-06-10 10:49:09.100000,6050.6,6055,54891,6060,92738,6050,36112,6045,123691
2020-06-10 10:49:09.910000,6050.6,6055,54891,6060,92738,6050,36622,6045,123691
2020-06-10 10:49:10.970000,6050.6,6055,44091,6060,92738,6050,47622,6045,117691
2020-06-10 10:49:11.270000,6050.6,6055,43891,6060,92738,6050,47622,6045,117691
2020-06-10 10:49:11.890000,6050.6,6055,43891,6060,92738,6050,47672,6045,117641
2020-06-10 10:49:13.050000,6050.6,6055,43891,6060,92738,6050,47672,6045,117641
2020-06-10 10:49:14.580000,6050.6,6055,43991,6060,92638,6050,47672,6045,117641
2020-06-10 10:49:14.990000,6050.6,6055,43991,6060,92638,6050,47672,6045,117641
2020-06-10 10:49:15.600000,6050.6,6055,43991,6060,92638,6050,47672,6045,117652
2020-06-10 10:49:15.780000,6050.6,6055,54791,6060,92638,6050,42672,6045,117652
2020-06-10 10:49:17.920000,6051.41,6055,54791,6060,92638,6050,42672,6045,117652
2020-06-10 10:49:18.390000,6051.41,6055,54791,6060,92638,6050,42668,6045,117652
2020-06-10 10:49:19.300000,6051.41,6055,54791,6060,92638,6050,43268,6045,117652
2020-06-10 10:49:19.490000,6051.41,6055,49791,6060,92638,6050,48268,6045,117652
2020-06-10 10:49:21.530000,6051.41,6055,49791,6060,92638,6050,48268,6045,117652
2020-06-10 10:49:21.950000,6051.41,6055,54791,6060,92638,6050,43268,6045,117652
2020-06-10 10:49:22.310000,6051.41,6055,56291,6060,91138,6050,43268,6045,117652
2020-06-10 10:49:23.000000,6051.41,6055,56888,6060,91138,6050,43268,6045,117652
2020-06-10 10:49:23.120000,6051.41,6055,56888,6060,91138,6050,43268,6045,117652
2020-06-10 10:49:23.480000,6051.41,6055,56888,6060,91138,6050,43268,6045,117652
2020-06-10 10:49:24.080000,6051.41,6055,55388,6060,92638,6050,37268,6045,123652
2020-06-10 10:49:24.480000,6051.41,6055,55388,6060,92638,6050,38262,6045,117652
2020-06-10 10:49:26.830000,6051.41,6055,55389,6060,92639,6050,32262,6045,123652
2020-06-10 10:49:27.720000,6051.41,6055,55389,6060,92639,6050,32262,6045,123652
2020-06-10 10:49:27.780000,6051.41,6055,55389,6060,92639,6050,32462,6045,123652
2020-06-10 10:49:28.050000,6051.41,6055,66989,6060,91139,6050,38462,6045,117652
2020-06-10 10:49:28.810000,6051.41,6055,66989,6060,91139,6050,38462,6045,117652
2020-06-10 10:49:30.080000,6051.41,6055,64889,6060,91899,6050,38462,6045,117652
2020-06-10 10:49:31.010000,6051.41,6055,64889,6060,91899,6050,30393,6045,117652
2020-06-10 10:49:31.180000,6051.41,6055,80289,6060,91899,6050,24393,6045,123652
2020-06-10 10:49:31.930000,6051.41,6055,85289,6060,86899,6050,24393,6045,123652
2020-06-10 10:49:32.290000,6051.41,6055,85289,6060,86899,6050,24393,6045,123652
2020-06-10 10:49:32.980000,6051.41,6055,85289,6060,86899,6050,30293,6045,117652
2020-06-10 10:49:33.320000,6051.41,6055,72389,6060,86899,6050,30293,6045,117652
2020-06-10 10:49:34.110000,6051.41,6055,70889,6060,88399,6050,24293,6045,123652
2020-06-10 10:49:34.230000,6051.41,6055,70889,6060,88399,6050,23293,6045,124652
2020-06-10 10:49:34.420000,6051.41,6055,72389,6060,86899,6050,29293,6045,118652
2020-06-10 10:49:36.200000,6051.41,6055,70889,6060,88399,6050,23293,6045,124684
2020-06-10 10:49:36.290000,6051.41,6055,70890,6060,88400,6050,23293,6045,124684
2020-06-10 10:49:37.140000,6051.41,6055,70890,6060,88400,6050,23293,6045,124685
2020-06-10 10:49:37.600000,6051.41,6055,70890,6060,88400,6050,29293,6045,118685
2020-06-10 10:49:38.390000,6051.41,6055,70890,6060,88400,6050,23293,6045,124685
2020-06-10 10:49:38.710000,6051.41,6055,72390,6060,86900,6050,29293,6045,118685
2020-06-10 10:49:39.890000,6051.41,6055,72390,6060,86900,6050,29294,6045,118685
2020-06-10 10:49:40.990000,6051.41,6055,70890,6060,88400,6050,23294,6045,124685
2020-06-10 10:49:41.380000,6051.41,6055,72390,6060,86900,6050,29294,6045,118685
2020-06-10 10:49:41.740000,6051.41,6055,72390,6060,86900,6050,29294,6045,118685
2020-06-10 10:49:43.790000,6051.41,6055,70890,6060,88400,6050,23301,6045,124685
2020-06-10 10:49:43.990000,6051.41,6055,70850,6060,88400,6050,23301,6045,124685
2020-06-10 10:49:44.560000,6051.41,6055,72350,6060,86900,6050,29301,6045,118685
2020-06-10 10:49:44.710000,6051.41,6055,72350,6060,86900,6050,29351,6045,118685
2020-06-10 10:49:44.980000,6051.41,6055,70850,6060,88400,6050,23351,6045,124685
2020-06-10 10:49:45.730000,6051.41,6055,72350,6060,86900,6050,29351,6045,118685
2020-06-10 10:49:46.730000,6051.41,6055,72350,6060,86900,6050,29351,6045,118715
2020-06-10 10:49:46.910000,6051.41,6055,70850,6060,88400,6050,23351,6045,124715
2020-06-10 10:49:47.840000,6051.41,6055,70850,6060,88400,6050,23359,6045,124715
2020-06-10 10:49:49.910000,6051.41,6055,70850,6060,88400,6050,23359,6045,124715
2020-06-10 10:49:50.190000,6051.41,6055,70800,6060,88400,6050,23309,6045,124715
2020-06-10 10:49:50.930000,6051.41,6055,70800,6060,88400,6050,23309,6045,124715
2020-06-10 10:49:51.190000,6051.41,6055,70800,6060,88400,6050,22309,6045,124715
2020-06-10 10:49:52.070000,6051.41,6055,85300,6060,86900,6050,22309,6045,124715
2020-06-10 10:49:52.540000,6051.41,6055,85300,6060,86900,6050,22309,6045,124715
2020-06-10 10:49:53.680000,6051.41,6055,85300,6060,86900,6050,17309,6045,124715
2020-06-10 10:49:54.540000,6051.41,6055,85300,6060,86900,6050,17309,6045,124715
2020-06-10 10:49:54.630000,6051.41,6055,85300,6060,86900,6050,15909,6045,124715
2020-06-10 10:49:54.820000,6051.41,6055,85300,6060,86900,6050,15909,6045,124715
2020-06-10 10:49:55.680000,6051.41,6055,85300,6060,86900,6050,15959,6045,124715
2020-06-10 10:49:57.690000,6051.14,6055,85300,6060,86900,6050,15959,6045,124715
2020-06-10 10:49:58.390000,6051.14,6055,85300,6060,86900,6050,15959,6045,124765
2020-06-10 10:50:00.610000,6051.14,6055,85300,6060,86900,6050,16009,6045,124715
2020-06-10 10:50:01.410000,6051.14,6055,77300,6060,86900,6050,8009,6045,124715
2020-06-10 10:50:01.630000,6051.14,6055,82300,6060,86900,6045,124715,6040,91088
2020-06-10 10:50:02.020000,6051.14,6055,78800,6060,86900,6050,11924,6045,124715
2020-06-10 10:50:03.890000,6051.14,6055,78800,6060,86900,6050,11748,6045,124715
2020-06-10 10:50:05.800000,6051.14,6050,15780,6055,92317,6045,118915,6040,91088
2020-06-10 10:50:06.280000,6051.14,6050,13780,6055,92317,6045,118915,6040,91088
2020-06-10 10:50:06.750000,6051.14,6050,14780,6055,92317,6045,118915,6040,91088
2020-06-10 10:50:07.830000,6049.8,6050,15780,6055,91317,6045,118915,6040,91088
2020-06-10 10:50:07.920000,6050.34,6050,15780,6055,91317,6045,118915,6040,91088
2020-06-10 10:50:08.890000,6050.34,6050,15746,6055,91317,6045,118915,6040,91088
2020-06-10 10:50:08.990000,6050.34,6050,15736,6055,91317,6045,118915,6040,91088
2020-06-10 10:50:09.200000,6049.53,6050,17135,6055,91317,6045,118915,6040,91088
2020-06-10 10:50:10.190000,6049.53,6050,17135,6055,91317,6045,118915,6040,91088
2020-06-10 10:50:10.480000,6049.53,6050,17135,6055,91317,6045,118915,6040,91138
2020-06-10 10:50:14.690000,6049.53,6050,18535,6055,91317,6045,118915,6040,91138
2020-06-10 10:50:15.880000,6049.53,6050,18535,6055,91317,6045,118915,6040,91138
2020-06-10 10:50:16.680000,6049.53,6050,3046,6055,91317,6045,118915,6040,91138
2020-06-10 10:50:17.510000,6049.53,6050,3046,6055,91317,6045,118915,6040,91138
2020-06-10 10:50:17.620000,6049.53,6050,3046,6055,91317,6045,118915,6040,91138
2020-06-10 10:50:18.090000,6049.53,6055,77800,6060,86900,6050,20430,6045,124715
2020-06-10 10:50:18.410000,6049.53,6055,64800,6060,86900,6050,20430,6045,124715
2020-06-10 10:50:19.040000,6049.53,6055,77100,6060,86900,6050,20430,6045,124715
2020-06-10 10:50:19.130000,6049.53,6055,77100,6060,86900,6050,20471,6045,124715
2020-06-10 10:50:20.130000,6049.8,6055,77100,6060,86900,6050,20467,6045,124715
2020-06-10 10:50:21.690000,6049.8,6055,70000,6060,86900,6050,20467,6045,124715
2020-06-10 10:50:22.010000,6049.8,6055,70000,6060,86900,6050,20467,6045,124715
2020-06-10 10:50:22.820000,6049.8,6055,64800,6060,86900,6050,20471,6045,124715
2020-06-10 10:50:23.040000,6049.8,6055,64800,6060,86900,6050,20471,6045,124715
2020-06-10 10:50:24.190000,6049.8,6055,64800,6060,86900,6050,23471,6045,124715
2020-06-10 10:50:24.380000,6049.8,6055,64800,6060,86900,6050,23501,6045,124715
2020-06-10 10:50:24.960000,6049.8,6055,71100,6060,86900,6050,23501,6045,124715
2020-06-10 10:50:25.080000,6049.8,6055,71100,6060,86900,6050,23497,6045,124715
2020-06-10 10:50:25.380000,6049.8,6055,71100,6060,86900,6050,23497,6045,124715
2020-06-10 10:50:25.790000,6049.8,6055,64800,6060,86900,6050,23547,6045,124715
2020-06-10 10:50:26.540000,6049.8,6055,64800,6060,86900,6050,23551,6045,124715
2020-06-10 10:50:26.910000,6049.8,6055,64800,6060,86900,6050,23551,6045,124715
2020-06-10 10:50:27.490000,6049.8,6055,64750,6060,86900,6050,23501,6045,124715
2020-06-10 10:50:28.520000,6049.8,6055,64743,6060,86900,6050,23501,6045,124715
2020-06-10 10:50:28.900000,6049.8,6055,64743,6060,86900,6050,23601,6045,124715
2020-06-10 10:50:30.590000,6049.8,6055,64743,6060,86900,6050,23601,6045,124715
2020-06-10 10:50:31.030000,6049.8,6055,59743,6060,86900,6050,23601,6045,124715
2020-06-10 10:50:32.010000,6049.8,6055,60843,6060,86900,6050,26101,6045,124715
2020-06-10 10:50:32.420000,6049.8,6055,59743,6060,86900,6050,26101,6045,124715
2020-06-10 10:50:32.680000,6049.8,6055,59743,6060,86900,6050,26101,6045,124715
2020-06-10 10:50:33.860000,6049.8,6055,59743,6060,86900,6050,26101,6045,124715
2020-06-10 10:50:35.570000,6049.8,6055,59743,6060,86900,6050,26102,6045,124715
2020-06-10 10:50:36.760000,6049.8,6055,59743,6060,86900,6050,32102,6045,118715
2020-06-10 10:50:36.980000,6049.8,6055,59743,6060,86900,6050,33102,6045,117715
2020-06-10 10:50:37.830000,6049.8,6055,59743,6060,86900,6050,33102,6045,117715
2020-06-10 10:50:38.490000,6049.8,6055,59739,6060,86900,6050,33102,6045,117715
2020-06-10 10:50:39.490000,6049.8,6055,59739,6060,86900,6050,33102,6045,117715
2020-06-10 10:50:42.140000,6049.8,6055,59739,6060,86900,6050,38925,6045,117715
2020-06-10 10:50:42.300000,6049.8,6055,59738,6060,86900,6050,38925,6045,117715
2020-06-10 10:50:43.600000,6049.8,6055,59738,6060,86900,6050,38928,6045,117715
2020-06-10 10:50:44.720000,6049.8,6055,59738,6060,86900,6050,38929,6045,117715
2020-06-10 10:50:46.850000,6049.8,6055,59748,6060,86900,6050,38929,6045,117715
2020-06-10 10:50:47.860000,6049.8,6055,59798,6060,86900,6050,38929,6045,117715
2020-06-10 10:50:48.220000,6049.8,6055,59798,6060,86900,6050,27106,6045,123715
2020-06-10 10:50:48.940000,6049.8,6055,59798,6060,86900,6050,33106,6045,117715
2020-06-10 10:50:49.100000,6049.8,6055,68098,6060,86900,6050,27106,6045,123715
2020-06-10 10:50:49.410000,6049.8,6055,72498,6060,86900,6050,27106,6045,123715
2020-06-10 10:50:50.470000,6049.8,6055,72498,6060,86900,6050,27111,6045,123715
2020-06-10 10:50:51.580000,6050.87,6055,68098,6060,86900,6050,27111,6045,123715
2020-06-10 10:50:51.940000,6050.87,6055,69798,6060,86900,6050,27111,6045,123715
2020-06-10 10:50:53.000000,6050.87,6055,71998,6060,86900,6050,27111,6045,123716
2020-06-10 10:50:53.220000,6050.87,6055,69898,6060,86900,6050,27111,6045,123716
2020-06-10 10:50:54.050000,6050.87,6055,69898,6060,86900,6050,27121,6045,123726
2020-06-10 10:50:54.390000,6050.87,6055,72598,6060,86900,6050,27121,6045,123726
2020-06-10 10:50:55.190000,6050.87,6055,68198,6060,86900,6050,27121,6045,123726
2020-06-10 10:50:55.620000,6050.87,6055,68198,6060,86900,6050,27121,6045,123726
2020-06-10 10:50:57.110000,6050.87,6055,68198,6060,86900,6050,27121,6045,123726
2020-06-10 10:50:57.750000,6050.87,6055,69288,6060,86900,6050,27121,6045,123726
2020-06-10 10:50:58.000000,6050.87,6055,68188,6060,86900,6050,27121,6045,123726
2020-06-10 10:50:58.690000,6050.87,6055,59888,6060,98280,6050,27121,6045,123726
2020-06-10 10:50:59.420000,6050.87,6055,72588,6060,98280,6050,27121,6045,123726
2020-06-10 10:51:00.590000,6050.87,6055,66888,6060,98280,6050,27121,6045,123726
2020-06-10 10:51:00.890000,6050.87,6055,65888,6060,98280,6050,27107,6045,123726
2020-06-10 10:51:01.280000,6050.87,6055,61588,6060,98280,6050,27007,6045,123726
2020-06-10 10:51:02.030000,6050.87,6055,61588,6060,98280,6050,24607,6045,123726
2020-06-10 10:51:02.200000,6050.87,6055,65088,6060,98280,6050,23607,6045,124726
2020-06-10 10:51:03.080000,6050.87,6055,65088,6060,98280,6050,23607,6045,124726
2020-06-10 10:51:03.230000,6050.87,6055,71588,6060,98280,6050,23607,6045,124726
2020-06-10 10:51:04.010000,6050.87,6055,71588,6060,98280,6050,23407,6045,124726
2020-06-10 10:51:04.500000,6050.87,6055,65604,6060,98280,6050,23407,6045,124726
2020-06-10 10:51:05.010000,6050.87,6055,69004,6060,98280,6050,23407,6045,124726
2020-06-10 10:51:06.750000,6050.87,6055,60404,6060,98280,6050,23722,6045,124726
2020-06-10 10:51:06.980000,6050.87,6055,60404,6060,98280,6050,23722,6045,124726
2020-06-10 10:51:07.730000,6050.87,6055,65804,6060,98280,6050,23722,6045,124726
2020-06-10 10:51:08.750000,6050.87,6055,65804,6060,98280,6050,23722,6045,124726
2020-06-10 10:51:08.780000,6050.87,6055,65804,6060,98280,6050,23508,6045,124726
2020-06-10 10:51:09.840000,6050.87,6055,59904,6060,98280,6050,23508,6045,124726
2020-06-10 10:51:09.980000,6050.87,6055,59904,6060,98280,6050,23822,6045,124726
2020-06-10 10:51:10.900000,6050.87,6055,69804,6060,98280,6050,23822,6045,124726
2020-06-10 10:51:11.790000,6050.87,6055,69804,6060,98280,6050,23822,6045,124726
2020-06-10 10:51:13.480000,6050.87,6055,69804,6060,98280,6050,23822,6045,124726
2020-06-10 10:51:14.560000,6050.87,6055,65704,6060,98280,6050,23822,6045,124726
2020-06-10 10:51:14.620000,6050.87,6055,65704,6060,98280,6050,23822,6045,124726
2020-06-10 10:51:14.820000,6050.87,6055,65704,6060,98280,6050,23822,6045,124726
2020-06-10 10:51:15.630000,6050.87,6055,70748,6060,95536,6050,23822,6045,124726
2020-06-10 10:51:15.670000,6050.87,6055,74848,6060,95536,6050,19514,6045,124726
2020-06-10 10:51:16.490000,6050.87,6055,74848,6060,95536,6050,19514,6045,124726
2020-06-10 10:51:16.680000,6050.87,6055,74848,6060,95536,6050,19514,6045,124726
2020-06-10 10:51:18.300000,6050.87,6055,70748,6060,95536,6050,19514,6045,124726
2020-06-10 10:51:18.480000,6050.87,6055,70748,6060,95536,6050,19514,6045,124726
2020-06-10 10:51:19.620000,6050.87,6055,70748,6060,95536,6050,19514,6045,124726
2020-06-10 10:51:20.460000,6050.87,6055,92465,6060,95536,6050,3392,6045,124726
2020-06-10 10:51:20.690000,6050.87,6050,17038,6055,92465,6045,118926,6040,138120
2020-06-10 10:51:21.520000,6050.87,6050,12038,6055,92465,6045,118926,6040,138120
2020-06-10 10:51:21.850000,6050.87,6050,13438,6055,92465,6045,118926,6040,138120
2020-06-10 10:51:25.180000,6050.87,6050,14838,6055,92465,6045,118926,6040,138120
2020-06-10 10:51:26.880000,6050.87,6050,18139,6055,92465,6045,118926,6040,138120
2020-06-10 10:51:28.350000,6049.26,6050,18139,6055,92465,6045,118926,6040,138119
2020-06-10 10:51:30.440000,6048.99,6050,18139,6055,92465,6045,118926,6040,138069
2020-06-10 10:51:34.690000,6048.99,6050,18139,6055,92465,6045,118926,6040,138069
2020-06-10 10:51:35.670000,6048.99,6050,17313,6055,92465,6045,118786,6040,138069
2020-06-10 10:51:36.740000,6048.99,6050,17313,6055,92465,6045,118786,6040,138069
2020-06-10 10:51:37.810000,6048.99,6050,17363,6055,92415,6045,118786,6040,138069
2020-06-10 10:51:37.880000,6048.99,6050,17363,6055,92415,6045,118786,6040,138069
2020-06-10 10:51:38.220000,6048.99,6050,24263,6055,92415,6045,118786,6040,138069
2020-06-10 10:51:38.850000,6048.99,6050,19363,6055,92415,6045,118786,6040,138069
2020-06-10 10:51:38.910000,6048.99,6050,19363,6055,92415,6045,118786,6040,138069
2020-06-10 10:51:39.280000,6048.99,6050,24363,6055,92415,6045,115786,6040,138069
2020-06-10 10:51:39.910000,6048.99,6050,24363,6055,92415,6045,109786,6040,144069
2020-06-10 10:51:40.940000,6048.99,6050,24363,6055,92415,6045,109786,6040,144069
2020-06-10 10:51:42.640000,6048.99,6050,50497,6055,92415,6045,100987,6040,144069
2020-06-10 10:51:42.970000,6048.99,6050,55497,6055,92415,6045,95987,6040,144069
2020-06-10 10:51:44.620000,6048.99,6050,56997,6055,90915,6045,95987,6040,144069
2020-06-10 10:51:44.780000,6048.99,6050,49697,6055,92415,6045,101987,6040,138069
2020-06-10 10:51:45.120000,6048.99,6050,49697,6055,92415,6045,101987,6040,138069
2020-06-10 10:51:45.720000,6048.99,6050,41263,6055,92415,6045,101987,6040,138069
2020-06-10 10:51:46.890000,6048.99,6050,50062,6055,92415,6045,101387,6040,138069
2020-06-10 10:51:47.010000,6048.99,6050,52962,6055,90915,6045,95387,6040,144069
2020-06-10 10:51:47.280000,6048.99,6050,58762,6055,90915,6045,101387,6040,138069
2020-06-10 10:51:47.840000,6045.71,6050,58762,6055,90915,6045,95387,6040,144069
2020-06-10 10:51:49.250000,6045.98,6050,58762,6055,90915,6045,95387,6040,152138
2020-06-10 10:51:49.980000,6045.98,6050,58762,6055,90915,6045,90253,6040,152138
2020-06-10 10:51:51.980000,6045.98,6050,58762,6055,90915,6045,90253,6040,152138
2020-06-10 10:51:52.110000,6045.98,6050,58762,6055,90915,6045,90270,6040,152138
2020-06-10 10:51:52.790000,6045.98,6050,58762,6055,90915,6045,90270,6040,152138
2020-06-10 10:51:53.420000,6045.98,6050,59762,6055,90915,6045,96270,6040,146138
2020-06-10 10:51:54.170000,6045.98,6050,59762,6055,90915,6045,95270,6040,147138
2020-06-10 10:51:54.510000,6045.98,6050,59762,6055,90915,6045,89270,6040,153138
2020-06-10 10:51:57.840000,6045.98,6050,59762,6055,90915,6045,89270,6040,153138
2020-06-10 10:51:58.030000,6045.98,6050,59712,6055,90915,6045,89220,6040,153138
2020-06-10 10:51:58.920000,6045.98,6050,58212,6055,92415,6045,89220,6040,153138
2020-06-10 10:51:59.930000,6045.98,6050,58212,6055,92415,6045,89220,6040,153138
2020-06-10 10:52:01.070000,6045.98,6050,58212,6055,92415,6045,89276,6040,153138
2020-06-10 10:52:02.210000,6045.98,6050,58212,6055,92415,6045,88926,6040,153138
2020-06-10 10:52:04.090000,6045.98,6050,58212,6055,92415,6045,88926,6040,153139
2020-06-10 10:52:04.910000,6045.98,6050,62312,6055,92915,6045,88926,6040,153139
2020-06-10 10:52:05.660000,6045.98,6050,62212,6055,91415,6045,88926,6040,153139
2020-06-10 10:52:05.820000,6045.98,6050,64012,6055,91415,6045,88926,6040,153139
2020-06-10 10:52:06.310000,6045.98,6050,60712,6055,92915,6045,83926,6040,153139
2020-06-10 10:52:07.290000,6045.98,6050,62212,6055,91415,6045,89926,6040,147139
2020-06-10 10:52:08.300000,6045.98,6050,60712,6055,92915,6045,90167,6040,147139
2020-06-10 10:52:08.690000,6045.18,6050,60712,6055,92915,6045,84167,6040,153139
2020-06-10 10:52:09.850000,6045.44,6050,60712,6055,92915,6045,84167,6040,152758
2020-06-10 10:52:10.040000,6045.44,6050,60712,6055,92915,6045,88167,6040,153758
2020-06-10 10:52:10.510000,6045.44,6050,60712,6055,92915,6045,88167,6040,153737
2020-06-10 10:52:11.550000,6045.44,6050,60712,6055,92915,6045,87116,6040,153737
2020-06-10 10:52:12.480000,6045.44,6050,60712,6055,92915,6045,87116,6040,153737
2020-06-10 10:52:14.680000,6045.44,6050,60712,6055,92915,6045,87116,6040,153737
2020-06-10 10:52:15.050000,6045.44,6050,43012,6055,92915,6045,93116,6040,147737
2020-06-10 10:52:16.160000,6045.44,6050,39711,6055,92915,6045,93116,6040,147737
2020-06-10 10:52:16.400000,6045.44,6050,45511,6055,92915,6045,87126,6040,153737
2020-06-10 10:52:17.240000,6045.44,6050,39711,6055,92915,6045,93126,6040,147737
2020-06-10 10:52:18.750000,6043.97,6050,39711,6055,92915,6045,93126,6040,147737
2020-06-10 10:52:19.140000,6043.97,6050,39711,6055,92915,6045,92126,6040,147787
2020-06-10 10:52:19.800000,6043.97,6050,39712,6055,92916,6045,92026,6040,147787
2020-06-10 10:52:20.020000,6043.97,6050,40212,6055,92416,6045,92026,6040,147787
2020-06-10 10:52:21.280000,6043.97,6050,35212,6055,92416,6045,97026,6040,147787
2020-06-10 10:52:21.960000,6043.97,6050,23913,6055,92416,6045,109944,6040,147787
2020-06-10 10:52:22.160000,6043.97,6050,18913,6055,92416,6045,109944,6040,147787
2020-06-10 10:52:22.550000,6043.97,6050,23913,6055,92416,6045,98951,6040,153787
2020-06-10 10:52:22.880000,6043.97,6050,30713,6055,92416,6045,104951,6040,147787
2020-06-10 10:52:23.570000,6043.97,6050,24913,6055,92416,6045,104951,6040,147787
2020-06-10 10:52:23.690000,6043.97,6050,25827,6055,92416,6045,104951,6040,147787
2020-06-10 10:52:24.080000,6043.97,6050,25826,6055,92416,6045,104951,6040,147787
2020-06-10 10:52:24.580000,6043.97,6050,20826,6055,92416,6045,104917,6040,147787
2020-06-10 10:52:25.050000,6043.97,6050,25826,6055,92416,6045,99918,6040,147787
2020-06-10 10:52:25.380000,6043.97,6050,20826,6055,92416,6045,109949,6040,147787
2020-06-10 10:52:27.440000,6045.04,6050,31137,6055,92416,6045,109949,6040,147787
2020-06-10 10:52:28.280000,6044.5,6050,31137,6055,92416,6045,109949,6040,147788
2020-06-10 10:52:32.000000,6045.04,6050,31137,6055,92416,6045,109949,6040,147788
2020-06-10 10:52:36.730000,6045.04,6050,31137,6055,92416,6045,109949,6040,147788
2020-06-10 10:52:36.890000,6045.04,6050,35637,6055,92416,6045,109949,6040,147788
2020-06-10 10:52:37.190000,6045.04,6050,31137,6055,92416,6045,109949,6040,147788
2020-06-10 10:52:38.470000,6046.54,6050,36137,6055,92416,6045,104949,6040,147788
2020-06-10 10:52:38.810000,6046.54,6050,31137,6055,92416,6045,109949,6040,147788
2020-06-10 10:52:41.180000,6046.27,6050,31137,6055,92997,6045,109949,6040,147788
2020-06-10 10:52:41.930000,6046.27,6050,31137,6055,92997,6045,104918,6040,147788
2020-06-10 10:52:42.000000,6046.27,6050,31087,6055,92997,6045,104918,6040,147788
2020-06-10 10:52:43.010000,6046.27,6050,36087,6055,92997,6045,93918,6040,153788
2020-06-10 10:52:43.070000,6046.27,6050,36087,6055,92997,6045,93918,6040,153788
2020-06-10 10:52:43.170000,6046.27,6050,36087,6055,92997,6045,99918,6040,147788
2020-06-10 10:52:43.230000,6046.27,6050,36111,6055,92997,6045,99918,6040,147788
2020-06-10 10:52:44.030000,6046.27,6050,50611,6055,92997,6045,99918,6040,147788
2020-06-10 10:52:44.120000,6046.27,6050,36111,6055,92997,6045,99918,6040,147788
2020-06-10 10:52:45.070000,6046.27,6050,36111,6055,92997,6045,99888,6040,147788
2020-06-10 10:52:45.310000,6046.27,6050,36111,6055,92997,6045,99888,6040,147788
2020-06-10 10:52:46.150000,6046.27,6050,36111,6055,92997,6045,99888,6040,147788
2020-06-10 10:52:46.250000,6046.27,6050,38411,6055,92997,6045,99888,6040,147788
2020-06-10 10:52:46.480000,6046.27,6050,36211,6055,92997,6045,99888,6040,147788
2020-06-10 10:52:47.140000,6046.27,6050,47011,6055,92997,6045,93888,6040,153788
2020-06-10 10:52:47.230000,6046.27,6050,47011,6055,92997,6045,99888,6040,147788
2020-06-10 10:52:47.620000,6046.0,6050,46511,6055,92997,6045,93888,6040,153788
2020-06-10 10:52:48.180000,6046.27,6050,46511,6055,92997,6045,93788,6040,153788
2020-06-10 10:52:48.900000,6046.27,6050,46511,6055,92997,6045,85904,6040,153788
2020-06-10 10:52:49.920000,6045.73,6050,40711,6055,92997,6045,91904,6040,147788
2020-06-10 10:52:50.870000,6045.73,6050,51004,6055,92997,6045,91904,6040,147788
2020-06-10 10:52:52.090000,6045.73,6050,56805,6055,92998,6045,85904,6040,153788
2020-06-10 10:52:52.990000,6045.73,6050,56805,6055,92998,6045,85909,6040,153788
2020-06-10 10:52:54.490000,6045.73,6050,56805,6055,92998,6045,85864,6040,153788
2020-06-10 10:52:54.590000,6045.73,6050,51005,6055,92998,6045,91864,6040,147788
2020-06-10 10:52:54.680000,6045.73,6050,51005,6055,92998,6045,91864,6040,146788
2020-06-10 10:52:56.700000,6045.73,6050,41005,6055,92998,6045,107333,6040,146788
2020-06-10 10:52:57.480000,6045.73,6050,41005,6055,92998,6045,107343,6040,146788
2020-06-10 10:52:58.230000,6045.73,6050,41005,6055,92998,6045,107343,6040,146788
2020-06-10 10:52:58.350000,6045.73,6050,44306,6055,92998,6045,107343,6040,146788
2020-06-10 10:52:59.180000,6046.54,6050,44306,6055,92998,6045,107343,6040,146790
2020-06-10 10:53:03.290000,6046.54,6050,45306,6055,92998,6045,107343,6040,146790
2020-06-10 10:53:04.290000,6046.54,6050,44204,6055,92998,6045,107343,6040,146790
2020-06-10 10:53:05.080000,6046.54,6050,40903,6055,96299,6045,107343,6040,146790
2020-06-10 10:53:06.180000,6046.54,6050,40903,6055,96299,6045,107348,6040,146790
2020-06-10 10:53:06.380000,6046.54,6050,40903,6055,96299,6045,107102,6040,146790
2020-06-10 10:53:11.490000,6046.54,6050,40903,6055,96299,6045,107102,6040,146790
2020-06-10 10:53:12.500000,6046.54,6050,40903,6055,96299,6045,107105,6040,146790
2020-06-10 10:53:16.750000,6046.54,6050,40903,6055,96299,6045,107105,6040,146791
2020-06-10 10:53:16.990000,6046.54,6050,40903,6055,96299,6045,107105,6040,146791
2020-06-10 10:53:17.690000,6046.27,6050,40903,6055,96299,6045,107105,6040,145791
2020-06-10 10:53:18.750000,6046.27,6050,49903,6055,96299,6045,102105,6040,145791
2020-06-10 10:53:19.840000,6046.27,6050,49903,6055,96299,6045,102105,6040,145791
2020-06-10 10:53:19.970000,6046.27,6050,49903,6055,96299,6045,102100,6040,145791
2020-06-10 10:53:21.220000,6046.0,6050,49903,6055,96299,6045,102090,6040,145791
2020-06-10 10:53:21.920000,6046.0,6050,44903,6055,96299,6045,107090,6040,145791
2020-06-10 10:53:23.080000,6046.0,6050,44903,6055,96299,6045,107091,6040,145791
2020-06-10 10:53:24.030000,6046.0,6050,46562,6055,96299,6045,107091,6040,145791
2020-06-10 10:53:24.340000,6046.0,6050,46562,6055,96299,6045,107091,6040,145791
2020-06-10 10:53:26.090000,6046.0,6050,46562,6055,96299,6045,107091,6040,145791
2020-06-10 10:53:26.190000,6046.0,6050,46662,6055,96299,6045,107091,6040,145791
2020-06-10 10:53:26.670000,6046.0,6050,57443,6055,96299,6045,97057,6040,145791
2020-06-10 10:53:27.040000,6046.0,6050,60386,6055,96299,6045,91622,6040,145791
2020-06-10 10:53:27.750000,6046.0,6050,60386,6055,96299,6045,86622,6040,150791
2020-06-10 10:53:28.040000,6046.0,6050,60386,6055,96299,6045,86622,6040,150791
2020-06-10 10:53:28.830000,6046.0,6050,66186,6055,96299,6045,86622,6040,150791
2020-06-10 10:53:28.980000,6046.0,6050,60386,6055,96299,6045,86622,6040,150791
2020-06-10 10:53:29.620000,6046.0,6050,60386,6055,96299,6045,86642,6040,150791
2020-06-10 10:53:30.450000,6046.0,6050,55343,6055,96299,6045,91174,6040,150791
2020-06-10 10:53:30.920000,6046.0,6050,55343,6055,96299,6045,91164,6040,150791
2020-06-10 10:53:31.480000,6046.0,6050,55343,6055,96299,6045,91164,6040,151391
2020-06-10 10:53:32.620000,6046.0,6050,55343,6055,96299,6045,91364,6040,151391
2020-06-10 10:53:32.890000,6046.0,6050,58644,6055,92998,6045,91364,6040,151391
2020-06-10 10:53:34.010000,6046.0,6050,58644,6055,92998,6045,91367,6040,151411
2020-06-10 10:53:34.570000,6046.0,6050,58644,6055,90254,6045,91367,6040,151411
2020-06-10 10:53:36.620000,6046.0,6050,58644,6055,90254,6045,91367,6040,151411
2020-06-10 10:53:36.840000,6046.0,6050,93064,6055,90254,6045,46265,6040,157411
2020-06-10 10:53:37.810000,6046.0,6050,93064,6055,90254,6045,46275,6040,157411
2020-06-10 10:53:37.930000,6046.0,6050,93064,6055,90254,6045,36275,6040,157411
2020-06-10 10:53:38.920000,6045.73,6050,93064,6055,90254,6045,16275,6040,157416
2020-06-10 10:53:39.840000,6045.73,6050,93064,6055,90254,6045,13275,6040,157416
2020-06-10 10:53:40.850000,6045.73,6050,93064,6055,90254,6045,11587,6040,157416
2020-06-10 10:53:40.980000,6045.73,6050,93064,6055,90254,6045,4633,6040,157416
2020-06-10 10:53:41.270000,6045.73,6050,94564,6055,88754,6045,4633,6040,157616
2020-06-10 10:53:41.710000,6045.73,6050,93064,6055,90254,6045,20430,6040,157616
2020-06-10 10:53:42.850000,6045.73,6050,93064,6055,90254,6045,20430,6040,157616
2020-06-10 10:53:44.960000,6045.73,6050,93064,6055,90254,6045,20430,6040,157616
2020-06-10 10:53:45.520000,6045.73,6050,93064,6055,90254,6045,20430,6040,157616
2020-06-10 10:53:46.660000,6045.73,6050,106581,6055,90254,6045,20430,6040,157616
2020-06-10 10:53:46.820000,6045.73,6050,93064,6055,90254,6045,20430,6040,157616
2020-06-10 10:53:47.710000,6045.46,6050,93064,6055,90254,6045,20430,6040,157616
2020-06-10 10:53:47.940000,6045.19,6050,92564,6055,90254,6045,20430,6040,157616
2020-06-10 10:53:49.520000,6045.19,6050,92564,6055,90254,6045,20510,6040,158616
2020-06-10 10:53:50.510000,6045.19,6050,92564,6055,90254,6045,20510,6040,165381
2020-06-10 10:53:52.360000,6045.19,6050,92589,6055,90254,6045,20510,6040,165381
2020-06-10 10:53:53.440000,6045.19,6050,92589,6055,90254,6045,20510,6040,165381
2020-06-10 10:53:53.680000,6045.19,6050,107606,6055,88754,6045,19270,6040,165381
2020-06-10 10:53:54.570000,6045.19,6050,100805,6055,93555,6045,13354,6040,165381
2020-06-10 10:53:54.800000,6045.19,6050,100805,6055,93555,6045,11948,6040,165381
2020-06-10 10:53:55.410000,6045.19,6050,100805,6055,93555,6045,11688,6040,165381
2020-06-10 10:53:56.570000,6045.19,6050,100805,6055,93555,6045,11188,6040,165381
2020-06-10 10:53:56.720000,6045.19,6050,100805,6055,93555,6045,15938,6040,165461
2020-06-10 10:53:56.930000,6045.19,6050,100805,6055,93555,6045,11128,6040,165461
2020-06-10 10:53:57.630000,6045.19,6050,102305,6055,92055,6045,11130,6040,165461
2020-06-10 10:53:57.740000,6045.46,6050,102305,6055,92055,6045,11030,6040,165461
2020-06-10 10:53:58.140000,6045.46,6050,102305,6055,92055,6045,11030,6040,165464
2020-06-10 10:53:59.250000,6045.46,6050,102305,6055,92055,6045,11030,6040,165464
2020-06-10 10:53:59.460000,6045.46,6050,102305,6055,92055,6045,15840,6040,165464
2020-06-10 10:53:59.990000,6045.46,6050,102805,6055,90405,6045,15840,6040,165464
2020-06-10 10:54:00.910000,6045.46,6050,102805,6055,90405,6045,9840,6040,165464
2020-06-10 10:54:03.050000,6045.46,6050,102805,6055,90405,6045,9840,6040,165464
2020-06-10 10:54:03.250000,6045.46,6050,102805,6055,90405,6045,822,6040,165464
2020-06-10 10:54:03.580000,6045.46,6050,108287,6055,90405,6045,50,6040,165464
2020-06-10 10:54:04.560000,6045.46,6050,108287,6055,90405,6045,50,6040,165464
2020-06-10 10:54:04.720000,6045.46,6045,5278,6050,108287,6040,156064,6035,127544
2020-06-10 10:54:04.910000,6045.46,6045,5280,6050,108289,6040,156064,6035,127544
2020-06-10 10:54:05.780000,6045.46,6045,5413,6050,108289,6040,156064,6035,127544
2020-06-10 10:54:05.990000,6045.46,6045,5413,6050,108289,6040,156064,6035,127544
2020-06-10 10:54:07.220000,6044.93,6045,5413,6050,108289,6040,156064,6035,127544
2020-06-10 10:54:07.800000,6043.68,6045,24913,6050,108289,6040,144264,6035,133544
2020-06-10 10:54:08.270000,6043.68,6045,10413,6050,108289,6040,156064,6035,127544
2020-06-10 10:54:08.720000,6043.68,6045,10613,6050,108289,6040,156064,6035,127544
2020-06-10 10:54:09.080000,6043.14,6045,10613,6050,108289,6040,156064,6035,127544
2020-06-10 10:54:09.830000,6043.14,6045,12263,6050,108289,6040,156064,6035,127544
2020-06-10 10:54:10.020000,6043.14,6045,12263,6050,108289,6040,149964,6035,127544
2020-06-10 10:54:10.450000,6043.14,6045,12265,6050,108289,6040,149964,6035,127546
2020-06-10 10:54:10.920000,6043.14,6045,12265,6050,108289,6040,149964,6035,127546
2020-06-10 10:54:11.280000,6043.14,6045,12267,6050,108291,6040,149964,6035,127746
2020-06-10 10:54:12.190000,6043.14,6045,16767,6050,108291,6040,149964,6035,127746
2020-06-10 10:54:12.500000,6043.14,6045,16767,6050,108291,6040,149964,6035,127746
2020-06-10 10:54:12.890000,6043.14,6045,14267,6050,108291,6040,155764,6035,127746
2020-06-10 10:54:13.700000,6043.14,6045,15067,6050,108291,6040,155764,6035,127746
2020-06-10 10:54:13.830000,6043.14,6045,15067,6050,108291,6040,155764,6035,127746
2020-06-10 10:54:14.140000,6043.14,6045,15067,6050,108291,6040,149964,6035,127746
2020-06-10 10:54:14.780000,6043.14,6045,15067,6050,108291,6040,149964,6035,127746
2020-06-10 10:54:16.720000,6043.14,6045,15067,6050,108291,6040,149971,6035,127746
2020-06-10 10:54:17.010000,6043.14,6045,15067,6050,108291,6040,155771,6035,127746
2020-06-10 10:54:18.470000,6043.14,6045,15067,6050,108291,6040,155771,6035,127746
2020-06-10 10:54:18.840000,6043.14,6045,15067,6050,108291,6040,110779,6035,127746
2020-06-10 10:54:19.980000,6043.14,6045,29087,6050,108291,6040,110669,6035,127746
2020-06-10 10:54:20.930000,6043.14,6045,31587,6050,108291,6040,104869,6035,127746
2020-06-10 10:54:21.120000,6043.14,6045,46948,6050,108291,6040,104869,6035,127746
2020-06-10 10:54:21.320000,6043.14,6045,46948,6050,108291,6040,104869,6035,127746
2020-06-10 10:54:21.610000,6043.14,6045,46948,6050,108291,6040,104879,6035,127746
2020-06-10 10:54:22.560000,6043.14,6045,46948,6050,108291,6040,102929,6035,127746
2020-06-10 10:54:24.620000,6043.14,6045,46948,6050,108291,6040,103129,6035,127746
2020-06-10 10:54:25.840000,6043.14,6045,46948,6050,108291,6040,103112,6035,127746
2020-06-10 10:54:26.780000,6043.14,6045,55747,6050,108291,6040,95043,6035,127746
2020-06-10 10:54:27.200000,6042.87,6045,40386,6050,108291,6040,100843,6035,127746
2020-06-10 10:54:27.460000,6042.87,6045,55737,6050,108291,6040,100839,6035,127746
2020-06-10 10:54:29.850000,6043.41,6045,40376,6050,108291,6040,100839,6035,127746
2020-06-10 10:54:29.980000,6043.41,6045,55737,6050,108291,6040,100839,6035,127746
2020-06-10 10:54:30.870000,6043.41,6045,56737,6050,108291,6040,100839,6035,127746
2020-06-10 10:54:30.990000,6043.41,6045,56737,6050,106291,6040,100839,6035,127746
2020-06-10 10:54:31.120000,6043.41,6045,56737,6050,106291,6040,99339,6035,127746
2020-06-10 10:54:31.950000,6043.41,6045,41376,6050,106291,6040,99339,6035,127746
