time,nav,sell1,sell1_cnt,sell2,sell2_cnt,buy1,buy1_cnt,buy2,buy2_cnt
2020-06-08 09:24:26.280000,0.0,6050,57685,6055,63937,6045,48548,6040,61009
2020-06-08 09:24:26.870000,0.0,6050,57685,6055,63937,6045,48548,6040,61009
2020-06-08 09:24:27.400000,6053.02,6050,57685,6055,63937,6045,48548,6040,56009
2020-06-08 09:24:28.160000,6053.02,6050,57685,6055,63937,6045,48548,6040,61009
2020-06-08 09:24:28.920000,6052.5,6050,51684,6055,69937,6045,48548,6040,61009
2020-06-08 09:24:29.700000,6052.5,6050,51685,6055,69937,6045,48548,6040,61009
2020-06-08 09:24:30.410000,6053.54,6050,64785,6055,61937,6045,29078,6040,61009
2020-06-08 09:24:31.110000,6053.54,6050,64785,6055,61937,6045,26978,6040,61009
2020-06-08 09:24:31.840000,6053.54,6050,57785,6055,63937,6045,27078,6040,61019
2020-06-08 09:24:33.730000,6053.54,6050,64785,6055,61937,6045,27078,6040,56019
2020-06-08 09:24:34.080000,6053.54,6050,64785,6055,61937,6045,27128,6040,56019
2020-06-08 09:24:34.300000,6053.54,6050,64785,6055,61937,6045,27528,6040,56019
2020-06-08 09:24:35.220000,6053.54,6045,30011,6050,64787,6040,43171,6035,52889
2020-06-08 09:24:36.270000,6053.54,6045,32410,6050,64787,6040,35691,6035,52889
2020-06-08 09:24:37.290000,6053.54,6045,31249,6050,74342,6040,29315,6035,52989
2020-06-08 09:24:38.340000,6051.97,6045,25448,6050,64787,6040,73899,6035,52989
2020-06-08 09:24:39.390000,6049.88,6045,2,6050,64787,6040,87918,6035,56787
2020-06-08 09:24:40.430000,6049.88,6045,19469,6050,60287,6040,92920,6035,56787
2020-06-08 09:24:40.950000,6052.5,6045,16081,6050,67287,6040,72565,6035,52989
2020-06-08 09:24:41.950000,6052.5,6045,16048,6050,67287,6040,83155,6035,53009
2020-06-08 09:24:42.950000,6052.5,6045,18032,6050,67287,6040,83546,6035,53009
2020-06-08 09:24:43.580000,6052.5,6050,76987,6055,61937,6045,40259,6040,109301
2020-06-08 09:24:44.570000,6052.5,6050,60287,6055,63937,6045,33597,6040,114302
2020-06-08 09:24:45.540000,6052.5,6050,60287,6055,63937,6045,39797,6040,114302
2020-06-08 09:24:45.810000,6052.5,6050,60287,6055,63937,6045,39799,6040,114302
2020-06-08 09:24:46.700000,6052.5,6050,60285,6055,63937,6045,39799,6040,113802
2020-06-08 09:24:47.750000,6052.5,6050,56054,6055,63937,6045,40499,6040,114002
2020-06-08 09:24:48.190000,6052.5,6050,56054,6055,63937,6045,40122,6040,114002
2020-06-08 09:24:49.300000,6053.02,6050,52149,6055,65835,6045,40126,6040,114082
2020-06-08 09:24:49.680000,6052.5,6050,52149,6055,65835,6045,40172,6040,115082
2020-06-08 09:24:50.410000,6052.5,6050,52149,6055,65835,6045,40174,6040,115082
2020-06-08 09:24:51.420000,6052.5,6050,52249,6055,65835,6045,46881,6040,115082
2020-06-08 09:24:52.440000,6052.5,6050,52271,6055,65835,6045,46881,6040,115082
2020-06-08 09:24:52.920000,6052.5,6050,67409,6055,60037,6045,25011,6040,114582
2020-06-08 09:24:54.050000,6052.5,6050,63609,6055,60037,6045,25016,6040,114582
2020-06-08 09:24:54.540000,6052.5,6050,73509,6055,60037,6045,25005,6040,114582
2020-06-08 09:24:55.510000,6052.5,6050,63659,6055,60037,6045,25005,6040,114883
2020-06-08 09:24:56.110000,6052.5,6050,52321,6055,66335,6045,49840,6040,114883
2020-06-08 09:24:57.150000,6052.5,6050,46321,6055,72335,6045,49860,6040,114883
2020-06-08 09:24:58.200000,6052.5,6050,46321,6055,72335,6045,49861,6040,114893
2020-06-08 09:24:58.490000,6053.02,6050,46321,6055,72335,6045,50026,6040,114893
2020-06-08 09:24:59.330000,6053.54,6050,46321,6055,72435,6045,50071,6040,114893
2020-06-08 09:25:00.300000,6053.54,6050,46321,6055,72435,6045,49071,6040,114893
2020-06-08 09:25:00.850000,6053.54,6050,46421,6055,72435,6045,49076,6040,114893
2020-06-08 09:25:01.920000,6053.54,6050,42921,6055,72435,6045,49077,6040,114893
2020-06-08 09:25:02.970000,6053.54,6050,42921,6055,62880,6045,54181,6040,115058
2020-06-08 09:25:03.450000,6053.54,6050,45920,6055,62880,6045,49191,6040,115058
2020-06-08 09:25:04.520000,6053.54,6050,45920,6055,72435,6045,50515,6040,115058
2020-06-08 09:25:05.020000,6053.54,6050,75759,6055,60637,6045,32357,6040,115058
2020-06-08 09:25:06.090000,6053.54,6045,19470,6050,72359,6040,89646,6035,55714
2020-06-08 09:25:07.060000,6053.54,6045,25394,6050,72359,6040,79246,6035,52714
2020-06-08 09:25:07.480000,6054.59,6045,24682,6050,72359,6040,84303,6035,52714
2020-06-08 09:25:08.710000,6055.11,6050,72359,6055,60637,6040,99659,6035,52714
2020-06-08 09:25:09.090000,6051.45,6050,78359,6055,60637,6045,18170,6040,99660
2020-06-08 09:25:10.280000,6051.45,6050,72359,6055,60637,6045,17670,6040,99660
2020-06-08 09:25:10.640000,6051.45,6050,78259,6055,60637,6040,99660,6035,47941
2020-06-08 09:25:11.870000,6051.45,6045,2490,6050,79459,6040,99662,6035,51739
2020-06-08 09:25:12.920000,6051.45,6045,18947,6050,79459,6040,99272,6035,51739
2020-06-08 09:25:14.530000,6051.45,6050,69459,6055,63252,6045,18715,6040,104272
2020-06-08 09:25:14.910000,6051.45,6050,66559,6055,63252,6045,18715,6040,104275
2020-06-08 09:25:15.630000,6051.45,6050,66559,6055,63252,6045,18715,6040,104277
2020-06-08 09:25:16.560000,6051.45,6050,66559,6055,63252,6045,18727,6040,104277
2020-06-08 09:25:17.650000,6051.45,6050,61119,6055,63252,6045,20182,6040,104277
2020-06-08 09:25:18.680000,6052.5,6050,61119,6055,63252,6045,20182,6040,104277
2020-06-08 09:25:19.240000,6052.5,6050,78839,6055,61252,6045,20182,6040,104777
2020-06-08 09:25:20.220000,6053.02,6050,68139,6055,61252,6045,2417,6040,99777
2020-06-08 09:25:20.610000,6053.02,6050,78739,6055,61252,6045,2427,6040,99782
2020-06-08 09:25:21.810000,6053.02,6050,78739,6055,61852,6045,3808,6040,99782
2020-06-08 09:25:22.220000,6053.02,6050,77649,6055,61852,6045,4028,6040,99782
2020-06-08 09:25:23.340000,6053.02,6050,68149,6055,61852,6045,4028,6040,99782
2020-06-08 09:25:23.580000,6053.02,6045,15524,6050,78549,6040,99782,6035,47596
2020-06-08 09:25:24.390000,6053.02,6050,78549,6055,61852,6040,99782,6035,51394
2020-06-08 09:25:25.400000,6053.02,6050,76615,6055,61852,6040,99782,6035,47096
2020-06-08 09:25:25.750000,6053.02,6050,70215,6055,61852,6045,8100,6040,99782
2020-06-08 09:25:26.540000,6053.02,6045,24470,6050,85497,6040,99782,6035,47596
2020-06-08 09:25:27.570000,6053.02,6045,24469,6050,85497,6040,99782,6035,47596
2020-06-08 09:25:28.640000,6050.4,6045,19470,6050,85497,6040,84427,6035,47734
2020-06-08 09:25:29.010000,6050.4,6045,19470,6050,85497,6040,84427,6035,47734
2020-06-08 09:25:30.160000,6050.4,6050,85497,6055,61852,6040,99783,6035,47734
2020-06-08 09:25:30.530000,6050.4,6045,24470,6050,85497,6040,84418,6035,47734
2020-06-08 09:25:31.340000,6050.4,6050,85497,6055,61852,6045,17670,6040,104773
2020-06-08 09:25:32.300000,6050.4,6050,68097,6055,63852,6045,17671,6040,105273
2020-06-08 09:25:33.450000,6050.4,6050,68097,6055,63852,6045,18606,6040,105273
2020-06-08 09:25:34.430000,6050.4,6050,75097,6055,61852,6045,18716,6040,100283
2020-06-08 09:25:34.710000,6050.4,6050,68097,6055,63852,6045,19236,6040,100283
2020-06-08 09:25:35.500000,6050.4,6050,75097,6055,61852,6045,19236,6040,100283
2020-06-08 09:25:36.410000,6050.4,6050,75097,6055,62975,6045,19248,6040,100383
2020-06-08 09:25:36.870000,6050.4,6050,83853,6055,62975,6040,102027,6035,48929
2020-06-08 09:25:37.580000,6051.97,6050,83853,6055,62975,6045,17705,6040,107027
2020-06-08 09:25:38.600000,6051.45,6050,73453,6055,62975,6045,17705,6040,102027
2020-06-08 09:25:39.050000,6051.45,6050,73453,6055,62975,6045,17705,6040,102192
2020-06-08 09:25:40.250000,6051.45,6050,76053,6055,62975,6045,268,6040,102212
2020-06-08 09:25:40.580000,6051.45,6050,76053,6055,62975,6045,1,6040,96517
2020-06-08 09:25:41.350000,6051.45,6050,78153,6055,62975,6045,170,6040,102317
2020-06-08 09:25:42.260000,6051.45,6050,73453,6055,62975,6045,22774,6040,102317
2020-06-08 09:25:43.370000,6051.45,6050,55956,6055,68773,6045,24732,6040,105673
2020-06-08 09:25:44.300000,6051.45,6050,64772,6055,64975,6045,23090,6040,107417
2020-06-08 09:25:44.530000,6051.45,6050,64772,6055,64975,6045,25394,6040,107417
2020-06-08 09:25:45.470000,6051.45,6050,66672,6055,64975,6045,26237,6040,107418
2020-06-08 09:25:46.540000,6051.45,6050,66672,6055,64975,6045,26237,6040,107418
2020-06-08 09:25:46.790000,6051.45,6050,66672,6055,64975,6045,26242,6040,107418
2020-06-08 09:25:47.580000,6051.45,6050,62874,6055,59218,6045,34460,6040,105774
2020-06-08 09:25:48.640000,6052.5,6050,62874,6055,59218,6045,34460,6040,105774
2020-06-08 09:25:49.000000,6054.59,6050,66672,6055,64975,6045,26407,6040,107418
2020-06-08 09:25:50.210000,6054.59,6050,62874,6055,68773,6045,29055,6040,105774
2020-06-08 09:25:50.580000,6053.54,6050,62874,6055,59218,6045,29555,6040,105774
2020-06-08 09:25:51.780000,6053.54,6050,66672,6055,64975,6045,27911,6040,107418
2020-06-08 09:25:52.040000,6053.54,6050,66672,6055,64975,6045,27912,6040,107418
2020-06-08 09:25:52.860000,6053.54,6045,41866,6050,76553,6040,102318,6035,49597
2020-06-08 09:25:53.920000,6053.54,6045,49557,6050,86108,6040,81906,6035,50107
2020-06-08 09:25:54.410000,6053.54,6045,51456,6050,76553,6040,81906,6035,50107
2020-06-08 09:25:55.480000,6053.54,6045,51456,6050,75353,6040,81906,6035,50107
2020-06-08 09:25:56.490000,6053.54,6045,51356,6050,75353,6040,82006,6035,50107
2020-06-08 09:25:56.910000,6053.54,6045,51355,6050,75353,6040,86964,6035,50082
2020-06-08 09:25:58.100000,6049.36,6045,45555,6050,75353,6040,86964,6035,50082
2020-06-08 09:25:58.510000,6049.88,6045,51354,6050,75353,6040,86965,6035,50082
2020-06-08 09:25:59.680000,6049.88,6045,51351,6050,75331,6040,86965,6035,50082
2020-06-08 09:26:00.050000,6049.88,6045,51361,6050,75331,6040,86965,6035,50082
2020-06-08 09:26:00.800000,6049.88,6045,49560,6050,75331,6040,81782,6035,50083
2020-06-08 09:26:01.800000,6049.88,6045,62715,6050,80530,6040,81752,6035,56492
2020-06-08 09:26:02.810000,6049.88,6045,63424,6050,84886,6040,80100,6035,58136
2020-06-08 09:26:03.840000,6049.88,6045,63424,6050,84886,6040,80110,6035,58136
2020-06-08 09:26:04.280000,6049.88,6045,63424,6050,84886,6040,76487,6035,58136
2020-06-08 09:26:05.460000,6049.88,6045,64414,6050,84886,6040,66479,6035,58139
2020-06-08 09:26:05.850000,6049.88,6045,60604,6050,80530,6040,60643,6035,56495
2020-06-08 09:26:06.640000,6049.88,6045,70892,6050,76732,6040,53930,6035,58139
2020-06-08 09:26:07.590000,6048.31,6045,67094,6050,80530,6040,55574,6035,56495
2020-06-08 09:26:08.630000,6048.31,6045,67094,6050,80530,6040,55574,6035,56495
2020-06-08 09:26:09.230000,6047.79,6045,56138,6050,84886,6040,53935,6035,58159
2020-06-08 09:26:10.210000,6047.79,6045,70042,6050,76732,6040,54254,6035,58159
2020-06-08 09:26:11.230000,6047.79,6045,70042,6050,76742,6040,54254,6035,58159
2020-06-08 09:26:11.750000,6047.79,6045,71037,6050,76742,6040,54454,6035,58159
2020-06-08 09:26:12.760000,6047.79,6045,71037,6050,76742,6040,50587,6035,68159
2020-06-08 09:26:13.370000,6047.79,6045,70997,6050,76742,6040,50548,6035,67659
2020-06-08 09:26:14.380000,6047.79,6040,29338,6045,72199,6035,43537,6030,75808
2020-06-08 09:26:15.400000,6047.79,6040,27070,6045,72199,6035,48537,6030,75808
2020-06-08 09:26:15.670000,6047.79,6040,21270,6045,72199,6035,48537,6030,75808
2020-06-08 09:26:16.580000,6047.79,6040,1920,6045,72199,6035,69111,6030,75808
2020-06-08 09:26:17.410000,6047.79,6040,1000,6045,71199,6035,69141,6030,79806
2020-06-08 09:26:18.620000,6046.22,6040,39769,6045,71342,6035,48557,6030,76008
2020-06-08 09:26:19.150000,6046.22,6040,54820,6045,72743,6035,35505,6030,77752
2020-06-08 09:26:20.100000,6046.22,6040,54820,6045,72743,6035,37149,6030,76108
2020-06-08 09:26:21.160000,6044.65,6040,54791,6045,72743,6035,37151,6030,76108
2020-06-08 09:26:21.510000,6044.65,6040,46637,6045,71342,6035,43198,6030,76108
2020-06-08 09:26:22.340000,6044.65,6040,56789,6045,70743,6035,35510,6030,86551
2020-06-08 09:26:23.410000,6044.65,6040,52323,6045,77109,6035,41836,6030,86581
2020-06-08 09:26:23.800000,6044.65,6040,47246,6045,77109,6035,41837,6030,86581
2020-06-08 09:26:24.900000,6044.65,6040,54724,6045,72753,6035,43481,6030,84937
2020-06-08 09:26:25.420000,6044.65,6040,54718,6045,72753,6035,51837,6030,86581
2020-06-08 09:26:26.510000,6044.65,6040,55868,6045,72753,6035,51842,6030,86581
2020-06-08 09:26:26.930000,6044.65,6040,51512,6045,77109,6035,51842,6030,86581
2020-06-08 09:26:28.070000,6043.08,6040,57868,6045,70753,6035,51845,6030,87581
2020-06-08 09:26:28.450000,6042.55,6040,58067,6045,70753,6035,51825,6030,87581
2020-06-08 09:26:29.630000,6042.03,6040,58669,6045,70753,6035,46101,6030,87581
2020-06-08 09:26:29.920000,6042.03,6040,58669,6045,70753,6035,46101,6030,87581
2020-06-08 09:26:30.720000,6042.03,6035,28897,6040,63669,6030,85131,6025,80725
2020-06-08 09:26:31.690000,6042.03,6035,24279,6040,63669,6030,69776,6025,80725
2020-06-08 09:26:32.310000,6042.03,6035,30539,6040,73224,6030,70176,6025,80755
2020-06-08 09:26:33.240000,6042.03,6035,34342,6040,69426,6030,61265,6025,82399
2020-06-08 09:26:34.240000,6042.03,6035,25527,6040,73224,6030,62909,6025,80755
2020-06-08 09:26:34.510000,6042.03,6035,27317,6040,63669,6030,68081,6025,81255
2020-06-08 09:26:35.400000,6042.03,6040,63669,6045,70753,6035,10062,6030,73081
2020-06-08 09:26:36.430000,6042.03,6035,29532,6040,64249,6030,72932,6025,81255
2020-06-08 09:26:36.710000,6042.03,6035,29522,6040,64249,6030,82922,6025,81254
2020-06-08 09:26:37.350000,6040.46,6035,18732,6040,64249,6030,82922,6025,81354
2020-06-08 09:26:38.020000,6039.94,6040,57249,6045,72753,6035,49900,6030,103277
2020-06-08 09:26:39.100000,6039.41,6040,52137,6045,72753,6035,49895,6030,103597
2020-06-08 09:26:39.540000,6042.03,6040,52137,6045,72753,6035,50209,6030,103638
2020-06-08 09:26:40.650000,6043.6,6040,55559,6045,72753,6035,52313,6030,103543
2020-06-08 09:26:41.720000,6043.6,6040,47405,6045,71352,6035,43557,6030,101899
2020-06-08 09:26:42.120000,6043.6,6040,53651,6045,76551,6035,42469,6030,101899
2020-06-08 09:26:43.200000,6043.6,6040,57449,6045,72753,6035,37969,6030,101909
2020-06-08 09:26:44.210000,6043.6,6040,57449,6045,72753,6035,37969,6030,101909
2020-06-08 09:26:44.620000,6043.6,6040,57439,6045,72753,6035,36325,6030,103603
2020-06-08 09:26:45.880000,6043.6,6040,53641,6045,76551,6035,47969,6030,91959
2020-06-08 09:26:46.270000,6043.6,6040,53641,6045,76551,6035,48986,6030,91959
2020-06-08 09:26:47.390000,6043.6,6040,57439,6045,72753,6035,47342,6030,96604
2020-06-08 09:26:47.820000,6044.12,6040,57439,6045,72753,6035,48986,6030,94960
2020-06-08 09:26:48.960000,6044.12,6040,57274,6045,72753,6035,47342,6030,96604
2020-06-08 09:26:49.290000,6043.6,6040,57274,6045,72753,6035,45816,6030,94640
2020-06-08 09:26:50.470000,6043.6,6040,53476,6045,76551,6035,45816,6030,94640
2020-06-08 09:26:50.760000,6043.6,6040,57274,6045,72753,6035,44142,6030,96284
2020-06-08 09:26:51.820000,6043.6,6040,53476,6045,76551,6035,45906,6030,95140
2020-06-08 09:26:52.720000,6043.6,6040,49120,6045,80907,6035,48718,6030,95140
2020-06-08 09:26:53.820000,6043.6,6040,24199,6045,71352,6035,56238,6030,95140
2020-06-08 09:26:54.350000,6043.6,6040,29979,6045,71552,6035,46240,6030,95140
2020-06-08 09:26:55.390000,6043.6,6040,42210,6045,81107,6035,51915,6030,96784
2020-06-08 09:26:56.370000,6043.6,6040,50364,6045,72953,6035,48499,6030,95140
2020-06-08 09:26:56.680000,6043.6,6040,50353,6045,72953,6035,46755,6030,96784
2020-06-08 09:26:57.460000,6043.6,6040,46555,6045,76751,6035,48399,6030,95140
2020-06-08 09:26:58.510000,6044.12,6040,50350,6045,72953,6035,46255,6030,98841
2020-06-08 09:26:58.840000,6044.12,6040,46552,6045,76751,6035,47899,6030,97197
2020-06-08 09:26:59.540000,6044.12,6040,46552,6045,76751,6035,48099,6030,97197
2020-06-08 09:27:00.570000,6042.55,6040,55050,6045,72953,6035,46455,6030,98841
2020-06-08 09:27:01.550000,6042.55,6035,5798,6040,62050,6030,79245,6025,85553
2020-06-08 09:27:01.910000,6042.55,6035,29526,6040,62050,6030,73273,6025,85583
2020-06-08 09:27:02.770000,6042.55,6035,24524,6040,71605,6030,73273,6025,85583
2020-06-08 09:27:03.630000,6042.55,6035,26655,6040,62090,6030,78342,6025,85583
2020-06-08 09:27:04.770000,6042.55,6035,26641,6040,62090,6030,78342,6025,85583
2020-06-08 09:27:05.170000,6042.55,6035,26640,6040,62090,6030,78342,6025,85583
2020-06-08 09:27:06.340000,6042.55,6035,24655,6040,62090,6030,78442,6025,85583
2020-06-08 09:27:06.850000,6042.55,6035,6023,6040,62090,6030,78442,6025,85583
2020-06-08 09:27:07.940000,6038.89,6035,221,6040,62090,6030,93797,6025,85583
2020-06-08 09:27:08.380000,6040.98,6040,55090,6045,73153,6035,24470,6030,98797
2020-06-08 09:27:09.500000,6040.98,6040,55090,6045,73153,6035,25471,6030,98997
2020-06-08 09:27:09.940000,6040.98,6040,55090,6045,73153,6035,25472,6030,99097
2020-06-08 09:27:11.060000,6043.08,6040,50734,6045,77509,6035,27229,6030,97640
2020-06-08 09:27:11.500000,6043.08,6040,54528,6045,73153,6035,27729,6030,97640
2020-06-08 09:27:12.660000,6043.08,6040,50172,6045,77509,6035,30361,6030,98640
2020-06-08 09:27:12.950000,6043.08,6040,54520,6045,73153,6035,30790,6030,98640
2020-06-08 09:27:13.660000,6043.08,6040,56519,6045,71253,6035,30790,6030,98640
2020-06-08 09:27:14.690000,6043.08,6040,49679,6045,73253,6035,32464,6030,96996
2020-06-08 09:27:15.050000,6043.08,6040,41832,6045,73253,6035,40223,6030,96996
2020-06-08 09:27:15.750000,6043.08,6040,37976,6045,77609,6035,38580,6030,98640
2020-06-08 09:27:16.790000,6043.08,6040,38534,6045,83744,6035,40224,6030,96996
2020-06-08 09:27:16.970000,6043.08,6040,38784,6045,83744,6035,40230,6030,96896
2020-06-08 09:27:17.840000,6043.6,6040,38784,6045,83744,6035,32502,6030,96896
2020-06-08 09:27:18.450000,6042.55,6040,42582,6045,79946,6035,30858,6030,95540
2020-06-08 09:27:19.400000,6044.12,6040,34428,6045,88100,6035,33604,6030,96040
2020-06-08 09:27:20.390000,6042.55,6040,38224,6045,84302,6035,33606,6030,96040
2020-06-08 09:27:20.810000,6042.55,6040,38223,6045,84302,6035,33606,6030,96040
2020-06-08 09:27:21.940000,6042.55,6040,38222,6045,84302,6035,33686,6030,96040
2020-06-08 09:27:22.310000,6042.55,6040,38220,6045,84302,6035,35595,6030,94396
2020-06-08 09:27:23.040000,6042.55,6040,39326,6045,79946,6035,33951,6030,96070
2020-06-08 09:27:24.050000,6042.55,6040,39325,6045,79946,6035,34951,6030,96070
2020-06-08 09:27:24.350000,6042.55,6040,42764,6045,79946,6035,30749,6030,96070
2020-06-08 09:27:25.150000,6042.55,6040,42763,6045,79946,6035,32403,6030,94426
2020-06-08 09:27:26.140000,6042.55,6040,42762,6045,79946,6035,32503,6030,94436
2020-06-08 09:27:26.350000,6042.55,6040,37761,6045,79946,6035,40131,6030,94436
2020-06-08 09:27:27.260000,6043.6,6040,37761,6045,79946,6035,40131,6030,94436
2020-06-08 09:27:28.180000,6043.08,6040,33245,6045,84302,6035,38487,6030,96080
2020-06-08 09:27:28.560000,6043.6,6040,38245,6045,84302,6035,38497,6030,96082
2020-06-08 09:27:29.360000,6043.6,6040,44601,6045,77946,6035,31112,6030,96082
2020-06-08 09:27:30.370000,6043.6,6040,44601,6045,77946,6035,32392,6030,96092
2020-06-08 09:27:30.650000,6042.03,6040,42599,6045,79946,6035,36018,6030,96092
2020-06-08 09:27:31.440000,6042.03,6040,42589,6045,79946,6035,36130,6030,96092
2020-06-08 09:27:32.460000,6042.03,6040,42589,6045,80146,6035,32564,6030,96092
2020-06-08 09:27:32.950000,6042.03,6040,42539,6045,80146,6035,32564,6030,96092
2020-06-08 09:27:34.080000,6042.03,6040,38173,6045,84502,6035,37739,6030,96092
2020-06-08 09:27:34.990000,6042.03,6040,38163,6045,84502,6035,37739,6030,96092
2020-06-08 09:27:35.310000,6042.03,6040,42518,6045,80146,6035,37749,6030,96092
2020-06-08 09:27:36.110000,6042.03,6040,42508,6045,80146,6035,37767,6030,96092
2020-06-08 09:27:37.160000,6042.03,6040,37932,6045,84502,6035,37767,6030,96105
2020-06-08 09:27:37.410000,6042.03,6040,32932,6045,84502,6035,43037,6030,94474
2020-06-08 09:27:38.280000,6043.6,6040,33447,6045,83944,6035,43037,6030,94474
2020-06-08 09:27:38.740000,6043.6,6040,33447,6045,83944,6035,43087,6030,92405
2020-06-08 09:27:39.850000,6043.6,6040,11036,6045,78745,6035,91527,6030,92405
2020-06-08 09:27:40.170000,6045.17,6045,78745,6050,92961,6040,32246,6035,108882
2020-06-08 09:27:41.390000,6045.17,6045,79354,6050,92961,6040,32246,6035,108885
2020-06-08 09:27:41.640000,6045.17,6045,79354,6050,92961,6040,40410,6035,118880
2020-06-08 09:27:42.380000,6045.17,6045,79354,6050,92961,6040,40410,6035,118880
2020-06-08 09:27:43.450000,6045.17,6045,79344,6050,92961,6040,40410,6035,119880
2020-06-08 09:27:43.710000,6045.17,6045,79344,6050,93661,6040,40420,6035,119880
2020-06-08 09:27:44.560000,6045.17,6045,79344,6050,93661,6040,21111,6035,119880
2020-06-08 09:27:45.650000,6045.17,6040,25269,6045,79344,6035,104530,6030,92436
2020-06-08 09:27:45.910000,6045.17,6040,19469,6045,79844,6035,104530,6030,92436
2020-06-08 09:27:46.680000,6045.17,6040,21369,6045,79844,6035,104530,6030,92436
2020-06-08 09:27:47.700000,6047.26,6040,30444,6045,79844,6035,104540,6030,92436
2020-06-08 09:27:48.050000,6047.26,6040,29444,6045,79844,6035,104540,6030,92436
2020-06-08 09:27:49.130000,6045.69,6040,29269,6045,79844,6035,104375,6030,92486
2020-06-08 09:27:49.380000,6045.69,6040,29259,6045,87988,6035,104375,6030,92486
2020-06-08 09:27:50.210000,6045.69,6040,29239,6045,87988,6035,104375,6030,92486
2020-06-08 09:27:50.640000,6045.69,6040,29229,6045,87988,6035,104475,6030,92486
2020-06-08 09:27:51.790000,6045.69,6040,26237,6045,87988,6035,104280,6030,92486
2020-06-08 09:27:52.150000,6045.69,6040,26215,6045,87988,6035,104280,6030,92486
2020-06-08 09:27:52.920000,6045.69,6040,26205,6045,87988,6035,104280,6030,92486
2020-06-08 09:27:54.040000,6045.69,6045,87988,6050,96661,6035,111045,6030,96284
2020-06-08 09:27:54.280000,6045.69,6045,87988,6050,93661,6040,24570,6035,116245
2020-06-08 09:27:55.060000,6045.69,6045,87988,6050,93661,6040,26777,6035,116270
2020-06-08 09:27:55.440000,6045.69,6045,87988,6050,93661,6040,26787,6035,116270
2020-06-08 09:27:55.990000,6045.69,6045,87988,6050,93661,6040,26897,6035,116170
2020-06-08 09:27:57.150000,6045.69,6045,87988,6050,93661,6040,26899,6035,116170
2020-06-08 09:27:57.370000,6044.65,6045,87988,6050,93661,6040,26899,6035,116190
2020-06-08 09:27:58.270000,6046.74,6040,19470,6045,88238,6035,94235,6030,93086
2020-06-08 09:27:58.700000,6045.69,6040,25170,6045,88238,6035,94235,6030,93086
2020-06-08 09:27:59.340000,6045.69,6040,24829,6045,88238,6035,94235,6030,93136
2020-06-08 09:28:00.290000,6044.65,6040,24664,6045,88238,6035,94235,6030,93136
2020-06-08 09:28:00.820000,6044.65,6040,51613,6045,89639,6035,87369,6030,94781
2020-06-08 09:28:01.930000,6044.65,6040,53603,6045,87639,6035,87889,6030,94781
2020-06-08 09:28:02.210000,6044.65,6040,55492,6045,87639,6035,86989,6030,94781
2020-06-08 09:28:03.030000,6044.65,6040,62992,6045,87639,6035,85710,6030,94781
2020-06-08 09:28:03.760000,6044.65,6040,62982,6045,81839,6035,19829,6030,69389
2020-06-08 09:28:04.510000,6044.65,6035,19656,6040,62974,6030,69391,6025,77651
2020-06-08 09:28:05.490000,6044.65,6035,19656,6040,62974,6030,74558,6025,77651
2020-06-08 09:28:05.880000,6044.65,6035,24711,6040,72529,6030,74558,6025,77651
2020-06-08 09:28:06.610000,6044.65,6035,5240,6040,62974,6030,74570,6025,77651
2020-06-08 09:28:07.680000,6041.51,6040,62974,6045,98602,6035,10,6030,89927
2020-06-08 09:28:08.650000,6039.94,6040,51623,6045,101958,6035,29014,6030,93284
2020-06-08 09:28:08.880000,6039.41,6040,52772,6045,95602,6035,28367,6030,94928
2020-06-08 09:28:09.800000,6041.51,6040,52772,6045,95602,6035,28682,6030,89928
2020-06-08 09:28:10.840000,6041.51,6040,51947,6045,101958,6035,30384,6030,93285
2020-06-08 09:28:11.080000,6041.51,6040,51947,6045,101958,6035,28740,6030,94929
2020-06-08 09:28:11.830000,6041.51,6040,51947,6045,102168,6035,34649,6030,94960
2020-06-08 09:28:12.930000,6041.51,6040,45997,6045,102168,6035,36293,6030,87526
2020-06-08 09:28:13.420000,6041.51,6040,45897,6045,102168,6035,23741,6030,89170
2020-06-08 09:28:14.490000,6041.51,6040,45897,6045,101668,6035,28741,6030,89170
2020-06-08 09:28:14.780000,6041.51,6040,45947,6045,101868,6035,28741,6030,89170
2020-06-08 09:28:15.500000,6041.51,6040,45947,6045,101868,6035,28741,6030,89170
2020-06-08 09:28:16.560000,6041.51,6040,45946,6045,101868,6035,28591,6030,90170
2020-06-08 09:28:16.730000,6041.51,6040,45946,6045,101868,6035,28591,6030,90170
2020-06-08 09:28:17.550000,6042.03,6040,45946,6045,101868,6035,28591,6030,90170
2020-06-08 09:28:18.010000,6042.55,6040,50301,6045,97512,6035,31632,6030,88526
2020-06-08 09:28:18.640000,6042.55,6040,51745,6045,107668,6035,29988,6030,95970
2020-06-08 09:28:19.740000,6042.55,6040,51745,6045,107668,6035,29988,6030,95970
2020-06-08 09:28:20.060000,6043.08,6040,56101,6045,103312,6035,29989,6030,95970
2020-06-08 09:28:20.810000,6043.08,6040,51745,6045,107668,6035,24989,6030,95970
2020-06-08 09:28:21.850000,6043.08,6040,64101,6045,101312,6035,23099,6030,90970
2020-06-08 09:28:22.890000,6043.08,6040,64096,6045,101312,6030,90970,6025,78183
2020-06-08 09:28:23.240000,6043.08,6035,15597,6040,63996,6030,90970,6025,78183
2020-06-08 09:28:24.380000,6043.08,6035,15597,6040,63996,6030,91070,6025,78183
2020-06-08 09:28:24.700000,6043.08,6035,15647,6040,63996,6030,75715,6025,78183
2020-06-08 09:28:25.560000,6043.08,6035,28688,6040,73551,6030,75172,6025,79827
2020-06-08 09:28:26.610000,6043.08,6035,22902,6040,73551,6030,76816,6025,78183
2020-06-08 09:28:26.870000,6043.08,6035,22702,6040,73551,6030,76816,6025,78183
2020-06-08 09:28:27.620000,6040.98,6035,22702,6040,73551,6030,76916,6025,77683
2020-06-08 09:28:28.640000,6041.51,6035,22697,6040,73551,6030,76876,6025,77683
2020-06-08 09:28:29.750000,6037.84,6035,22062,6040,73551,6030,76877,6025,77684
2020-06-08 09:28:30.130000,6038.37,6035,26498,6040,69195,6030,75433,6025,79328
2020-06-08 09:28:30.890000,6038.37,6035,30941,6040,73551,6030,67026,6025,77684
2020-06-08 09:28:31.880000,6038.37,6035,22141,6040,73551,6030,67026,6025,77685
2020-06-08 09:28:32.120000,6038.37,6035,22140,6040,63996,6030,72093,6025,77685
2020-06-08 09:28:32.850000,6038.37,6035,23446,6040,63946,6030,72093,6025,77685
2020-06-08 09:28:33.440000,6038.37,6035,5453,6040,65590,6030,75449,6025,77685
2020-06-08 09:28:34.440000,6038.37,6040,64790,6045,101312,6035,15750,6030,90804
2020-06-08 09:28:34.680000,6038.37,6040,64790,6045,101312,6035,15750,6030,90804
2020-06-08 09:28:35.510000,6038.37,6040,59790,6045,101312,6035,15750,6030,90804
2020-06-08 09:28:35.780000,6038.37,6040,64790,6045,101312,6035,15750,6030,90304
2020-06-08 09:28:36.460000,6038.37,6040,64790,6045,101312,6035,25545,6030,90304
2020-06-08 09:28:36.740000,6038.37,6040,64790,6045,101312,6035,25546,6030,90309
2020-06-08 09:28:37.540000,6037.84,6040,64827,6045,101312,6035,10001,6030,90309
2020-06-08 09:28:38.030000,6037.84,6035,19474,6040,65027,6030,74954,6025,78385
2020-06-08 09:28:38.480000,6041.51,6035,19474,6040,65027,6030,74954,6025,78385
2020-06-08 09:28:39.660000,6040.46,6035,19469,6040,65027,6030,74954,6025,78385
2020-06-08 09:28:39.920000,6040.46,6035,25269,6040,65027,6030,74954,6025,78385
2020-06-08 09:28:40.710000,6040.46,6035,25269,6040,65027,6030,74954,6025,78485
2020-06-08 09:28:41.140000,6040.46,6035,27468,6040,65027,6030,74937,6025,78485
2020-06-08 09:28:42.240000,6040.46,6035,33168,6040,65027,6030,74938,6025,78485
2020-06-08 09:28:42.440000,6040.46,6035,33252,6040,65027,6030,74938,6025,78485
2020-06-08 09:28:43.280000,6040.46,6035,8088,6040,65027,6030,74438,6025,78485
2020-06-08 09:28:43.580000,6040.46,6035,8088,6040,65027,6030,74439,6025,78485
2020-06-08 09:28:44.480000,6040.46,6035,8088,6040,65077,6030,83995,6025,78485
2020-06-08 09:28:44.830000,6040.46,6035,8324,6040,65077,6030,74440,6025,79485
2020-06-08 09:28:45.380000,6040.46,6035,8424,6040,65077,6030,89805,6025,79485
2020-06-08 09:28:46.440000,6040.46,6035,8423,6040,65077,6030,89795,6025,79485
2020-06-08 09:28:46.710000,6040.46,6035,33387,6040,65077,6030,74640,6025,79485
2020-06-08 09:28:47.450000,6040.46,6035,51869,6040,65077,6030,74640,6025,78485
2020-06-08 09:28:47.740000,6040.46,6035,51818,6040,75077,6030,69640,6025,79485
2020-06-08 09:28:48.620000,6040.46,6035,53717,6040,75077,6030,69740,6025,79485
2020-06-08 09:28:49.540000,6039.94,6035,58772,6040,84632,6030,69740,6025,79485
2020-06-08 09:28:49.710000,6039.94,6035,48751,6040,84632,6030,69740,6025,79485
2020-06-08 09:28:50.700000,6039.41,6035,48751,6040,84632,6030,69770,6025,79485
2020-06-08 09:28:51.640000,6039.41,6035,48751,6040,84986,6030,69771,6025,79485
2020-06-08 09:28:51.890000,6039.41,6035,48751,6040,84986,6030,60972,6025,79485
2020-06-08 09:28:52.750000,6039.41,6035,48550,6040,84986,6030,60460,6025,79485
2020-06-08 09:28:53.740000,6039.41,6035,48500,6040,84986,6030,60560,6025,79490
2020-06-08 09:28:54.210000,6039.41,6035,48502,6040,84986,6030,60560,6025,79490
2020-06-08 09:28:55.380000,6039.41,6035,48501,6040,84986,6030,60560,6025,79490
2020-06-08 09:28:55.810000,6039.41,6035,48500,6040,84986,6030,60560,6025,79490
2020-06-08 09:28:56.860000,6039.41,6035,49023,6040,84986,6030,60570,6025,79490
2020-06-08 09:28:57.200000,6038.89,6035,54319,6040,84986,6030,60540,6025,79490
2020-06-08 09:28:58.060000,6038.37,6035,54218,6040,84986,6030,57224,6025,79490
2020-06-08 09:28:59.020000,6038.37,6035,54220,6040,84986,6030,50097,6025,79490
2020-06-08 09:28:59.280000,6039.41,6035,54220,6040,98749,6030,50087,6025,79490
2020-06-08 09:29:00.030000,6039.41,6035,54220,6040,98749,6030,50587,6025,79490
2020-06-08 09:29:00.510000,6038.37,6035,72521,6040,88951,6030,45366,6025,88484
2020-06-08 09:29:01.660000,6038.37,6035,79021,6040,88951,6030,45367,6025,88484
2020-06-08 09:29:01.900000,6038.37,6035,79021,6040,88951,6030,45368,6025,88284
2020-06-08 09:29:02.730000,6038.37,6035,79021,6040,88951,6030,45368,6025,88284
2020-06-08 09:29:03.710000,6038.37,6035,73021,6040,94951,6030,45368,6025,88285
2020-06-08 09:29:04.120000,6038.37,6035,86021,6040,86951,6030,18285,6025,83286
2020-06-08 09:29:04.860000,6038.37,6030,30266,6035,88267,6025,85786,6020,79324
2020-06-08 09:29:05.910000,6038.37,6030,27723,6035,88267,6025,67397,6020,79324
2020-06-08 09:29:06.440000,6038.37,6030,8254,6035,88267,6025,90011,6020,79324
2020-06-08 09:29:07.480000,6038.37,6035,88267,6040,86951,6030,16970,6025,90012
2020-06-08 09:29:07.920000,6036.27,6035,87957,6040,88951,6030,16920,6025,90012
2020-06-08 09:29:08.500000,6035.75,6035,94956,6040,86951,6030,16720,6025,90312
2020-06-08 09:29:09.560000,6037.84,6035,94956,6040,86951,6030,19931,6025,95312
2020-06-08 09:29:09.820000,6037.84,6035,87956,6040,88951,6030,19931,6025,95312
2020-06-08 09:29:10.600000,6038.89,6035,87956,6040,88951,6030,19956,6025,95312
2020-06-08 09:29:11.580000,6038.89,6035,88475,6040,88951,6030,14956,6025,95312
2020-06-08 09:29:11.910000,6038.89,6035,82475,6040,94951,6030,20056,6025,95312
2020-06-08 09:29:12.720000,6038.89,6035,82475,6040,94951,6030,10107,6025,95317
2020-06-08 09:29:13.180000,6038.89,6035,82475,6040,94951,6030,10107,6025,95317
2020-06-08 09:29:14.310000,6038.89,6035,88525,6040,88951,6030,16378,6025,95317
2020-06-08 09:29:14.480000,6038.89,6035,88525,6040,89051,6030,14148,6025,95307
2020-06-08 09:29:15.320000,6038.89,6035,88725,6040,89051,6030,14358,6025,95307
2020-06-08 09:29:16.360000,6038.89,6035,82725,6040,95051,6030,14558,6025,95307
2020-06-08 09:29:16.610000,6038.89,6035,82725,6040,95051,6030,19558,6025,95306
2020-06-08 09:29:17.480000,6038.89,6035,77725,6040,95101,6030,28475,6025,95306
2020-06-08 09:29:18.450000,6037.32,6035,68395,6040,89344,6030,33542,6025,95306
2020-06-08 09:29:18.840000,6037.32,6035,68395,6040,98899,6030,29477,6025,95306
2020-06-08 09:29:19.600000,6040.46,6035,59594,6040,89344,6030,34544,6025,95306
2020-06-08 09:29:20.580000,6039.94,6035,59594,6040,89344,6030,34544,6025,95306
2020-06-08 09:29:21.680000,6039.94,6035,59594,6040,98899,6030,39356,6025,95316
2020-06-08 09:29:22.040000,6039.94,6035,88455,6040,89101,6030,22672,6025,95316
2020-06-08 09:29:22.770000,6039.94,6035,95455,6040,87101,6030,23472,6025,90316
2020-06-08 09:29:23.800000,6039.94,6035,83455,6040,89101,6030,32585,6025,95416
2020-06-08 09:29:24.850000,6039.94,6035,83595,6040,89818,6030,30585,6025,95396
2020-06-08 09:29:25.110000,6039.94,6035,83595,6040,89818,6030,30585,6025,95396
2020-06-08 09:29:25.890000,6039.94,6035,83071,6040,89818,6030,30385,6025,95399
2020-06-08 09:29:26.820000,6039.94,6035,83071,6040,89818,6030,30685,6025,95399
2020-06-08 09:29:27.230000,6035.75,6035,90071,6040,87818,6030,21576,6025,95399
2020-06-08 09:29:28.470000,6037.32,6035,83111,6040,89818,6030,26674,6025,95399
2020-06-08 09:29:28.850000,6038.37,6035,77111,6040,95818,6030,26639,6025,95399
2020-06-08 09:29:29.550000,6037.84,6035,73313,6040,99616,6030,29239,6025,95399
2020-06-08 09:29:30.510000,6038.89,6035,77111,6040,95818,6030,29239,6025,95499
2020-06-08 09:29:30.840000,6038.89,6035,73313,6040,99616,6030,26809,6025,95499
2020-06-08 09:29:31.630000,6038.89,6035,64514,6040,99616,6030,40675,6025,95549
2020-06-08 09:29:32.660000,6038.89,6035,68397,6040,99616,6030,35808,6025,95549
2020-06-08 09:29:33.640000,6038.89,6035,71446,6040,99616,6030,24808,6025,95549
2020-06-08 09:29:34.660000,6038.89,6035,71441,6040,90061,6030,29875,6025,95549
2020-06-08 09:29:34.890000,6038.89,6035,32268,6040,90061,6030,46451,6025,96549
2020-06-08 09:29:35.830000,6038.89,6040,90061,6045,82918,6035,9031,6030,51456
2020-06-08 09:29:36.880000,6038.89,6040,90061,6045,82918,6030,46461,6025,100347
2020-06-08 09:29:37.900000,6039.41,6035,19298,6040,90061,6030,31106,6025,97049
2020-06-08 09:29:38.200000,6039.94,6035,30001,6040,90061,6030,31106,6025,97049
2020-06-08 09:29:39.960000,6040.98,6035,24201,6040,90161,6030,31085,6025,97049
2020-06-08 09:29:40.340000,6040.98,6035,24201,6040,90161,6030,32035,6025,97049
2020-06-08 09:29:41.090000,6040.98,6040,90161,6045,82918,6035,15545,6030,37835
2020-06-08 09:29:42.090000,6040.98,6040,90161,6045,82918,6035,15485,6030,52404
2020-06-08 09:29:42.490000,6040.98,6040,77161,6045,90918,6035,20485,6030,55404
2020-06-08 09:29:43.650000,6040.98,6040,83161,6045,84918,6035,20485,6030,55404
2020-06-08 09:29:43.860000,6040.98,6040,83161,6045,84918,6035,20485,6030,77132
2020-06-08 09:29:44.700000,6040.98,6040,73363,6045,96316,6035,22985,6030,77133
2020-06-08 09:29:44.970000,6040.98,6040,73363,6045,96316,6035,22985,6030,77133
2020-06-08 09:29:45.730000,6040.98,6040,79363,6045,90316,6035,23185,6030,77133
2020-06-08 09:29:46.150000,6040.98,6040,76637,6045,92518,6035,23302,6030,77385
2020-06-08 09:29:46.740000,6040.98,6040,84637,6045,84518,6035,18309,6030,77385
2020-06-08 09:29:47.410000,6041.51,6040,84635,6045,84518,6035,40037,6030,77405
2020-06-08 09:29:48.400000,6043.6,6040,90385,6045,84518,6035,40037,6030,77405
2020-06-08 09:29:48.780000,6044.65,6040,91135,6045,84518,6035,39837,6030,77405
2020-06-08 09:29:49.500000,6042.55,6040,91133,6045,84518,6035,24352,6030,77405
2020-06-08 09:29:50.490000,6042.55,6040,91131,6045,84518,6035,24352,6030,72405
2020-06-08 09:29:50.850000,6042.55,6040,91131,6045,84518,6035,24352,6030,72415
2020-06-08 09:29:51.550000,6042.55,6040,91131,6045,84518,6035,24352,6030,72415
2020-06-08 09:29:52.590000,6042.55,6040,91131,6045,84518,6035,42037,6030,77415
2020-06-08 09:29:52.950000,6042.55,6040,91131,6045,84518,6035,42037,6030,77415
2020-06-08 09:29:53.540000,6042.55,6040,91131,6045,84518,6035,42690,6030,77415
2020-06-08 09:29:54.140000,6042.55,6040,91131,6045,84518,6035,28005,6030,77415
2020-06-08 09:29:55.220000,6042.55,6040,91126,6045,84518,6035,28306,6030,77422
2020-06-08 09:29:55.550000,6042.55,6040,91536,6045,84518,6030,57067,6025,97079
2020-06-08 09:29:56.780000,6042.55,6040,84536,6045,86518,6035,19685,6030,77432
2020-06-08 09:29:57.040000,6042.55,6040,66975,6045,90316,6035,10922,6030,77432
2020-06-08 09:29:57.830000,6040.46,6040,70691,6045,86518,6035,10924,6030,77432
2020-06-08 09:29:58.900000,6040.98,6040,77691,6045,84518,6030,71934,6025,100877
2020-06-08 09:29:59.310000,6042.55,6040,70691,6045,86518,6035,24470,6030,76934
2020-06-08 09:30:00.000000,6042.55,6040,66418,6045,92518,6035,35819,6030,76954
2020-06-08 09:30:01.020000,6044.12,6040,66669,6045,92518,6035,27334,6030,76954
2020-06-08 09:30:02.020000,6044.12,6040,66669,6045,92518,6035,27336,6030,76954
2020-06-08 09:30:02.520000,6044.12,6040,68871,6045,90316,6035,28096,6030,77268
2020-06-08 09:30:03.600000,6044.12,6040,66669,6045,92518,6035,28046,6030,77088
2020-06-08 09:30:04.000000,6044.12,6040,62871,6045,96316,6035,28046,6030,77088
2020-06-08 09:30:04.640000,6044.12,6040,66669,6045,92518,6035,31604,6030,77088
2020-06-08 09:30:05.680000,6044.12,6040,66669,6045,92518,6035,31604,6030,77088
2020-06-08 09:30:06.610000,6044.12,6040,62871,6045,96316,6035,31604,6030,77088
2020-06-08 09:30:06.750000,6044.12,6040,62891,6045,96316,6035,34419,6030,77090
2020-06-08 09:30:07.780000,6044.12,6040,29717,6045,95560,6035,54784,6030,77090
2020-06-08 09:30:08.070000,6044.12,6040,18418,6045,95560,6035,54784,6030,77090
2020-06-08 09:30:08.700000,6044.12,6040,18418,6045,95560,6035,54834,6030,77090
2020-06-08 09:30:09.280000,6045.69,6040,35785,6045,95560,6035,39479,6030,77090
2020-06-08 09:30:10.310000,6045.69,6045,95560,6050,63446,6040,26906,6035,54836
2020-06-08 09:30:10.710000,6047.26,6045,95560,6050,63446,6040,27665,6035,54836
2020-06-08 09:30:11.800000,6047.26,6045,95560,6050,63446,6040,27665,6035,54836
2020-06-08 09:30:12.010000,6047.26,6045,95560,6050,63446,6040,8195,6035,54836
2020-06-08 09:30:12.900000,6047.26,6040,2805,6045,95560,6035,54836,6030,80888
2020-06-08 09:30:13.880000,6047.26,6040,19470,6045,95560,6035,54836,6030,77090
2020-06-08 09:30:14.110000,6047.26,6045,95560,6050,63446,6035,54836,6030,80888
2020-06-08 09:30:15.100000,6047.26,6045,95560,6050,63446,6035,54836,6030,80888
2020-06-08 09:30:15.510000,6047.26,6045,95560,6050,63446,6035,54276,6030,80888
2020-06-08 09:30:16.600000,6047.26,6045,95560,6050,63446,6040,24470,6035,59276
2020-06-08 09:30:17.010000,6047.26,6045,70852,6050,66069,6040,24635,6035,64276
2020-06-08 09:30:18.200000,6047.26,6045,69105,6050,75867,6040,24636,6035,64276
2020-06-08 09:30:19.260000,6048.83,6045,60854,6050,75867,6040,33435,6035,64277
2020-06-08 09:30:20.310000,6048.83,6045,83621,6050,66069,6040,19470,6035,50422
2020-06-08 09:30:20.820000,6048.83,6045,83646,6050,66069,6040,19470,6035,50422
2020-06-08 09:30:21.860000,6048.83,6045,79848,6050,69867,6040,19470,6035,50422
2020-06-08 09:30:23.950000,6048.83,6045,79848,6050,69867,6040,17073,6035,50422
2020-06-08 09:30:24.310000,6048.83,6045,79848,6050,69867,6040,17073,6035,50422
2020-06-08 09:30:25.570000,6048.83,6045,83846,6050,66069,6040,17073,6035,50422
2020-06-08 09:30:25.950000,6048.83,6045,80048,6050,69867,6040,17073,6035,50422
2020-06-08 09:30:27.160000,6047.79,6045,80046,6050,69867,6040,17073,6035,50422
2020-06-08 09:30:27.510000,6048.83,6045,80046,6050,69867,6040,22073,6035,50427
2020-06-08 09:30:28.660000,6049.88,6045,74046,6050,75867,6040,22073,6035,50433
2020-06-08 09:30:29.010000,6048.83,6045,80046,6050,69867,6040,22073,6035,50433
2020-06-08 09:30:29.740000,6048.83,6045,74046,6050,75867,6040,25294,6035,50433
2020-06-08 09:30:30.830000,6048.83,6045,74046,6050,66312,6040,30351,6035,50433
2020-06-08 09:30:31.780000,6048.83,6045,80046,6050,69867,6040,30110,6035,60433
2020-06-08 09:30:32.110000,6048.83,6045,80046,6050,69867,6040,33140,6035,60433
2020-06-08 09:30:32.900000,6048.83,6045,77938,6050,75867,6040,33140,6035,60447
2020-06-08 09:30:33.950000,6048.83,6045,63969,6050,66312,6040,33140,6035,60747
2020-06-08 09:30:34.430000,6048.83,6045,72768,6050,75867,6040,33145,6035,60747
2020-06-08 09:30:35.490000,6048.83,6045,83833,6050,69867,6040,28349,6035,60747
2020-06-08 09:30:36.420000,6048.83,6045,77833,6050,75867,6040,28359,6035,60747
2020-06-08 09:30:36.630000,6048.83,6045,77833,6050,66312,6040,28359,6035,60747
2020-06-08 09:30:37.620000,6049.88,6045,77833,6050,66332,6040,28459,6035,60747
2020-06-08 09:30:37.880000,6050.4,6045,77808,6050,66332,6040,28459,6035,60747
2020-06-08 09:30:38.660000,6048.83,6045,79132,6050,66332,6040,28459,6035,60747
2020-06-08 09:30:39.750000,6050.4,6045,68267,6050,66332,6040,43814,6035,60757
2020-06-08 09:30:39.970000,6050.4,6045,59468,6050,66332,6040,43610,6035,60961
2020-06-08 09:30:40.730000,6050.93,6045,59468,6050,66332,6040,43620,6035,64753
2020-06-08 09:30:41.670000,6050.93,6045,56722,6050,66332,6040,43620,6035,64753
2020-06-08 09:30:41.890000,6050.93,6045,60950,6050,66332,6040,43521,6035,60955
2020-06-08 09:30:42.820000,6050.93,6045,60451,6050,66832,6040,28168,6035,60955
2020-06-08 09:30:43.910000,6050.93,6045,70622,6050,66832,6040,33168,6035,60955
2020-06-08 09:30:45.020000,6050.93,6045,64822,6050,66833,6040,33368,6035,61255
2020-06-08 09:30:45.280000,6050.93,6045,64822,6050,66833,6040,33366,6035,61255
2020-06-08 09:30:45.930000,6050.93,6045,64622,6050,66833,6040,33366,6035,61255
2020-06-08 09:30:46.990000,6050.93,6045,64401,6050,66833,6040,33616,6035,61255
2020-06-08 09:30:47.180000,6050.4,6045,64401,6050,66833,6040,34276,6035,61255
2020-06-08 09:30:48.140000,6050.93,6045,40146,6050,66833,6040,49631,6035,65053
2020-06-08 09:30:48.680000,6050.93,6045,70321,6050,66833,6040,34049,6035,61255
2020-06-08 09:30:49.700000,6051.45,6045,53934,6050,66833,6040,45404,6035,61056
2020-06-08 09:30:50.100000,6050.4,6045,70116,6050,66833,6040,30149,6035,61056
2020-06-08 09:30:51.250000,6050.4,6045,70086,6050,66833,6040,30149,6035,61056
2020-06-08 09:30:51.570000,6050.4,6045,70081,6050,67833,6040,30149,6035,61056
2020-06-08 09:30:52.300000,6050.4,6045,70076,6050,77388,6040,30149,6035,61056
2020-06-08 09:30:53.320000,6050.4,6045,70076,6050,77388,6040,30150,6035,61056
2020-06-08 09:30:53.640000,6050.4,6045,70076,6050,77388,6040,30151,6035,61056
2020-06-08 09:30:54.430000,6050.4,6045,66474,6050,77388,6040,26551,6035,61056
2020-06-08 09:30:55.450000,6050.4,6045,66474,6050,67833,6040,26551,6035,61056
2020-06-08 09:30:56.410000,6050.4,6045,72474,6050,61833,6040,26555,6035,56057
2020-06-08 09:30:56.640000,6050.4,6045,72469,6050,71388,6040,26555,6035,56057
2020-06-08 09:30:57.520000,6050.4,6045,72469,6050,71388,6040,33589,6035,56057
2020-06-08 09:30:57.670000,6049.88,6045,70969,6050,71388,6040,33589,6035,56057
2020-06-08 09:30:58.530000,6050.4,6045,70969,6050,71388,6040,33589,6035,56057
2020-06-08 09:30:58.910000,6050.4,6045,70968,6050,71388,6040,33589,6035,56057
2020-06-08 09:30:59.660000,6050.4,6045,70968,6050,71388,6040,33689,6035,56057
2020-06-08 09:31:00.700000,6048.83,6045,64968,6050,67833,6040,33689,6035,56057
2020-06-08 09:31:01.070000,6048.83,6045,70968,6050,71388,6040,33439,6035,56057
2020-06-08 09:31:02.250000,6048.83,6045,76138,6050,71388,6040,28382,6035,56057
2020-06-08 09:31:03.340000,6048.83,6045,80743,6050,66967,6040,28382,6035,56057
2020-06-08 09:31:03.780000,6048.83,6045,81741,6050,66967,6040,28382,6035,56057
2020-06-08 09:31:04.900000,6048.83,6045,77943,6050,70765,6040,28623,6035,56057
2020-06-08 09:31:05.240000,6048.83,6045,71943,6050,76765,6040,28623,6035,56057
2020-06-08 09:31:05.940000,6048.83,6045,71943,6050,76765,6040,28623,6035,56057
2020-06-08 09:31:07.000000,6048.83,6045,78143,6050,70765,6040,28623,6035,56057
2020-06-08 09:31:07.260000,6047.79,6045,66973,6050,67210,6040,28623,6035,56067
2020-06-08 09:31:08.010000,6048.31,6045,66873,6050,76765,6040,28623,6035,56067
2020-06-08 09:31:08.600000,6048.31,6045,66873,6050,67210,6040,33623,6035,56068
2020-06-08 09:31:09.510000,6048.83,6045,66873,6050,67210,6040,33934,6035,56068
2020-06-08 09:31:11.600000,6048.83,6045,66853,6050,67210,6040,33934,6035,56068
2020-06-08 09:31:11.870000,6048.83,6045,66853,6050,67210,6040,33934,6035,56068
2020-06-08 09:31:12.680000,6048.83,6045,66853,6050,67210,6040,38987,6035,56068
2020-06-08 09:31:13.780000,6048.83,6045,44870,6050,67210,6040,54342,6035,56088
2020-06-08 09:31:13.970000,6048.83,6045,44870,6050,67210,6040,54342,6035,56088
2020-06-08 09:31:14.750000,6048.83,6045,44870,6050,67210,6040,54342,6035,56088
2020-06-08 09:31:15.050000,6048.83,6045,61156,6050,67210,6040,54367,6035,56088
2020-06-08 09:31:15.850000,6048.83,6045,40591,6050,76009,6040,54367,6035,59886
2020-06-08 09:31:16.900000,6048.83,6045,37781,6050,75999,6040,47334,6035,59919
2020-06-08 09:31:17.080000,6048.83,6045,53964,6050,75999,6040,41534,6035,56121
2020-06-08 09:31:17.920000,6050.4,6045,52753,6050,75999,6040,32079,6035,56121
2020-06-08 09:31:18.430000,6050.4,6045,36570,6050,75999,6040,47434,6035,59920
2020-06-08 09:31:19.540000,6051.45,6045,34070,6050,76009,6040,47434,6035,59920
2020-06-08 09:31:20.150000,6051.45,6045,50253,6050,76009,6040,32079,6035,56122
2020-06-08 09:31:21.170000,6051.45,6045,52753,6050,76009,6040,32079,6035,56122
2020-06-08 09:31:22.150000,6050.93,6045,36570,6050,76009,6040,32096,6035,56122
2020-06-08 09:31:22.800000,6050.93,6045,64908,6050,85564,6040,32096,6035,56122
2020-06-08 09:31:23.830000,6050.93,6045,64908,6050,76009,6040,32146,6035,56122
2020-06-08 09:31:24.970000,6050.93,6045,75408,6050,79564,6040,28144,6035,56172
2020-06-08 09:31:26.000000,6050.93,6045,84585,6050,75766,6040,23087,6035,56172
2020-06-08 09:31:26.950000,6050.93,6045,84585,6050,75766,6040,23087,6035,56172
2020-06-08 09:31:27.950000,6049.36,6045,80787,6050,79564,6040,23085,6035,56172
2020-06-08 09:31:29.080000,6047.79,6045,80787,6050,79564,6040,28085,6035,58164
2020-06-08 09:31:29.540000,6048.83,6045,74787,6050,85564,6040,11972,6035,58164
2020-06-08 09:31:30.580000,6048.83,6045,84585,6050,75766,6040,11972,6035,58164
2020-06-08 09:31:31.020000,6048.83,6045,84585,6050,75766,6040,12182,6035,58164
2020-06-08 09:31:32.220000,6048.83,6045,84585,6050,75766,6040,11423,6035,58964
2020-06-08 09:31:32.520000,6048.83,6045,80787,6050,79564,6040,16423,6035,58964
2020-06-08 09:31:33.270000,6048.83,6045,80787,6050,79564,6040,16423,6035,58964
2020-06-08 09:31:34.270000,6048.83,6045,84585,6050,75766,6040,11425,6035,58964
2020-06-08 09:31:34.940000,6048.83,6045,84585,6050,75766,6040,15280,6035,58964
2020-06-08 09:31:35.870000,6048.83,6045,84585,6050,75766,6040,26461,6035,58965
2020-06-08 09:31:36.830000,6048.83,6045,84585,6050,75766,6040,28186,6035,58965
2020-06-08 09:31:37.400000,6048.83,6045,84585,6050,75766,6040,30411,6035,58975
2020-06-08 09:31:38.460000,6048.83,6045,84585,6050,75766,6040,30411,6035,58975
2020-06-08 09:31:38.770000,6048.83,6045,80773,6050,79564,6040,30411,6035,58975
2020-06-08 09:31:39.470000,6048.31,6045,80773,6050,79564,6040,30411,6035,58975
2020-06-08 09:31:40.440000,6048.83,6045,80773,6050,79564,6040,30411,6035,58975
2020-06-08 09:31:40.680000,6048.83,6045,74773,6050,85564,6040,33604,6035,58975
2020-06-08 09:31:41.620000,6048.83,6045,74773,6050,85564,6040,33614,6035,66118
2020-06-08 09:31:42.040000,6048.83,6045,74300,6050,85564,6040,33617,6035,66118
2020-06-08 09:31:43.170000,6048.83,6045,74300,6050,76009,6040,38617,6035,66118
2020-06-08 09:31:43.510000,6048.83,6045,80300,6050,79564,6040,38617,6035,66118
2020-06-08 09:31:44.280000,6048.83,6045,74300,6050,76009,6040,43674,6035,66118
2020-06-08 09:31:45.310000,6048.83,6045,74300,6050,76009,6040,43684,6035,66118
2020-06-08 09:31:46.360000,6048.83,6045,71799,6050,76009,6040,43754,6035,66118
2020-06-08 09:31:46.840000,6048.83,6045,71684,6050,76009,6040,43754,6035,66118
2020-06-08 09:31:47.930000,6048.83,6045,71684,6050,76009,6040,43754,6035,66121
2020-06-08 09:31:48.240000,6048.83,6045,77684,6050,70009,6040,43754,6035,66121
2020-06-08 09:31:48.950000,6048.83,6045,73584,6050,76009,6040,43754,6035,66121
2020-06-08 09:31:50.030000,6048.83,6045,46222,6050,76009,6040,59109,6035,66121
2020-06-08 09:31:50.310000,6048.83,6050,91509,6055,53935,6045,22776,6040,64103
2020-06-08 09:31:51.060000,6048.83,6050,84509,6055,55938,6045,19476,6040,64105
2020-06-08 09:31:52.140000,6048.83,6050,84509,6055,55938,6045,19476,6040,64105
2020-06-08 09:31:52.370000,6048.83,6050,84509,6055,55938,6045,19476,6040,67145
2020-06-08 09:31:53.160000,6048.83,6050,84509,6055,55938,6045,19481,6040,67140
2020-06-08 09:31:54.170000,6048.83,6050,91509,6055,53938,6045,19481,6040,67140
2020-06-08 09:31:54.410000,6048.83,6050,71509,6055,55938,6045,24481,6040,67140
2020-06-08 09:31:55.200000,6048.83,6050,71509,6055,55938,6045,37481,6040,67240
2020-06-08 09:31:56.330000,6048.83,6050,67711,6055,59736,6045,39981,6040,67240
2020-06-08 09:31:57.330000,6050.93,6050,67711,6055,59736,6045,27481,6040,67240
2020-06-08 09:31:58.350000,6053.02,6050,65509,6055,71938,6045,27481,6040,67240
2020-06-08 09:31:58.850000,6053.02,6050,74009,6055,65938,6045,27791,6040,67240
2020-06-08 09:32:00.050000,6053.02,6050,71048,6055,65938,6045,40959,6040,65714
2020-06-08 09:32:01.050000,6053.02,6050,71048,6055,65938,6045,28059,6040,65714
2020-06-08 09:32:02.050000,6053.02,6050,84148,6055,65938,6045,27965,6040,65714
2020-06-08 09:32:03.660000,6053.02,6050,71198,6055,65938,6045,27965,6040,65714
2020-06-08 09:32:04.630000,6053.02,6050,71098,6055,65938,6045,30975,6040,65714
2020-06-08 09:32:05.020000,6053.02,6050,84915,6055,65938,6045,42856,6040,65714
2020-06-08 09:32:05.810000,6053.02,6050,71805,6055,65938,6045,37856,6040,65814
2020-06-08 09:32:06.840000,6053.02,6050,71805,6055,65938,6045,39656,6040,62774
2020-06-08 09:32:07.820000,6054.07,6050,72169,6055,65938,6045,38859,6040,62784
2020-06-08 09:32:08.300000,6054.07,6050,76369,6055,65938,6045,38859,6040,62784
2020-06-08 09:32:09.380000,6053.02,6050,72169,6055,65938,6045,43859,6040,62784
2020-06-08 09:32:09.970000,6053.02,6050,72169,6055,65938,6045,43840,6040,59946
2020-06-08 09:32:10.920000,6053.54,6050,71969,6055,65978,6045,44240,6040,59946
2020-06-08 09:32:12.000000,6053.54,6050,85369,6055,65978,6045,44240,6040,59946
2020-06-08 09:32:12.400000,6053.54,6050,85366,6055,65978,6045,41754,6040,59946
2020-06-08 09:32:13.590000,6053.54,6050,71966,6055,65978,6045,36754,6040,59946
2020-06-08 09:32:14.010000,6053.54,6050,70966,6055,65964,6045,36754,6040,59946
2020-06-08 09:32:14.650000,6053.54,6050,91166,6055,63964,6045,39754,6040,53815
2020-06-08 09:32:15.690000,6053.54,6050,91166,6055,63964,6045,28223,6040,43815
2020-06-08 09:32:16.110000,6053.54,6050,91136,6055,63964,6045,47590,6040,43815
2020-06-08 09:32:17.300000,6053.54,6050,86136,6055,63964,6045,47590,6040,48815
2020-06-08 09:32:17.650000,6053.02,6050,79336,6055,65964,6045,35709,6040,60696
2020-06-08 09:32:18.800000,6052.5,6050,86336,6055,63964,6045,40709,6040,60696
2020-06-08 09:32:19.830000,6053.02,6050,86336,6055,63964,6045,8059,6040,55696
2020-06-08 09:32:20.090000,6051.45,6050,86336,6055,63964,6045,8084,6040,55696
2020-06-08 09:32:20.950000,6051.45,6050,87496,6055,63964,6045,13284,6040,55696
2020-06-08 09:32:21.960000,6051.45,6050,87496,6055,63964,6045,13284,6040,55696
2020-06-08 09:32:22.180000,6051.45,6050,87496,6055,63964,6045,13284,6040,55696
2020-06-08 09:32:22.970000,6051.45,6050,87496,6055,63964,6045,13294,6040,55696
2020-06-08 09:32:23.450000,6051.45,6050,87391,6055,63964,6045,38362,6040,55696
2020-06-08 09:32:24.570000,6051.45,6050,87391,6055,63964,6045,13995,6040,55696
2020-06-08 09:32:24.770000,6051.45,6050,82391,6055,63964,6045,12095,6040,55696
2020-06-08 09:32:25.680000,6051.45,6045,18683,6050,85026,6040,58182,6035,82815
2020-06-08 09:32:26.750000,6051.45,6045,20583,6050,78726,6040,42827,6035,82865
2020-06-08 09:32:26.960000,6051.45,6045,18123,6050,78726,6040,58182,6035,82865
2020-06-08 09:32:27.760000,6051.45,6045,1940,6050,78726,6040,58182,6035,82865
2020-06-08 09:32:28.790000,6050.4,6050,87026,6055,63924,6045,5000,6040,58182
2020-06-08 09:32:29.270000,6051.45,6050,86526,6055,63924,6045,5,6040,58898
2020-06-08 09:32:30.440000,6051.45,6050,61925,6055,65924,6045,24363,6040,64198
2020-06-08 09:32:30.750000,6053.02,6050,44596,6055,66350,6045,29469,6040,64198
2020-06-08 09:32:31.950000,6053.02,6050,50599,6055,60350,6045,35252,6040,64298
2020-06-08 09:32:32.410000,6053.02,6050,42699,6055,66350,6045,35264,6040,64299
2020-06-08 09:32:33.530000,6053.02,6050,44599,6055,66350,6045,35282,6040,64299
2020-06-08 09:32:34.020000,6053.02,6050,37715,6055,73132,6045,35282,6040,63199
2020-06-08 09:32:35.160000,6053.02,6050,59621,6055,78889,6045,35282,6040,63199
2020-06-08 09:32:35.370000,6053.02,6050,65618,6055,72889,6045,31208,6040,63199
2020-06-08 09:32:36.270000,6053.02,6050,72618,6055,70889,6045,31208,6040,63199
2020-06-08 09:32:37.240000,6053.02,6050,72618,6055,70889,6045,31208,6040,63699
2020-06-08 09:32:37.820000,6054.59,6050,65600,6055,72889,6045,31208,6040,63699
2020-06-08 09:32:38.800000,6054.07,6050,65600,6055,72889,6045,31209,6040,63699
2020-06-08 09:32:39.950000,6053.02,6050,77650,6055,70889,6040,63884,6035,86671
2020-06-08 09:32:40.940000,6050.93,6050,77661,6055,70889,6045,1,6040,63884
2020-06-08 09:32:41.300000,6050.93,6050,77661,6055,70889,6040,63884,6035,86671
2020-06-08 09:32:42.070000,6050.93,6045,39,6050,77622,6040,63884,6035,86671
2020-06-08 09:32:43.060000,6050.93,6045,14,6050,77622,6040,63884,6035,86671
2020-06-08 09:32:44.070000,6050.93,6045,31443,6050,86894,6040,48529,6035,82873
2020-06-08 09:32:44.420000,6050.93,6045,28348,6050,64239,6040,43483,6035,82873
2020-06-08 09:32:45.180000,6050.93,6045,28348,6050,64269,6040,48540,6035,82873
2020-06-08 09:32:46.150000,6050.93,6045,28348,6050,65269,6040,52540,6035,82873
2020-06-08 09:32:46.470000,6050.93,6045,28348,6050,65269,6040,52540,6035,82873
2020-06-08 09:32:47.260000,6051.45,6045,17737,6050,65274,6040,52542,6035,82873
2020-06-08 09:32:48.270000,6048.83,6045,12705,6050,65274,6040,67899,6035,82873
2020-06-08 09:32:49.320000,6050.93,6045,6229,6050,65274,6040,67899,6035,82873
2020-06-08 09:32:50.380000,6050.93,6050,71174,6055,72894,6045,27018,6040,72899
2020-06-08 09:32:51.380000,6050.93,6050,78174,6055,70894,6040,67899,6035,86671
2020-06-08 09:32:51.910000,6050.93,6045,25270,6050,78174,6040,52544,6035,82873
2020-06-08 09:32:52.950000,6050.93,6045,18711,6050,78174,6040,52044,6035,82873
2020-06-08 09:32:53.950000,6050.93,6045,18661,6050,78174,6040,52044,6035,82873
2020-06-08 09:32:54.380000,6050.93,6045,19311,6050,78174,6040,67599,6035,82873
2020-06-08 09:32:55.760000,6050.93,6045,16311,6050,78179,6040,64599,6035,82873
2020-06-08 09:32:57.040000,6050.93,6045,16532,6050,78179,6040,64599,6035,82873
2020-06-08 09:32:58.070000,6050.93,6045,16632,6050,78179,6040,64599,6035,82873
2020-06-08 09:32:58.250000,6051.45,6045,16632,6050,78179,6040,64599,6035,82873
2020-06-08 09:32:59.180000,6051.45,6045,16682,6050,78179,6040,64599,6035,82873
2020-06-08 09:32:59.430000,6051.45,6045,16672,6050,78179,6040,64599,6035,82893
2020-06-08 09:33:00.340000,6050.4,6050,78179,6055,70899,6040,64599,6035,86691
2020-06-08 09:33:00.900000,6050.4,6050,71179,6055,72899,6045,23111,6040,72128
2020-06-08 09:33:01.820000,6050.4,6050,78179,6055,70899,6045,23111,6040,72128
2020-06-08 09:33:02.820000,6050.4,6050,52279,6055,78899,6045,24111,6040,72128
2020-06-08 09:33:03.070000,6050.4,6050,42435,6055,82697,6045,35415,6040,72128
2020-06-08 09:33:04.000000,6050.4,6050,55235,6055,82697,6045,35415,6040,68935
2020-06-08 09:33:05.000000,6050.4,6050,55235,6055,82697,6045,28563,6040,68935
2020-06-08 09:33:05.500000,6050.4,6050,70033,6055,72899,6045,30204,6040,68935
2020-06-08 09:33:06.570000,6050.4,6050,64032,6055,78899,6045,30203,6040,68935
2020-06-08 09:33:06.740000,6050.4,6050,64032,6055,78899,6045,30204,6040,68935
2020-06-08 09:33:07.560000,6051.97,6050,64032,6055,78899,6045,30304,6040,68935
2020-06-08 09:33:07.930000,6054.07,6050,64032,6055,78899,6045,30304,6040,68935
2020-06-08 09:33:09.060000,6053.02,6050,64022,6055,78899,6045,30304,6040,68935
2020-06-08 09:33:09.410000,6053.02,6050,77022,6055,70899,6045,30304,6040,68935
2020-06-08 09:33:10.190000,6053.02,6050,77022,6055,70899,6045,30329,6040,68935
2020-06-08 09:33:10.670000,6053.02,6050,77022,6055,70899,6045,30349,6040,70435
2020-06-08 09:33:11.220000,6053.02,6050,64022,6055,78899,6045,30349,6040,70485
2020-06-08 09:33:11.800000,6053.02,6050,58122,6055,78899,6045,30349,6040,70485
2020-06-08 09:33:12.770000,6053.02,6050,59222,6055,78899,6045,30349,6040,70485
2020-06-08 09:33:13.040000,6053.02,6050,59222,6055,78899,6045,30549,6040,70485
2020-06-08 09:33:14.350000,6053.02,6050,42424,6055,82697,6045,35480,6040,70485
2020-06-08 09:33:15.460000,6053.02,6050,55124,6055,82697,6045,35480,6040,70485
2020-06-08 09:33:15.940000,6053.02,6050,46224,6055,82697,6045,37196,6040,69769
2020-06-08 09:33:17.050000,6053.02,6050,42424,6055,82697,6045,37196,6040,69769
2020-06-08 09:33:17.520000,6053.54,6050,34990,6055,81941,6045,55654,6040,69769
2020-06-08 09:33:18.180000,6053.54,6050,34990,6055,81941,6045,55654,6040,69769
2020-06-08 09:33:19.130000,6055.11,6050,34965,6055,81966,6045,55654,6040,69769
2020-06-08 09:33:19.410000,6055.11,6050,29897,6055,81966,6045,55654,6040,69769
2020-06-08 09:33:20.250000,6055.11,6050,29897,6055,81966,6045,55574,6040,69769
2020-06-08 09:33:20.730000,6055.11,6050,13917,6055,81966,6045,55574,6040,73567
2020-06-08 09:33:21.760000,6055.11,6050,12768,6055,81966,6045,55576,6040,73567
2020-06-08 09:33:22.340000,6055.11,6050,12684,6055,81974,6045,55492,6040,73567
2020-06-08 09:33:23.310000,6055.11,6050,12684,6055,81974,6045,55492,6040,73567
2020-06-08 09:33:23.740000,6055.11,6050,12484,6055,81974,6045,55492,6040,73567
2020-06-08 09:33:24.420000,6055.11,6050,33232,6055,81974,6045,65492,6040,69769
2020-06-08 09:33:25.450000,6055.11,6050,33232,6055,81974,6045,50138,6040,69769
2020-06-08 09:33:25.820000,6055.11,6050,33232,6055,81974,6045,65493,6040,73567
2020-06-08 09:33:26.540000,6055.11,6050,462,6055,81974,6045,65494,6040,73567
2020-06-08 09:33:27.580000,6056.16,6050,3962,6055,90126,6045,65344,6040,73568
2020-06-08 09:33:27.870000,6056.16,6055,90126,6060,86281,6045,65344,6040,73568
2020-06-08 09:33:28.590000,6055.11,6055,92626,6060,86281,6045,66344,6040,73569
2020-06-08 09:33:29.640000,6055.11,6055,105426,6060,86281,6050,6500,6045,71344
2020-06-08 09:33:29.850000,6055.11,6055,105426,6060,86281,6050,24912,6045,71344
2020-06-08 09:33:30.700000,6053.54,6050,57072,6055,97626,6045,45885,6040,69773
2020-06-08 09:33:31.120000,6053.54,6050,64838,6055,103383,6045,45885,6040,69773
2020-06-08 09:33:32.200000,6053.54,6050,41128,6055,107181,6045,45885,6040,69773
2020-06-08 09:33:32.570000,6053.54,6050,54028,6055,97626,6045,45885,6040,69773
2020-06-08 09:33:33.280000,6053.54,6050,54778,6055,107181,6045,45885,6040,69773
2020-06-08 09:33:34.350000,6053.54,6050,48583,6055,107181,6045,46372,6040,69773
2020-06-08 09:33:34.890000,6053.54,6050,65481,6055,103383,6045,48983,6040,69773
2020-06-08 09:33:35.950000,6053.54,6050,48583,6055,107181,6045,50683,6040,69773
2020-06-08 09:33:36.960000,6053.54,6050,54483,6055,107181,6045,50920,6040,69773
2020-06-08 09:33:37.240000,6053.54,6050,52383,6055,107181,6045,50923,6040,69773
2020-06-08 09:33:38.020000,6053.02,6050,52383,6055,97626,6045,50923,6040,69773
2020-06-08 09:33:39.130000,6054.59,6050,65601,6055,97383,6045,41892,6040,69773
2020-06-08 09:33:40.200000,6053.54,6050,87701,6055,97383,6045,41892,6040,64773
2020-06-08 09:33:40.620000,6051.97,6050,75601,6055,97383,6045,41753,6040,69773
2020-06-08 09:33:41.760000,6051.97,6050,75601,6055,97383,6045,43077,6040,69773
2020-06-08 09:33:42.170000,6051.97,6050,80801,6055,97383,6045,43077,6040,69773
2020-06-08 09:33:43.240000,6051.97,6050,69601,6055,103383,6045,43077,6040,69773
2020-06-08 09:33:44.370000,6051.97,6050,65803,6055,107181,6045,45865,6040,69773
2020-06-08 09:33:45.350000,6051.97,6050,65803,6055,107181,6045,45865,6040,69773
2020-06-08 09:33:45.730000,6051.97,6050,66530,6055,97626,6045,45865,6040,69773
2020-06-08 09:33:46.440000,6051.97,6050,66530,6055,97626,6045,45865,6040,69763
2020-06-08 09:33:47.470000,6053.54,6050,66530,6055,97626,6045,45900,6040,69763
2020-06-08 09:33:48.000000,6054.59,6050,66530,6055,107181,6045,45900,6040,69763
2020-06-08 09:33:49.070000,6054.59,6050,58090,6055,97626,6045,50884,6040,69763
2020-06-08 09:33:50.050000,6054.59,6050,75807,6055,107181,6045,51184,6040,69763
2020-06-08 09:33:50.350000,6054.59,6050,63137,6055,97626,6045,46200,6040,69763
2020-06-08 09:33:51.140000,6054.59,6050,71902,6055,97394,6045,46200,6040,69763
2020-06-08 09:33:52.150000,6054.59,6050,62937,6055,106949,6045,43432,6040,70563
2020-06-08 09:33:52.430000,6054.59,6050,62937,6055,106949,6045,51088,6040,70563
2020-06-08 09:33:53.190000,6054.59,6050,58504,6055,106949,6045,51088,6040,70563
2020-06-08 09:33:54.320000,6054.59,6050,52704,6055,97394,6045,58911,6040,70563
2020-06-08 09:33:55.360000,6055.11,6050,43015,6055,97394,6045,64266,6040,70563
2020-06-08 09:33:56.310000,6055.11,6050,41015,6055,97394,6045,64266,6040,70598
2020-06-08 09:33:56.570000,6055.11,6050,40933,6055,97394,6045,64276,6040,70598
2020-06-08 09:33:57.480000,6053.54,6050,35015,6055,97394,6045,64586,6040,70598
2020-06-08 09:33:58.010000,6055.11,6050,24012,6055,97394,6045,64636,6040,74396
2020-06-08 09:33:59.050000,6055.11,6050,48856,6055,97394,6045,64636,6040,75396
2020-06-08 09:33:59.500000,6056.68,6050,44424,6055,97394,6045,54286,6040,66598
2020-06-08 09:34:00.710000,6055.64,6050,40583,6055,97394,6045,54286,6040,66357
2020-06-08 09:34:01.100000,6055.64,6050,39581,6055,97394,6045,49286,6040,66357
2020-06-08 09:34:02.170000,6055.64,6050,39131,6055,97394,6045,49727,6040,65717
2020-06-08 09:34:02.810000,6055.64,6050,39130,6055,97394,6045,50727,6040,64217
2020-06-08 09:34:03.800000,6055.64,6050,47929,6055,97394,6045,50727,6040,64217
2020-06-08 09:34:04.310000,6055.64,6050,53842,6055,100949,6045,46184,6040,64217
2020-06-08 09:34:05.320000,6055.64,6050,58860,6055,100949,6045,44415,6040,64217
2020-06-08 09:34:05.740000,6055.64,6050,74658,6055,95151,6045,17123,6040,59217
2020-06-08 09:34:06.510000,6055.64,6050,74658,6055,95151,6045,17143,6040,59217
2020-06-08 09:34:07.500000,6055.64,6045,8799,6050,71260,6040,62846,6035,62242
2020-06-08 09:34:08.500000,6054.59,6050,71260,6055,95151,6045,1,6040,62846
2020-06-08 09:34:08.680000,6052.5,6050,69260,6055,95151,6040,62846,6035,62242
2020-06-08 09:34:09.590000,6050.93,6050,69260,6055,95151,6045,24670,6040,67851
2020-06-08 09:34:10.490000,6050.93,6050,77412,6055,86999,6045,24670,6040,67868
2020-06-08 09:34:10.750000,6050.93,6050,77412,6055,86999,6045,24670,6040,67866
2020-06-08 09:34:11.680000,6050.93,6050,89544,6055,86999,6045,24670,6040,67866
2020-06-08 09:34:12.980000,6050.93,6050,89543,6055,86999,6045,27670,6040,68166
2020-06-08 09:34:13.780000,6050.93,6050,89543,6055,86999,6045,32429,6040,68166
2020-06-08 09:34:14.820000,6050.93,6050,82543,6055,88999,6045,32429,6040,68166
2020-06-08 09:34:15.040000,6050.93,6050,82543,6055,88999,6045,42239,6040,68166
2020-06-08 09:34:15.880000,6050.93,6050,77543,6055,88999,6045,42339,6040,68166
2020-06-08 09:34:16.910000,6050.93,6050,73147,6055,93395,6045,45339,6040,68216
2020-06-08 09:34:17.210000,6052.5,6050,63349,6055,93638,6045,51473,6040,68216
2020-06-08 09:34:17.940000,6052.5,6050,64349,6055,93638,6045,51473,6040,68516
2020-06-08 09:34:19.040000,6052.5,6050,55550,6055,93638,6045,58984,6040,68716
2020-06-08 09:34:19.590000,6054.07,6050,55500,6055,93638,6045,59984,6040,67716
2020-06-08 09:34:20.480000,6055.11,6050,55510,6055,93638,6045,62984,6040,67616
2020-06-08 09:34:20.860000,6055.11,6050,55510,6055,93638,6045,62984,6040,67616
2020-06-08 09:34:21.570000,6055.11,6050,54975,6055,93638,6045,62984,6040,67616
2020-06-08 09:34:22.180000,6055.11,6050,54975,6055,103193,6045,62974,6040,67616
2020-06-08 09:34:23.090000,6055.11,6050,54975,6055,93638,6045,63174,6040,67616
2020-06-08 09:34:23.380000,6055.11,6050,53981,6055,93638,6045,63174,6040,67616
2020-06-08 09:34:24.140000,6055.11,6050,53981,6055,93638,6045,63174,6040,67616
2020-06-08 09:34:25.240000,6055.11,6050,63779,6055,93395,6045,63174,6040,67616
2020-06-08 09:34:25.440000,6055.11,6050,63763,6055,93395,6045,58149,6040,67616
2020-06-08 09:34:26.330000,6055.11,6050,69898,6055,91395,6045,58149,6040,67616
2020-06-08 09:34:26.670000,6055.11,6050,69898,6055,91395,6045,55639,6040,67616
2020-06-08 09:34:27.860000,6055.11,6050,63898,6055,93395,6045,55639,6040,67616
2020-06-08 09:34:28.110000,6055.11,6050,63897,6055,93395,6045,55639,6040,67616
2020-06-08 09:34:28.940000,6053.02,6050,62607,6055,93395,6045,55639,6040,67616
2020-06-08 09:34:29.950000,6052.5,6050,62607,6055,93395,6045,55639,6040,67621
2020-06-08 09:34:30.240000,6050.93,6050,83406,6055,91395,6045,28858,6040,62621
2020-06-08 09:34:31.060000,6050.93,6050,83406,6055,91395,6045,30577,6040,62621
2020-06-08 09:34:32.140000,6050.93,6045,33149,6050,77406,6040,47266,6035,62840
2020-06-08 09:34:32.710000,6050.93,6045,31544,6050,83406,6040,42209,6035,62840
2020-06-08 09:34:33.730000,6050.93,6045,41010,6050,71266,6040,42209,6035,62840
2020-06-08 09:34:34.750000,6050.93,6045,41010,6050,80821,6040,42209,6035,62840
2020-06-08 09:34:35.780000,6050.93,6045,41005,6050,71266,6040,42252,6035,62840
2020-06-08 09:34:36.730000,6050.93,6045,31602,6050,80821,6040,42255,6035,62840
2020-06-08 09:34:37.730000,6050.4,6045,31602,6050,80821,6040,42255,6035,62870
2020-06-08 09:34:38.750000,6048.83,6045,31597,6050,80831,6040,42255,6035,62870
2020-06-08 09:34:38.860000,6048.83,6045,30275,6050,80831,6040,42255,6035,62870
2020-06-08 09:34:39.980000,6048.83,6045,36275,6050,74831,6040,42255,6035,62870
2020-06-08 09:34:40.310000,6048.83,6045,30275,6050,80831,6040,42255,6035,62870
2020-06-08 09:34:41.630000,6048.83,6045,30275,6050,80831,6040,42755,6035,62870
2020-06-08 09:34:42.500000,6048.83,6045,33885,6050,80931,6040,42765,6035,62970
2020-06-08 09:34:44.060000,6048.83,6045,33885,6050,80931,6040,42765,6035,62970
2020-06-08 09:34:44.350000,6048.83,6045,30275,6050,80931,6040,42765,6035,62970
2020-06-08 09:34:45.170000,6048.83,6045,30274,6050,80931,6040,42765,6035,62970
2020-06-08 09:34:46.220000,6048.83,6045,21730,6050,71376,6040,47822,6035,62970
2020-06-08 09:34:46.580000,6048.83,6045,38887,6050,71376,6040,47022,6035,64294
2020-06-08 09:34:47.800000,6048.83,6045,13183,6050,71376,6040,62577,6035,64294
2020-06-08 09:34:48.160000,6048.31,6045,5442,6050,71376,6040,60048,6035,64294
2020-06-08 09:34:49.390000,6049.88,6050,71376,6055,91395,6045,19748,6040,60048
2020-06-08 09:34:49.840000,6049.88,6050,64376,6055,93395,6045,20748,6040,65053
2020-06-08 09:34:50.870000,6049.88,6050,64376,6055,93395,6045,20748,6040,66053
2020-06-08 09:34:51.140000,6049.88,6050,64376,6055,93395,6045,24631,6040,66053
2020-06-08 09:34:52.000000,6049.88,6050,64376,6055,93395,6045,24631,6040,76053
2020-06-08 09:34:53.060000,6049.88,6050,64376,6055,93395,6045,27131,6040,76053
2020-06-08 09:34:53.330000,6049.88,6050,46779,6055,87638,6045,36930,6040,76053
2020-06-08 09:34:54.330000,6049.88,6050,44279,6055,97193,6045,37931,6040,76353
2020-06-08 09:34:55.240000,6049.88,6050,44279,6055,87638,6045,38984,6040,76363
2020-06-08 09:34:56.230000,6049.88,6050,44279,6055,87638,6045,38984,6040,76363
2020-06-08 09:34:56.630000,6049.88,6050,47474,6055,97193,6045,38984,6040,76363
2020-06-08 09:34:57.360000,6053.02,6050,43236,6055,93638,6045,38417,6040,76363
2020-06-08 09:34:58.350000,6051.97,6050,43236,6055,93638,6045,38417,6040,76363
2020-06-08 09:34:58.870000,6053.02,6050,35023,6055,93638,6045,41263,6040,76363
2020-06-08 09:34:59.930000,6053.02,6050,35013,6055,93638,6045,41273,6040,76363
2020-06-08 09:35:00.430000,6053.02,6050,21177,6055,93638,6045,46377,6040,76363
2020-06-08 09:35:01.480000,6053.02,6050,7896,6055,93638,6045,46377,6040,76363
2020-06-08 09:35:01.950000,6053.02,6050,7895,6055,93638,6045,61732,6040,76363
2020-06-08 09:35:03.090000,6053.02,6050,7895,6055,94638,6045,61732,6040,76363
2020-06-08 09:35:03.440000,6053.02,6050,2438,6055,94638,6045,61739,6040,76063
2020-06-08 09:35:04.170000,6053.02,6050,2438,6055,94638,6045,61739,6040,76063
2020-06-08 09:35:05.140000,6053.02,6055,82638,6060,81335,6050,19912,6045,66739
2020-06-08 09:35:05.640000,6053.02,6055,82638,6060,81335,6050,20373,6045,66739
2020-06-08 09:35:06.750000,6053.02,6055,82638,6060,81335,6050,20373,6045,62856
2020-06-08 09:35:07.730000,6053.02,6055,82638,6060,81335,6050,20378,6045,72856
2020-06-08 09:35:09.890000,6056.68,6055,76638,6060,87335,6050,21431,6045,71803
2020-06-08 09:35:10.140000,6057.73,6055,78840,6060,85133,6050,21596,6045,71803
2020-06-08 09:35:10.880000,6057.73,6055,78840,6060,85133,6050,21596,6045,71803
2020-06-08 09:35:12.010000,6057.73,6055,78840,6060,85133,6050,21596,6045,71803
2020-06-08 09:35:12.640000,6057.73,6055,83365,6060,81335,6050,21596,6045,71803
2020-06-08 09:35:13.590000,6057.73,6055,64768,6060,81578,6050,37947,6045,71803
2020-06-08 09:35:14.640000,6057.73,6055,64768,6060,89933,6050,32950,6045,71803
2020-06-08 09:35:14.810000,6057.73,6055,64763,6060,99488,6050,32950,6045,71803
2020-06-08 09:35:15.590000,6057.73,6055,64773,6060,89933,6050,32950,6045,71803
2020-06-08 09:35:16.630000,6057.73,6055,70273,6060,93488,6050,32950,6045,71803
2020-06-08 09:35:16.840000,6057.73,6055,63491,6060,93488,6050,32950,6045,71803
2020-06-08 09:35:17.770000,6057.73,6055,66253,6060,93488,6050,32922,6045,71803
2020-06-08 09:35:18.310000,6059.3,6055,64051,6060,95690,6050,32950,6045,71803
2020-06-08 09:35:19.380000,6059.3,6055,70051,6060,89690,6050,32995,6045,71803
2020-06-08 09:35:19.610000,6059.3,6055,75744,6060,89690,6050,24196,6045,71803
2020-06-08 09:35:20.400000,6057.73,6055,75794,6060,89690,6050,23806,6045,71803
2020-06-08 09:35:21.320000,6057.73,6055,75794,6060,89690,6050,23806,6045,71804
2020-06-08 09:35:21.560000,6057.73,6055,87816,6060,87690,6045,66804,6040,69755
2020-06-08 09:35:22.570000,6057.73,6055,80816,6060,89690,6050,14912,6045,66804
2020-06-08 09:35:23.610000,6057.73,6055,87816,6060,87690,6045,67404,6040,69755
2020-06-08 09:35:23.920000,6057.73,6055,87826,6060,87690,6050,26831,6045,67404
2020-06-08 09:35:24.640000,6057.73,6055,87826,6060,87690,6050,26831,6045,67404
2020-06-08 09:35:25.760000,6057.73,6055,87826,6060,87690,6050,11920,6045,67404
2020-06-08 09:35:26.750000,6057.73,6055,87826,6060,87690,6050,32832,6045,68438
2020-06-08 09:35:26.970000,6057.73,6055,87826,6060,87690,6050,32837,6045,68433
2020-06-08 09:35:27.880000,6056.68,6055,73326,6060,89690,6050,33002,6045,73433
2020-06-08 09:35:28.360000,6056.68,6055,69528,6060,93488,6050,35273,6045,73433
2020-06-08 09:35:29.410000,6057.21,6055,69528,6060,93488,6050,34373,6045,73433
2020-06-08 09:35:29.760000,6057.21,6055,56173,6060,99488,6050,42950,6045,73433
2020-06-08 09:35:31.030000,6059.3,6055,56173,6060,89933,6050,45288,6045,78395
2020-06-08 09:35:31.270000,6059.3,6055,56172,6060,89933,6050,45292,6045,78395
2020-06-08 09:35:32.080000,6059.3,6055,56172,6060,89933,6050,45292,6045,78395
2020-06-08 09:35:33.030000,6059.3,6055,62627,6060,89933,6050,45294,6045,78395
2020-06-08 09:35:33.510000,6059.3,6055,66425,6060,95690,6050,33443,6045,78420
2020-06-08 09:35:34.000000,6059.3,6055,72420,6060,89690,6050,18541,6045,73420
2020-06-08 09:35:34.630000,6059.3,6055,72420,6060,89690,6050,56453,6045,75574
2020-06-08 09:35:35.620000,6059.3,6055,72422,6060,86190,6050,51453,6045,75574
2020-06-08 09:35:35.870000,6059.3,6055,79422,6060,84190,6050,38551,6045,70574
2020-06-08 09:35:36.700000,6059.3,6055,79222,6060,84190,6050,38551,6045,70574
2020-06-08 09:35:37.090000,6059.3,6055,79222,6060,84190,6050,36551,6045,70574
2020-06-08 09:35:38.220000,6058.25,6055,79222,6060,84190,6050,36601,6045,70574
2020-06-08 09:35:38.500000,6057.21,6055,79222,6060,84090,6050,51513,6045,70574
2020-06-08 09:35:39.310000,6056.16,6055,79222,6060,84110,6050,51513,6045,70874
2020-06-08 09:35:40.320000,6056.16,6055,79222,6060,84110,6050,51513,6045,70874
2020-06-08 09:35:40.510000,6056.16,6055,72222,6060,86110,6050,51518,6045,75874
2020-06-08 09:35:41.470000,6056.16,6055,79222,6060,84110,6050,51518,6045,75874
2020-06-08 09:35:41.870000,6056.16,6055,79222,6060,84110,6050,49518,6045,75874
2020-06-08 09:35:42.950000,6056.16,6055,79222,6060,84110,6050,49516,6045,75874
2020-06-08 09:35:43.340000,6056.16,6055,72222,6060,86110,6050,52478,6045,75874
2020-06-08 09:35:43.940000,6056.16,6055,72222,6060,86110,6050,52966,6045,75874
2020-06-08 09:35:45.090000,6056.16,6055,66222,6060,92110,6050,52966,6045,75874
2020-06-08 09:35:45.320000,6056.16,6055,59767,6060,92110,6050,52966,6045,75874
2020-06-08 09:35:46.070000,6056.16,6055,59767,6060,92110,6050,52956,6045,75874
2020-06-08 09:35:46.510000,6056.16,6055,59767,6060,92107,6050,52956,6045,75874
2020-06-08 09:35:47.100000,6056.16,6055,58767,6060,92107,6050,52956,6045,73931
2020-06-08 09:35:47.680000,6058.25,6055,58767,6060,92107,6050,52929,6045,73931
2020-06-08 09:35:48.800000,6058.25,6055,64767,6060,86107,6050,52929,6045,73931
2020-06-08 09:35:49.040000,6057.73,6055,65167,6060,86107,6050,52929,6045,77588
2020-06-08 09:35:49.760000,6057.73,6055,65167,6060,86107,6050,52929,6045,77588
2020-06-08 09:35:50.150000,6057.73,6055,59167,6060,92107,6050,52929,6045,77588
2020-06-08 09:35:50.780000,6057.73,6055,59167,6060,92107,6050,52954,6045,77688
2020-06-08 09:35:51.240000,6057.73,6055,65167,6060,86107,6050,52954,6045,77688
2020-06-08 09:35:51.920000,6057.73,6055,80522,6060,84107,6050,38042,6045,77688
2020-06-08 09:35:52.940000,6057.73,6055,80522,6060,84107,6050,52984,6045,77689
2020-06-08 09:35:53.440000,6057.73,6055,73522,6060,86107,6050,55790,6045,77689
2020-06-08 09:35:54.100000,6057.73,6055,55369,6060,95905,6050,60856,6045,77689
2020-06-08 09:35:55.110000,6057.73,6055,55369,6060,95905,6050,64319,6045,77689
2020-06-08 09:35:55.400000,6057.73,6055,55369,6060,86350,6050,67320,6045,77689
2020-06-08 09:35:56.100000,6057.73,6055,55369,6060,95905,6050,67321,6045,77689
2020-06-08 09:35:57.220000,6057.73,6055,65168,6060,86107,6050,67331,6045,77691
2020-06-08 09:35:57.480000,6057.73,6055,65168,6060,86107,6050,68825,6045,77691
2020-06-08 09:35:58.240000,6058.78,6055,65168,6060,86107,6050,69825,6045,77691
2020-06-08 09:35:59.280000,6058.78,6055,61370,6060,89905,6050,69970,6045,77691
2020-06-08 09:35:59.610000,6058.78,6055,51379,6060,86350,6050,77871,6045,77691
2020-06-08 09:36:00.380000,6059.82,6055,48879,6060,86350,6050,87962,6045,77691
2020-06-08 09:36:01.420000,6059.82,6055,46930,6060,86350,6050,87964,6045,77691
2020-06-08 09:36:01.690000,6059.82,6055,46930,6060,95905,6050,87964,6045,77691
2020-06-08 09:36:02.430000,6059.82,6055,46030,6060,86350,6050,87964,6045,77691
2020-06-08 09:36:03.430000,6059.82,6055,44542,6060,86350,6050,86676,6045,77691
2020-06-08 09:36:05.080000,6059.82,6055,55473,6060,89905,6050,86676,6045,77691
2020-06-08 09:36:05.330000,6059.82,6055,48473,6060,86350,6050,86676,6045,76691
2020-06-08 09:36:06.150000,6059.82,6055,48471,6060,86350,6050,86676,6045,76691
2020-06-08 09:36:07.070000,6059.82,6055,48169,6060,86350,6050,86676,6045,76691
2020-06-08 09:36:07.570000,6059.82,6055,48167,6060,86350,6050,86726,6045,76891
2020-06-08 09:36:08.730000,6059.82,6055,48167,6060,95905,6050,86726,6045,76891
2020-06-08 09:36:08.970000,6059.82,6055,48167,6060,95905,6050,86726,6045,76891
2020-06-08 09:36:09.770000,6059.82,6055,48167,6060,96005,6050,81676,6045,76891
2020-06-08 09:36:11.520000,6059.82,6055,46167,6060,96005,6050,79676,6045,76891
2020-06-08 09:36:12.440000,6059.82,6055,35336,6060,86450,6050,84676,6045,76891
2020-06-08 09:36:12.940000,6059.82,6060,71095,6065,74851,6055,48041,6050,105051
2020-06-08 09:36:14.000000,6059.82,6060,58297,6065,84649,6055,67033,6050,104051
2020-06-08 09:36:14.410000,6059.82,6060,58297,6065,84649,6055,67037,6050,104051
2020-06-08 09:36:15.630000,6059.82,6060,58297,6065,83893,6055,67537,6050,104051
2020-06-08 09:36:16.040000,6059.82,6060,58297,6065,83993,6055,67537,6050,104051
2020-06-08 09:36:17.140000,6059.82,6060,72977,6065,83750,6055,62498,6050,104051
2020-06-08 09:36:17.410000,6060.87,6060,83644,6065,81750,6055,72703,6050,99056
2020-06-08 09:36:18.100000,6062.44,6060,83144,6065,81750,6055,72703,6050,99056
2020-06-08 09:36:18.650000,6065.06,6060,76144,6065,83750,6055,72982,6050,104056
2020-06-08 09:36:19.800000,6061.92,6060,76144,6065,83750,6055,72982,6050,104456
2020-06-08 09:36:19.960000,6061.92,6060,75144,6065,83750,6055,51490,6050,104456
2020-06-08 09:36:20.790000,6062.44,6060,82142,6065,81758,6055,51490,6050,104456
2020-06-08 09:36:21.240000,6062.44,6060,75142,6065,83758,6055,51490,6050,104456
2020-06-08 09:36:22.390000,6062.44,6060,84692,6065,81758,6055,51490,6050,104456
2020-06-08 09:36:22.920000,6062.44,6060,87970,6065,81758,6055,49029,6050,103591
2020-06-08 09:36:23.960000,6062.44,6060,80975,6065,83758,6055,49029,6050,103591
2020-06-08 09:36:24.240000,6062.44,6060,80975,6065,83758,6055,49079,6050,103591
2020-06-08 09:36:24.970000,6062.44,6060,82973,6065,83758,6055,49079,6050,103691
2020-06-08 09:36:25.960000,6062.44,6060,83581,6065,83758,6055,49079,6050,103303
2020-06-08 09:36:26.330000,6062.44,6060,90579,6065,81758,6055,49079,6050,103161
2020-06-08 09:36:27.150000,6062.44,6060,95233,6065,75958,6055,22533,6050,98542
2020-06-08 09:36:28.130000,6062.44,6060,95330,6065,75958,6055,17533,6050,98542
2020-06-08 09:36:29.060000,6062.44,6060,95310,6065,75958,6055,17537,6050,98542
2020-06-08 09:36:29.440000,6060.87,6060,95308,6065,75958,6055,18401,6050,98542
2020-06-08 09:36:30.280000,6062.44,6060,77308,6065,85958,6055,24110,6050,103545
2020-06-08 09:36:31.260000,6062.44,6060,77208,6065,85958,6055,32214,6050,103545
2020-06-08 09:36:32.300000,6062.44,6060,77208,6065,85958,6055,36457,6050,103547
2020-06-08 09:36:33.870000,6062.44,6060,83208,6065,79958,6055,36845,6050,103557
2020-06-08 09:36:34.370000,6062.44,6060,83208,6065,79958,6055,36895,6050,103557
2020-06-08 09:36:35.470000,6062.44,6060,83208,6065,79968,6055,23096,6050,103557
2020-06-08 09:36:35.980000,6062.44,6060,93208,6065,79968,6055,23596,6050,103607
2020-06-08 09:36:37.050000,6062.44,6060,87208,6065,85968,6055,28596,6050,101666
2020-06-08 09:36:37.340000,6062.44,6060,87208,6065,85968,6055,35177,6050,101666
2020-06-08 09:36:38.110000,6062.96,6060,82105,6065,89766,6055,35177,6050,101666
2020-06-08 09:36:38.630000,6062.96,6060,82105,6065,89766,6055,35377,6050,101666
2020-06-08 09:36:39.630000,6062.96,6060,82105,6065,89766,6055,35377,6050,101667
2020-06-08 09:36:40.010000,6062.96,6060,82105,6065,89766,6055,35577,6050,101667
2020-06-08 09:36:40.740000,6062.96,6060,82105,6065,89766,6055,35526,6050,101667
2020-06-08 09:36:41.730000,6062.96,6060,82105,6065,89766,6055,40520,6050,101667
2020-06-08 09:36:42.830000,6062.96,6060,82105,6065,89766,6055,40520,6050,101667
2020-06-08 09:36:43.820000,6062.96,6060,82105,6065,89766,6055,40470,6050,101667
2020-06-08 09:36:44.310000,6062.96,6060,88260,6065,85968,6055,40470,6050,101667
2020-06-08 09:36:45.350000,6062.96,6060,81905,6065,89766,6055,40470,6050,101667
2020-06-08 09:36:46.380000,6062.96,6060,81905,6065,89766,6055,46970,6050,101667
2020-06-08 09:36:46.680000,6062.96,6060,81903,6065,89766,6055,46970,6050,101667
2020-06-08 09:36:47.510000,6062.96,6060,77986,6065,80211,6055,52168,6050,101267
2020-06-08 09:36:47.870000,6062.96,6060,73104,6065,80211,6055,52367,6050,101267
2020-06-08 09:36:49.090000,6062.96,6060,92027,6065,79968,6055,45817,6050,101267
2020-06-08 09:36:49.340000,6063.49,6060,99027,6065,77968,6055,35619,6050,101267
2020-06-08 09:36:50.180000,6064.54,6060,92027,6065,79968,6055,35619,6050,101267
2020-06-08 09:36:51.080000,6064.54,6060,92027,6065,79968,6055,35619,6050,101267
2020-06-08 09:36:51.420000,6064.54,6060,92029,6065,79968,6055,39508,6050,101267
2020-06-08 09:36:52.260000,6064.54,6060,99028,6065,77968,6055,39508,6050,101267
2020-06-08 09:36:53.310000,6063.49,6060,91997,6065,79968,6055,39508,6050,101267
2020-06-08 09:36:53.560000,6063.49,6060,91997,6065,79968,6055,39508,6050,101367
2020-06-08 09:36:54.370000,6063.49,6060,91947,6065,79968,6055,39608,6050,101367
2020-06-08 09:36:55.440000,6063.49,6060,98947,6065,77968,6055,39608,6050,101367
2020-06-08 09:36:55.790000,6063.49,6060,98947,6065,77968,6055,39608,6050,102367
2020-06-08 09:36:56.470000,6063.49,6060,98947,6065,77968,6055,39608,6050,98367
2020-06-08 09:36:57.420000,6063.49,6060,98947,6065,77968,6055,39608,6050,98367
2020-06-08 09:36:59.010000,6061.92,6060,103947,6065,77973,6055,22333,6050,98367
2020-06-08 09:36:59.440000,6061.92,6055,33279,6060,103947,6050,83012,6045,67101
2020-06-08 09:37:00.180000,6060.87,6055,44398,6060,103947,6050,83012,6045,67101
2020-06-08 09:37:01.210000,6060.87,6055,28928,6060,103947,6050,98367,6045,67101
2020-06-08 09:37:01.850000,6060.87,6060,96947,6065,79973,6055,12817,6050,103367
2020-06-08 09:37:02.800000,6060.87,6060,86920,6065,79973,6055,12817,6050,103369
2020-06-08 09:37:03.400000,6060.87,6060,91920,6065,79973,6055,17562,6050,103369
2020-06-08 09:37:04.390000,6060.87,6060,104156,6065,77973,6055,20562,6050,108369
2020-06-08 09:37:04.750000,6060.87,6060,103991,6065,77973,6055,22474,6050,108369
2020-06-08 09:37:06.380000,6060.87,6060,103991,6065,77973,6055,22474,6050,108419
2020-06-08 09:37:06.620000,6060.87,6060,103991,6065,77973,6055,3012,6050,108419
2020-06-08 09:37:07.540000,6063.49,6060,103991,6065,77973,6055,4514,6050,108419
2020-06-08 09:37:07.810000,6061.92,6060,103991,6065,77973,6055,4516,6050,108419
2020-06-08 09:37:08.580000,6061.92,6060,103991,6065,77973,6055,4520,6050,108419
2020-06-08 09:37:09.640000,6060.87,6055,29131,6060,103991,6050,93064,6045,67132
2020-06-08 09:37:10.250000,6059.82,6055,4660,6060,103991,6050,113419,6045,70930
2020-06-08 09:37:11.180000,6059.82,6055,19580,6060,103991,6050,108419,6045,67132
2020-06-08 09:37:12.220000,6059.82,6055,24580,6060,103991,6050,93064,6045,67132
2020-06-08 09:37:12.770000,6059.82,6055,24584,6060,103991,6050,93066,6045,67132
2020-06-08 09:37:13.800000,6059.82,6055,28160,6060,103991,6050,88601,6045,67132
2020-06-08 09:37:14.820000,6059.82,6055,24594,6060,103991,6050,88601,6045,67132
2020-06-08 09:37:15.030000,6059.82,6055,25482,6060,103991,6050,88601,6045,67132
2020-06-08 09:37:15.900000,6059.82,6055,1012,6060,103991,6050,103956,6045,67132
2020-06-08 09:37:16.410000,6059.82,6055,25282,6060,103991,6050,103956,6045,67134
2020-06-08 09:37:17.520000,6059.82,6055,24470,6060,103991,6050,103956,6045,67134
2020-06-08 09:37:17.780000,6061.39,6055,24770,6060,103991,6050,88602,6045,67134
2020-06-08 09:37:18.550000,6060.35,6055,3568,6060,103991,6050,103957,6045,70932
2020-06-08 09:37:19.530000,6060.35,6055,5629,6060,103991,6050,103957,6045,70932
2020-06-08 09:37:19.750000,6060.35,6055,5629,6060,103991,6050,103957,6045,70932
2020-06-08 09:37:20.670000,6061.92,6055,5629,6060,103991,6050,103957,6045,70932
2020-06-08 09:37:20.850000,6061.92,6055,10388,6060,103991,6050,108957,6045,70932
2020-06-08 09:37:21.660000,6061.92,6060,103991,6065,78063,6055,19591,6050,108957
2020-06-08 09:37:22.040000,6061.92,6060,103991,6065,78063,6055,20191,6050,108957
2020-06-08 09:37:23.220000,6061.92,6060,103991,6065,78063,6055,20225,6050,108957
2020-06-08 09:37:23.770000,6061.92,6060,103991,6065,78063,6055,20225,6050,109017
2020-06-08 09:37:24.830000,6061.92,6060,103991,6065,78063,6055,20227,6050,109017
2020-06-08 09:37:25.170000,6061.92,6060,103991,6065,78063,6055,20227,6050,109017
2020-06-08 09:37:25.930000,6061.92,6060,103991,6065,78063,6055,20227,6050,109017
2020-06-08 09:37:27.240000,6061.92,6060,103991,6065,78063,6055,19427,6050,109027
2020-06-08 09:37:27.910000,6061.92,6060,104001,6065,78063,6055,19427,6050,109077
2020-06-08 09:37:28.240000,6061.92,6060,104061,6065,78063,6055,20427,6050,109077
2020-06-08 09:37:29.570000,6061.92,6060,86061,6065,86063,6055,31805,6050,114077
2020-06-08 09:37:30.550000,6061.92,6060,92061,6065,80063,6055,25227,6050,114077
2020-06-08 09:37:31.080000,6061.92,6060,92061,6065,80063,6055,25827,6050,114077
2020-06-08 09:37:32.190000,6062.96,6060,82263,6065,89861,6055,32180,6050,114077
2020-06-08 09:37:33.240000,6062.96,6060,75587,6065,89710,6055,37380,6050,114077
2020-06-08 09:37:33.620000,6062.96,6060,64551,6065,89710,6055,37383,6050,114074
2020-06-08 09:37:34.780000,6062.96,6060,64551,6065,89710,6055,37633,6050,114074
2020-06-08 09:37:34.940000,6062.96,6060,64751,6065,89710,6055,37633,6050,114074
2020-06-08 09:37:35.840000,6062.96,6060,70551,6065,89710,6055,34633,6050,114074
2020-06-08 09:37:36.770000,6062.96,6060,70561,6065,89710,6055,34633,6050,114074
2020-06-08 09:37:36.930000,6062.96,6060,64761,6065,89710,6055,34343,6050,114074
2020-06-08 09:37:37.880000,6064.01,6060,70561,6065,89710,6055,34343,6050,114084
2020-06-08 09:37:38.030000,6065.58,6060,70661,6065,89710,6055,34844,6050,114084
2020-06-08 09:37:38.950000,6065.58,6060,64861,6065,90210,6055,34844,6050,114084
2020-06-08 09:37:39.180000,6065.06,6060,88725,6065,90210,6055,34844,6050,114084
2020-06-08 09:37:40.060000,6065.06,6060,90725,6065,99765,6055,23501,6050,114085
2020-06-08 09:37:40.570000,6064.01,6060,91217,6065,99765,6055,23501,6050,114085
2020-06-08 09:37:41.620000,6064.01,6060,106042,6065,89967,6055,18615,6050,114085
2020-06-08 09:37:42.110000,6064.01,6060,113042,6065,87967,6055,3685,6050,109085
2020-06-08 09:37:43.210000,6064.01,6060,111042,6065,89967,6055,16285,6050,114085
2020-06-08 09:37:43.630000,6064.01,6055,18215,6060,118042,6050,109085,6045,71420
2020-06-08 09:37:44.280000,6064.01,6055,32344,6060,118042,6050,109085,6045,71420
2020-06-08 09:37:45.350000,6064.01,6055,35584,6060,118042,6050,93730,6045,67622
2020-06-08 09:37:45.520000,6064.01,6055,38382,6060,118042,6050,88730,6045,67622
2020-06-08 09:37:46.300000,6064.01,6055,38382,6060,118042,6050,88730,6045,67622
2020-06-08 09:37:46.470000,6064.01,6055,32142,6060,118042,6050,87730,6045,67622
2020-06-08 09:37:46.950000,6064.01,6055,12672,6060,118042,6050,103085,6045,71420
2020-06-08 09:37:47.960000,6062.44,6060,118042,6065,88467,6055,19435,6050,108085
2020-06-08 09:37:48.230000,6061.92,6060,118042,6065,88467,6055,19527,6050,113085
2020-06-08 09:37:48.950000,6060.35,6060,118042,6065,88467,6055,19477,6050,113085
2020-06-08 09:37:49.200000,6062.44,6060,118037,6065,88467,6055,19477,6050,113080
2020-06-08 09:37:50.010000,6062.44,6060,118037,6065,88467,6055,92,6050,108380
2020-06-08 09:37:50.370000,6062.44,6060,118037,6065,88467,6055,19385,6050,108380
2020-06-08 09:37:52.070000,6062.44,6060,118037,6065,88467,6055,19385,6050,98380
2020-06-08 09:37:52.430000,6062.44,6060,100037,6065,96467,6055,19385,6050,103580
2020-06-08 09:37:53.250000,6062.44,6060,100037,6065,96867,6055,19585,6050,103580
2020-06-08 09:37:53.930000,6062.44,6060,100129,6065,96867,6055,19585,6050,106201
2020-06-08 09:37:55.300000,6062.44,6060,102215,6065,90867,6055,20433,6050,106201
2020-06-08 09:37:55.530000,6062.44,6060,102215,6065,90867,6055,25533,6050,106201
2020-06-08 09:37:56.340000,6062.44,6060,102215,6065,90867,6055,31867,6050,106401
2020-06-08 09:37:57.360000,6062.44,6060,102215,6065,90867,6055,26033,6050,106401
2020-06-08 09:37:57.730000,6063.49,6060,102466,6065,90867,6055,26538,6050,106401
2020-06-08 09:37:58.520000,6062.96,6060,109465,6065,88867,6055,21538,6050,106401
2020-06-08 09:37:59.460000,6062.96,6060,109465,6065,88867,6055,2153,6050,101401
2020-06-08 09:37:59.960000,6062.96,6055,24470,6060,114465,6050,86046,6045,77822
2020-06-08 09:38:01.100000,6062.96,6055,24467,6060,114465,6050,101401,6045,77822
2020-06-08 09:38:01.410000,6062.96,6060,114465,6065,88867,6055,29064,6050,106401
2020-06-08 09:38:02.220000,6062.96,6060,114465,6065,88867,6055,11165,6050,106401
2020-06-08 09:38:03.170000,6062.96,6060,114465,6065,88867,6055,6304,6050,101401
2020-06-08 09:38:04.250000,6062.96,6060,114465,6065,88867,6050,101401,6045,81640
2020-06-08 09:38:04.630000,6062.96,6060,116465,6065,88867,6055,2,6050,101401
2020-06-08 09:38:05.800000,6062.96,6055,1,6060,118465,6050,101401,6045,81640
2020-06-08 09:38:06.040000,6062.96,6055,1,6060,118465,6050,101401,6045,81640
2020-06-08 09:38:06.780000,6060.87,6055,1,6060,118465,6050,101401,6045,81641
2020-06-08 09:38:07.240000,6061.92,6060,118465,6065,88867,6055,309,6050,101401
2020-06-08 09:38:08.350000,6061.39,6060,111465,6065,90867,6055,27388,6050,101401
2020-06-08 09:38:08.540000,6061.92,6060,111465,6065,90867,6055,27388,6050,101401
2020-06-08 09:38:09.380000,6061.92,6060,118465,6065,88867,6055,17788,6050,106401
2020-06-08 09:38:10.480000,6062.96,6060,118470,6065,88867,6050,106401,6045,81641
2020-06-08 09:38:10.720000,6062.96,6055,5000,6060,118470,6050,101101,6045,81641
2020-06-08 09:38:11.520000,6062.96,6055,24470,6060,118470,6050,101101,6045,81641
2020-06-08 09:38:12.110000,6062.96,6055,6850,6060,118470,6050,101101,6045,81641
2020-06-08 09:38:13.100000,6062.96,6055,7196,6060,118470,6050,85746,6045,77843
2020-06-08 09:38:14.030000,6062.96,6055,27166,6060,118470,6050,85746,6045,77843
2020-06-08 09:38:14.210000,6062.96,6055,29766,6060,116470,6050,80746,6045,77844
2020-06-08 09:38:15.100000,6062.96,6055,30664,6060,116470,6050,81246,6045,77844
2020-06-08 09:38:15.440000,6062.96,6055,39504,6060,126025,6050,81656,6045,77844
2020-06-08 09:38:16.240000,6062.96,6055,35247,6060,111614,6050,81965,6045,77844
2020-06-08 09:38:17.220000,6062.96,6055,17776,6060,111614,6050,97315,6045,77844
2020-06-08 09:38:18.240000,6061.39,6055,16489,6060,111614,6050,97315,6045,77844
2020-06-08 09:38:18.660000,6059.82,6060,111614,6065,89167,6055,19469,6050,107315
2020-06-08 09:38:19.880000,6060.87,6060,116614,6065,89167,6055,19469,6050,107315
2020-06-08 09:38:20.940000,6062.44,6060,98614,6065,92172,6055,24469,6050,107315
2020-06-08 09:38:22.060000,6062.44,6060,98614,6065,97172,6055,27867,6050,112315
2020-06-08 09:38:22.990000,6062.44,6060,98614,6065,97192,6055,28367,6050,112315
2020-06-08 09:38:23.510000,6062.44,6060,94816,6065,91435,6055,42368,6050,112315
2020-06-08 09:38:24.610000,6062.44,6060,94816,6065,100990,6055,30657,6050,112315
2020-06-08 09:38:25.670000,6062.44,6060,98614,6065,97192,6055,31174,6050,112315
2020-06-08 09:38:26.720000,6062.44,6060,100816,6065,94990,6055,31376,6050,112315
2020-06-08 09:38:27.100000,6062.44,6060,94816,6065,101020,6055,31378,6050,112315
2020-06-08 09:38:28.230000,6064.54,6060,100806,6065,95020,6055,31378,6050,112215
2020-06-08 09:38:28.430000,6063.49,6060,100806,6065,95020,6055,31374,6050,112215
2020-06-08 09:38:29.320000,6063.49,6060,100806,6065,94920,6055,31374,6050,112215
2020-06-08 09:38:30.320000,6063.49,6060,98604,6065,97122,6055,31376,6050,112215
2020-06-08 09:38:30.650000,6063.49,6060,98604,6065,97122,6055,31341,6050,112215
2020-06-08 09:38:31.230000,6063.49,6060,98604,6065,97122,6055,31343,6050,112215
2020-06-08 09:38:32.360000,6063.49,6060,98554,6065,97122,6055,38276,6050,112215
2020-06-08 09:38:32.570000,6063.49,6060,98554,6065,97122,6055,38276,6050,112215
2020-06-08 09:38:33.470000,6063.49,6060,109554,6065,91122,6055,15346,6050,112615
2020-06-08 09:38:33.930000,6063.49,6060,111554,6065,89122,6055,15346,6050,112615
2020-06-08 09:38:35.090000,6063.49,6060,111554,6065,89122,6055,15346,6050,112615
2020-06-08 09:38:36.050000,6063.49,6060,111754,6065,89122,6055,33276,6050,112615
2020-06-08 09:38:36.440000,6063.49,6060,103753,6065,97122,6055,33276,6050,112615
2020-06-08 09:38:37.040000,6063.49,6060,104118,6065,97122,6055,31478,6050,113215
2020-06-08 09:38:37.610000,6062.96,6060,112118,6065,89122,6055,31478,6050,123215
2020-06-08 09:38:38.590000,6062.44,6060,112218,6065,89122,6055,31478,6050,123265
2020-06-08 09:38:38.850000,6061.92,6060,110218,6065,91122,6055,31978,6050,123265
2020-06-08 09:38:39.740000,6062.44,6060,110218,6065,91122,6055,31978,6050,123265
2020-06-08 09:38:40.180000,6062.44,6060,99218,6065,97122,6055,31978,6050,123265
2020-06-08 09:38:41.260000,6062.44,6060,99718,6065,97122,6055,31978,6050,123265
2020-06-08 09:38:41.430000,6062.44,6060,97717,6065,97122,6055,31978,6050,123265
2020-06-08 09:38:42.340000,6062.44,6060,103772,6065,91122,6055,31978,6050,123265
2020-06-08 09:38:43.370000,6062.44,6060,97772,6065,97122,6055,31966,6050,123265
2020-06-08 09:38:43.730000,6062.44,6060,97772,6065,97122,6055,42066,6050,123265
2020-06-08 09:38:44.380000,6062.44,6060,97771,6065,97122,6055,42266,6050,123265
2020-06-08 09:38:45.500000,6062.44,6060,94173,6065,91365,6055,52996,6050,123265
2020-06-08 09:38:45.710000,6062.44,6060,89146,6065,100920,6055,59762,6050,123265
2020-06-08 09:38:46.540000,6064.01,6060,89146,6065,100920,6055,59762,6050,123265
2020-06-08 09:38:47.620000,6062.96,6060,65714,6065,96365,6055,89376,6050,123265
2020-06-08 09:38:48.020000,6063.49,6060,57208,6065,96365,6055,89378,6050,123265
2020-06-08 09:38:48.700000,6064.54,6060,57208,6065,96365,6055,74023,6050,123265
2020-06-08 09:38:49.710000,6066.11,6060,59848,6065,96420,6055,69023,6050,123265
2020-06-08 09:38:50.110000,6066.11,6060,48954,6065,96420,6055,89383,6050,123265
2020-06-08 09:38:50.750000,6066.11,6060,39914,6065,96420,6055,94383,6050,127063
2020-06-08 09:38:51.800000,6066.11,6060,39904,6065,96420,6055,94383,6050,127063
2020-06-08 09:38:52.130000,6066.11,6060,39902,6065,104635,6055,94433,6050,127063
2020-06-08 09:38:53.310000,6066.11,6060,38499,6065,104635,6055,94433,6050,127063
2020-06-08 09:38:53.640000,6066.11,6060,38499,6065,102635,6055,87500,6050,127063
2020-06-08 09:38:54.340000,6066.11,6060,38389,6065,102635,6055,88500,6050,127063
2020-06-08 09:38:55.430000,6066.11,6060,37647,6065,102635,6055,88500,6050,127063
2020-06-08 09:38:55.710000,6066.11,6065,105135,6070,74367,6060,33087,6055,88502
2020-06-08 09:38:56.480000,6066.11,6065,90337,6070,84165,6060,29318,6055,88502
2020-06-08 09:38:57.040000,6066.11,6065,96337,6070,78165,6060,34357,6055,88502
2020-06-08 09:38:58.060000,6066.11,6065,96337,6070,78165,6060,34858,6055,88502
2020-06-08 09:38:58.270000,6067.68,6065,96337,6070,78165,6060,41786,6055,88502
2020-06-08 09:38:59.100000,6067.68,6065,105135,6070,74367,6060,36748,6055,86214
2020-06-08 09:38:59.460000,6067.68,6065,105135,6070,74367,6060,37049,6055,86204
2020-06-08 09:39:00.110000,6067.68,6065,90337,6070,84165,6060,42192,6055,86204
2020-06-08 09:39:01.180000,6067.68,6065,100135,6070,74367,6060,37049,6055,86204
2020-06-08 09:39:01.400000,6067.68,6065,100135,6070,74367,6060,37049,6055,86202
2020-06-08 09:39:02.270000,6067.68,6065,105135,6070,74367,6060,37049,6055,83124
2020-06-08 09:39:02.640000,6067.68,6065,105135,6070,74367,6060,37048,6055,83124
2020-06-08 09:39:03.750000,6067.68,6065,105135,6070,74867,6060,39325,6055,83124
2020-06-08 09:39:04.170000,6067.68,6065,94185,6070,80867,6060,39325,6055,83124
2020-06-08 09:39:05.340000,6067.68,6065,100185,6070,74867,6060,39529,6055,83124
2020-06-08 09:39:05.790000,6067.68,6065,94009,6070,80867,6060,39529,6055,83128
2020-06-08 09:39:06.930000,6067.68,6065,100049,6070,74867,6060,39979,6055,83128
2020-06-08 09:39:07.540000,6068.72,6065,105776,6070,74867,6060,42489,6055,83130
2020-06-08 09:39:08.460000,6068.72,6065,100776,6070,74867,6060,41124,6055,83132
2020-06-08 09:39:09.060000,6068.72,6065,100776,6070,74867,6060,42345,6055,82932
2020-06-08 09:39:09.990000,6068.72,6065,100776,6070,74887,6060,41845,6055,82932
2020-06-08 09:39:11.110000,6068.72,6065,105776,6070,74887,6060,18987,6055,82736
2020-06-08 09:39:11.370000,6068.72,6060,31070,6065,109972,6055,80236,6050,111449
2020-06-08 09:39:12.180000,6068.72,6060,31526,6065,103372,6055,59881,6050,111449
2020-06-08 09:39:13.200000,6068.72,6060,38022,6065,97372,6055,59881,6050,111509
2020-06-08 09:39:13.720000,6068.72,6060,24770,6065,103372,6055,70481,6050,111509
2020-06-08 09:39:14.690000,6068.72,6060,28855,6065,103372,6055,70481,6050,111509
2020-06-08 09:39:15.140000,6068.72,6060,33505,6065,112927,6055,59881,6050,111509
2020-06-08 09:39:15.880000,6068.72,6060,19405,6065,103372,6055,91236,6050,115307
2020-06-08 09:39:16.880000,6068.72,6060,19405,6065,103372,6055,75881,6050,111509
2020-06-08 09:39:17.910000,6065.06,6060,24415,6065,103372,6055,74891,6050,111509
2020-06-08 09:39:18.130000,6064.54,6060,24415,6065,103372,6055,74891,6050,111509
2020-06-08 09:39:18.830000,6066.11,6060,24415,6065,103372,6055,74891,6050,111509
2020-06-08 09:39:19.900000,6066.11,6060,24415,6065,103372,6055,74891,6050,111509
2020-06-08 09:39:20.180000,6066.11,6060,24470,6065,103372,6055,90246,6050,111509
2020-06-08 09:39:21.010000,6066.11,6060,24470,6065,103372,6055,82946,6050,113272
2020-06-08 09:39:21.520000,6066.11,6060,24470,6065,103372,6055,92946,6050,113272
2020-06-08 09:39:22.530000,6066.11,6060,24470,6065,103372,6055,82550,6050,113272
2020-06-08 09:39:22.770000,6066.11,6060,9525,6065,103372,6055,102905,6050,116270
2020-06-08 09:39:23.940000,6066.11,6060,9775,6065,103372,6055,102905,6050,116270
2020-06-08 09:39:24.710000,6066.11,6060,24720,6065,103372,6055,88350,6050,112472
2020-06-08 09:39:25.750000,6066.11,6060,9775,6065,103372,6055,97905,6050,116270
2020-06-08 09:39:26.100000,6066.11,6065,103472,6070,87591,6055,104305,6050,116270
2020-06-08 09:39:26.770000,6066.11,6065,109772,6070,87591,6055,103909,6050,116270
2020-06-08 09:39:27.890000,6066.11,6065,109772,6070,87591,6055,99409,6050,116270
2020-06-08 09:39:28.310000,6066.11,6065,109772,6070,87591,6055,104409,6050,116270
2020-06-08 09:39:29.470000,6066.63,6065,109772,6070,87591,6055,99409,6050,116270
2020-06-08 09:39:29.870000,6066.63,6060,1000,6065,109772,6055,89409,6050,116270
2020-06-08 09:39:30.960000,6066.63,6060,1000,6065,103472,6055,102609,6050,116270
2020-06-08 09:39:31.280000,6066.63,6065,103472,6070,87591,6060,5167,6055,102609
2020-06-08 09:39:32.080000,6066.63,6065,96472,6070,89591,6060,33531,6055,102609
2020-06-08 09:39:33.130000,6066.63,6065,91472,6070,89591,6060,28131,6055,102614
2020-06-08 09:39:33.580000,6066.63,6065,91472,6070,89591,6060,30141,6055,102614
2020-06-08 09:39:34.690000,6066.63,6065,87774,6070,93279,6060,30148,6055,102614
2020-06-08 09:39:34.970000,6066.63,6065,87774,6070,93279,6060,30524,6055,102614
2020-06-08 09:39:35.750000,6066.63,6065,81774,6070,99279,6060,46151,6055,102614
2020-06-08 09:39:36.760000,6066.63,6065,72975,6070,89724,6060,46084,6055,102614
2020-06-08 09:39:37.170000,6066.63,6065,60681,6070,89724,6060,51084,6055,103654
2020-06-08 09:39:38.220000,6068.2,6065,71681,6070,83724,6060,46096,6055,103654
2020-06-08 09:39:38.640000,6069.77,6065,71721,6070,83724,6060,46096,6055,103654
2020-06-08 09:39:39.340000,6069.77,6065,65762,6070,89724,6060,46096,6055,103654
2020-06-08 09:39:40.320000,6069.77,6065,65762,6070,89924,6060,48680,6055,103654
2020-06-08 09:39:40.540000,6069.77,6065,65762,6070,89924,6060,48680,6055,103654
2020-06-08 09:39:42.400000,6069.77,6065,65762,6070,89924,6060,60540,6055,103654
2020-06-08 09:39:42.630000,6069.77,6065,65762,6070,89924,6060,60175,6055,103654
2020-06-08 09:39:43.870000,6069.77,6065,33327,6070,98723,6060,65175,6055,103654
2020-06-08 09:39:45.080000,6069.77,6065,30827,6070,98723,6060,80532,6055,104141
2020-06-08 09:39:45.380000,6069.77,6065,30827,6070,98723,6060,80532,6055,104141
2020-06-08 09:39:46.060000,6069.77,6065,27530,6070,98723,6060,80537,6055,104141
2020-06-08 09:39:47.090000,6069.77,6065,27530,6070,98723,6060,80537,6055,104141
2020-06-08 09:39:47.350000,6069.77,6065,29430,6070,98723,6060,80537,6055,104141
2020-06-08 09:39:48.280000,6070.29,6065,27967,6070,98723,6060,80540,6055,107934
2020-06-08 09:39:48.710000,6070.29,6070,94223,6075,70444,6065,24126,6060,85540
2020-06-08 09:39:49.860000,6071.34,6070,101206,6075,68444,6065,24126,6060,85740
2020-06-08 09:39:50.370000,6072.91,6070,101206,6075,68444,6065,19126,6060,85740
2020-06-08 09:39:51.420000,6072.91,6070,99206,6075,70444,6065,22147,6060,86988
2020-06-08 09:39:52.470000,6072.91,6070,99151,6075,70499,6065,22212,6060,86988
2020-06-08 09:39:53.510000,6072.91,6070,99051,6075,70499,6065,23321,6060,86988
2020-06-08 09:39:54.470000,6072.91,6070,94051,6075,70499,6065,23703,6060,86988
2020-06-08 09:39:55.040000,6072.91,6070,89101,6075,70499,6065,23207,6060,86992
2020-06-08 09:39:56.130000,6072.91,6070,94101,6075,70499,6065,23307,6060,86996
2020-06-08 09:39:57.180000,6072.91,6070,69899,6075,89801,6065,29351,6060,86996
2020-06-08 09:39:57.670000,6073.43,6070,69899,6075,89801,6065,28241,6060,86996
2020-06-08 09:39:58.740000,6073.43,6070,80399,6075,83801,6065,28269,6060,87046
2020-06-08 09:39:59.220000,6073.96,6070,96197,6075,78003,6065,3841,6060,88155
2020-06-08 09:40:00.340000,6073.96,6065,26786,6070,91697,6060,67805,6055,104086
2020-06-08 09:40:00.780000,6070.82,6070,92387,6075,79593,6065,16669,6060,83160
2020-06-08 09:40:01.910000,6070.82,6070,92487,6075,79593,6065,47,6060,67805
2020-06-08 09:40:02.330000,6070.82,6070,92487,6075,79593,6060,83160,6055,107884
2020-06-08 09:40:03.430000,6070.82,6070,92447,6075,79593,6065,538,6060,83160
2020-06-08 09:40:03.840000,6070.82,6070,92447,6075,79593,6065,1132,6060,83161
2020-06-08 09:40:05.050000,6070.82,6065,19470,6070,92747,6060,83161,6055,106884
2020-06-08 09:40:05.390000,6070.82,6065,23717,6070,90874,6060,62806,6055,103091
2020-06-08 09:40:06.620000,6070.82,6065,18767,6070,90874,6060,67806,6055,103091
2020-06-08 09:40:06.930000,6070.82,6065,21221,6070,90924,6060,62806,6055,103091
2020-06-08 09:40:08.110000,6071.34,6065,32450,6070,85424,6060,62751,6055,103091
2020-06-08 09:40:08.450000,6069.77,6065,47703,6070,91181,6060,62601,6055,103091
2020-06-08 09:40:09.180000,6069.25,6065,53289,6070,91181,6060,49474,6055,103091
2020-06-08 09:40:10.250000,6069.25,6065,30289,6070,97181,6060,49474,6055,103091
2020-06-08 09:40:10.610000,6069.25,6065,65458,6070,91181,6060,49875,6055,103091
2020-06-08 09:40:11.820000,6069.25,6065,67059,6070,89181,6060,28811,6055,103091
2020-06-08 09:40:12.400000,6069.25,6065,67058,6070,89181,6060,29511,6055,102591
2020-06-08 09:40:13.360000,6069.25,6065,65058,6070,91281,6060,44694,6055,102591
