time,nav,sell1,sell1_cnt,sell2,sell2_cnt,buy1,buy1_cnt,buy2,buy2_cnt
2020-06-02 10:07:51.920000,0.0,6185,79057,6190,87848,6180,33887,6175,126519
2020-06-02 10:07:52.340000,0.0,6185,68757,6190,87848,6180,37277,6175,126619
2020-06-02 10:07:53.030000,0.0,6185,65670,6190,91428,6180,42278,6175,126619
2020-06-02 10:07:53.350000,0.0,6185,60670,6190,91428,6180,57008,6175,127619
2020-06-02 10:07:53.960000,0.0,6185,51270,6190,96428,6180,59651,6175,127619
2020-06-02 10:07:54.350000,0.0,6185,51270,6190,96428,6180,60651,6175,127619
2020-06-02 10:07:54.850000,0.0,6185,70902,6190,91428,6180,55252,6175,127619
2020-06-02 10:07:55.290000,0.0,6185,70902,6190,91428,6180,55252,6175,127620
2020-06-02 10:07:55.700000,0.0,6185,70902,6190,91428,6180,55252,6175,127620
2020-06-02 10:07:56.100000,0.0,6185,65302,6190,91428,6180,55252,6175,127620
2020-06-02 10:07:56.530000,0.0,6185,44302,6190,98428,6180,60652,6175,127620
2020-06-02 10:07:57.060000,6186.43,6185,44302,6190,98428,6180,65652,6175,127620
2020-06-02 10:07:57.430000,6186.43,6185,50822,6190,98428,6180,65652,6175,127620
2020-06-02 10:07:57.930000,6186.43,6185,50822,6190,88428,6180,66652,6175,127620
2020-06-02 10:07:58.320000,6186.43,6185,44622,6190,88428,6180,66652,6175,127620
2020-06-02 10:07:59.140000,6188.11,6185,44622,6190,88428,6180,66652,6175,127623
2020-06-02 10:07:59.530000,6188.11,6185,46346,6190,88428,6180,66615,6175,127623
2020-06-02 10:07:59.930000,6188.11,6185,49646,6190,83428,6180,66615,6175,127623
2020-06-02 10:08:00.460000,6188.11,6185,83946,6190,91428,6180,56215,6175,127623
2020-06-02 10:08:00.790000,6188.11,6185,83945,6190,101428,6180,56124,6175,127623
2020-06-02 10:08:01.210000,6188.11,6185,83945,6190,101428,6180,56224,6175,127623
2020-06-02 10:08:01.760000,6188.11,6185,90525,6190,97848,6180,46200,6175,115079
2020-06-02 10:08:02.340000,6188.11,6185,90525,6190,101999,6180,38504,6175,115079
2020-06-02 10:08:03.070000,6188.11,6185,90524,6190,101999,6180,36020,6175,115079
2020-06-02 10:08:03.490000,6188.11,6185,88524,6190,101999,6180,36030,6175,115079
2020-06-02 10:08:03.900000,6188.11,6185,88524,6190,101999,6180,36030,6175,112079
2020-06-02 10:08:04.540000,6188.11,6185,88030,6190,101999,6180,36030,6175,112079
2020-06-02 10:08:04.930000,6188.11,6185,88030,6190,101999,6180,36130,6175,112079
2020-06-02 10:08:05.450000,6188.11,6185,88030,6190,101999,6180,36134,6175,112079
2020-06-02 10:08:05.790000,6188.11,6185,88028,6190,101999,6180,36134,6175,112079
2020-06-02 10:08:06.290000,6188.11,6185,88528,6190,101999,6180,36134,6175,112079
2020-06-02 10:08:06.680000,6188.11,6185,88528,6190,101999,6180,36634,6175,111579
2020-06-02 10:08:07.180000,6185.87,6185,88528,6190,101999,6180,36734,6175,111579
2020-06-02 10:08:07.740000,6185.87,6185,88528,6190,101999,6180,21898,6175,111579
2020-06-02 10:08:08.650000,6185.32,6180,19770,6185,96172,6175,112999,6170,122558
2020-06-02 10:08:09.370000,6185.32,6180,19070,6185,96172,6175,112999,6170,122558
2020-06-02 10:08:09.980000,6185.32,6180,18670,6185,96172,6175,112999,6170,122558
2020-06-02 10:08:10.260000,6184.2,6180,18670,6185,96172,6175,112999,6170,122558
2020-06-02 10:08:10.590000,6184.2,6180,15670,6185,96172,6175,112999,6170,122558
2020-06-02 10:08:10.810000,6184.2,6180,15660,6185,96172,6175,112999,6170,122558
2020-06-02 10:08:11.100000,6184.2,6185,96172,6190,101999,6175,116579,6170,118978
2020-06-02 10:08:11.680000,6184.2,6185,96172,6190,101999,6175,116579,6170,118978
2020-06-02 10:08:12.140000,6184.2,6180,19200,6185,96164,6175,112999,6170,122558
2020-06-02 10:08:12.600000,6184.2,6185,96164,6190,101999,6175,112999,6170,122558
2020-06-02 10:08:13.120000,6184.2,6185,104746,6190,102004,6175,112999,6170,122558
2020-06-02 10:08:13.770000,6184.2,6180,15399,6185,105246,6175,112999,6170,122558
2020-06-02 10:08:14.350000,6184.2,6180,15399,6185,105246,6175,107999,6170,122558
2020-06-02 10:08:14.640000,6184.2,6185,106246,6190,102004,6175,112999,6170,122558
2020-06-02 10:08:15.140000,6184.2,6185,106246,6190,102004,6180,14836,6175,116579
2020-06-02 10:08:15.430000,6184.2,6185,93701,6190,102004,6180,14936,6175,116479
2020-06-02 10:08:15.960000,6184.2,6185,93701,6190,102004,6180,19936,6175,115479
2020-06-02 10:08:16.230000,6184.2,6185,93701,6190,102004,6180,19861,6175,115479
2020-06-02 10:08:16.730000,6184.2,6185,90701,6190,102004,6180,31702,6175,131023
2020-06-02 10:08:17.280000,6184.2,6185,90701,6190,102004,6180,15004,6175,118479
2020-06-02 10:08:17.780000,6184.2,6185,90701,6190,102004,6180,743,6175,118479
2020-06-02 10:08:18.150000,6184.2,6185,90701,6190,102004,6180,5743,6175,118479
2020-06-02 10:08:18.460000,6183.64,6185,90701,6190,102004,6180,5743,6175,122479
2020-06-02 10:08:18.760000,6183.64,6185,93701,6190,102004,6180,5743,6175,119479
2020-06-02 10:08:18.960000,6185.87,6185,93701,6190,102004,6180,5743,6175,119479
2020-06-02 10:08:19.650000,6185.87,6185,106245,6190,102004,6180,5743,6175,119479
2020-06-02 10:08:20.170000,6185.87,6185,93701,6190,102004,6180,20294,6175,119479
2020-06-02 10:08:20.510000,6185.87,6185,85119,6190,102004,6180,20294,6175,119479
2020-06-02 10:08:20.620000,6185.87,6185,85119,6190,102004,6180,20294,6175,119479
2020-06-02 10:08:21.100000,6185.87,6185,85119,6190,102004,6180,21294,6175,119479
2020-06-02 10:08:22.180000,6185.87,6185,85119,6190,102004,6180,21304,6175,119479
2020-06-02 10:08:22.400000,6185.87,6185,85119,6190,102004,6180,21305,6175,119479
2020-06-02 10:08:23.040000,6185.87,6185,85219,6190,102004,6180,21305,6175,122479
2020-06-02 10:08:23.810000,6185.87,6185,85219,6190,102004,6180,21300,6175,122479
2020-06-02 10:08:24.200000,6185.87,6185,85219,6190,102004,6180,21320,6175,122479
2020-06-02 10:08:24.500000,6184.76,6185,85219,6190,102004,6180,21320,6175,119479
2020-06-02 10:08:25.140000,6184.76,6185,85219,6190,102004,6180,1609,6175,119479
2020-06-02 10:08:25.460000,6184.76,6185,85219,6190,102004,6180,1610,6175,119479
2020-06-02 10:08:26.510000,6184.76,6180,25160,6185,96763,6175,115909,6170,122558
2020-06-02 10:08:27.230000,6184.76,6180,18160,6185,96263,6175,119489,6170,118978
2020-06-02 10:08:27.540000,6185.32,6180,1300,6185,96263,6175,119489,6170,118978
2020-06-02 10:08:28.200000,6185.32,6185,96263,6190,102004,6175,119489,6170,118980
2020-06-02 10:08:28.840000,6184.2,6180,15860,6185,96263,6175,115909,6170,122560
2020-06-02 10:08:29.200000,6184.2,6180,15860,6185,96263,6175,115909,6170,122560
2020-06-02 10:08:30.410000,6184.2,6180,15860,6185,96263,6175,115909,6170,122560
2020-06-02 10:08:30.570000,6184.2,6180,15860,6185,96263,6175,105909,6170,127560
2020-06-02 10:08:30.650000,6184.2,6180,15860,6185,96263,6175,110909,6170,122560
2020-06-02 10:08:31.380000,6184.2,6180,15910,6185,96263,6175,110909,6170,122560
2020-06-02 10:08:31.410000,6184.2,6180,15410,6185,96273,6175,110909,6170,122560
2020-06-02 10:08:32.680000,6184.2,6180,28908,6185,87373,6175,110909,6170,122560
2020-06-02 10:08:33.510000,6184.2,6180,15267,6185,79373,6175,110909,6170,122560
2020-06-02 10:08:33.900000,6184.2,6185,79373,6190,102004,6180,1293,6175,115909
2020-06-02 10:08:34.680000,6184.2,6185,79373,6190,102004,6180,1293,6175,115909
2020-06-02 10:08:34.740000,6184.2,6185,79373,6190,102004,6180,20063,6175,119489
2020-06-02 10:08:35.210000,6184.2,6185,94773,6190,102004,6180,1293,6175,110909
2020-06-02 10:08:35.740000,6184.2,6180,28524,6185,79373,6175,110949,6170,122660
2020-06-02 10:08:35.980000,6184.2,6180,13824,6185,79373,6175,115949,6170,122660
2020-06-02 10:08:36.710000,6184.2,6180,13824,6185,79373,6175,116049,6170,122660
2020-06-02 10:08:36.940000,6184.2,6180,2500,6185,79373,6175,116049,6170,122660
2020-06-02 10:08:37.190000,6183.08,6180,2500,6185,79403,6175,116049,6170,122660
2020-06-02 10:08:37.600000,6183.64,6180,2500,6185,87985,6175,116149,6170,122660
2020-06-02 10:08:37.990000,6183.64,6185,102885,6190,102004,6180,8497,6175,116149
2020-06-02 10:08:38.990000,6184.76,6180,1503,6185,102885,6175,116149,6170,122660
2020-06-02 10:08:39.770000,6184.76,6180,5306,6185,102885,6175,116149,6170,122660
2020-06-02 10:08:39.820000,6184.76,6180,1726,6185,102885,6175,116150,6170,122660
2020-06-02 10:08:40.010000,6184.76,6185,103378,6190,102004,6180,285,6175,116150
2020-06-02 10:08:40.520000,6184.76,6180,24485,6185,103378,6175,116150,6170,122660
2020-06-02 10:08:41.360000,6184.76,6185,103378,6190,102004,6180,10000,6175,116150
2020-06-02 10:08:41.650000,6184.76,6185,103378,6190,102004,6180,10000,6175,119730
2020-06-02 10:08:42.790000,6184.76,6185,103378,6190,102004,6180,10000,6175,119730
2020-06-02 10:08:43.500000,6184.76,6185,103378,6190,102004,6180,28770,6175,119730
2020-06-02 10:08:43.910000,6184.76,6185,103378,6190,102004,6180,28770,6175,119730
2020-06-02 10:08:44.140000,6184.76,6185,75934,6190,102004,6180,28775,6175,122730
2020-06-02 10:08:44.500000,6184.76,6185,90334,6190,102004,6180,28875,6175,122730
2020-06-02 10:08:44.940000,6184.76,6185,75934,6190,102004,6180,28875,6175,122730
2020-06-02 10:08:45.770000,6184.76,6185,90334,6190,102004,6180,28875,6175,122730
2020-06-02 10:08:46.210000,6184.76,6185,90334,6190,102004,6180,28875,6175,119730
2020-06-02 10:08:46.550000,6184.76,6185,90334,6190,102004,6180,28925,6175,119731
2020-06-02 10:08:47.000000,6184.76,6185,75934,6190,102004,6180,38925,6175,132280
2020-06-02 10:08:47.800000,6184.76,6185,72354,6190,105584,6180,48526,6175,132280
2020-06-02 10:08:47.940000,6184.76,6185,61954,6190,105584,6180,63950,6175,127280
2020-06-02 10:08:48.820000,6184.76,6185,51954,6190,107584,6180,63950,6175,130280
2020-06-02 10:08:49.110000,6184.76,6185,46954,6190,97634,6180,72530,6175,126700
2020-06-02 10:08:49.670000,6186.99,6190,97634,6195,100910,6185,18770,6180,71952
2020-06-02 10:08:50.170000,6189.78,6190,88790,6195,100910,6185,18770,6180,71954
2020-06-02 10:08:50.860000,6189.78,6190,99690,6195,100910,6185,18770,6180,71959
2020-06-02 10:08:51.110000,6189.78,6190,112234,6195,100910,6180,71959,6175,126700
2020-06-02 10:08:52.500000,6189.78,6185,18770,6190,112234,6180,71959,6175,126700
2020-06-02 10:08:52.880000,6189.78,6185,33470,6190,106034,6180,68379,6175,130280
2020-06-02 10:08:53.280000,6189.78,6185,33470,6190,106034,6180,63379,6175,130280
2020-06-02 10:08:54.140000,6189.78,6185,33470,6190,106034,6180,63379,6175,130280
2020-06-02 10:08:55.060000,6189.78,6185,33470,6190,106034,6180,63379,6175,131899
2020-06-02 10:08:56.410000,6189.78,6185,18470,6190,106034,6180,66959,6175,128319
2020-06-02 10:08:56.660000,6189.78,6190,106034,6195,100910,6180,71959,6175,128319
2020-06-02 10:08:56.830000,6189.78,6190,106034,6195,100910,6185,18770,6180,71959
2020-06-02 10:08:57.670000,6188.66,6190,88190,6195,100910,6185,18770,6180,71959
2020-06-02 10:08:57.810000,6188.11,6190,99790,6195,100910,6185,18770,6180,71959
2020-06-02 10:08:58.610000,6188.11,6190,85090,6195,100910,6185,18880,6180,71959
2020-06-02 10:08:58.950000,6189.78,6190,94090,6195,100910,6185,23880,6180,71959
2020-06-02 10:08:59.460000,6189.78,6190,94090,6195,100910,6185,18980,6180,71959
2020-06-02 10:09:00.100000,6191.45,6190,96690,6195,100910,6185,18980,6180,71959
2020-06-02 10:09:00.490000,6191.45,6190,96690,6195,100910,6185,18980,6180,72959
2020-06-02 10:09:00.960000,6191.45,6190,112234,6195,100910,6180,72990,6175,128325
2020-06-02 10:09:01.480000,6191.45,6185,18469,6190,112234,6180,74608,6175,128325
2020-06-02 10:09:02.040000,6191.45,6185,33069,6190,109934,6180,74608,6175,128325
2020-06-02 10:09:02.560000,6191.45,6185,18419,6190,109934,6180,74608,6175,128325
2020-06-02 10:09:03.040000,6191.45,6185,18419,6190,109934,6180,77608,6175,128325
2020-06-02 10:09:03.390000,6191.45,6185,25419,6190,109934,6180,74011,6175,131905
2020-06-02 10:09:03.790000,6191.45,6185,33019,6190,109934,6180,74111,6175,132005
2020-06-02 10:09:04.260000,6191.45,6185,35519,6190,109934,6180,74111,6175,132105
2020-06-02 10:09:04.710000,6191.45,6185,36419,6190,109934,6180,74111,6175,132105
2020-06-02 10:09:05.230000,6191.45,6185,37862,6190,109934,6180,74111,6175,132105
2020-06-02 10:09:05.680000,6191.45,6185,30262,6190,109934,6180,84362,6175,132105
2020-06-02 10:09:06.230000,6191.45,6185,23214,6190,109934,6180,84900,6175,132105
2020-06-02 10:09:06.620000,6191.45,6185,23214,6190,110234,6180,84900,6175,132105
2020-06-02 10:09:07.030000,6189.22,6185,23214,6190,110834,6180,84900,6175,132105
2020-06-02 10:09:08.530000,6189.22,6185,23214,6190,110834,6180,84900,6175,132106
2020-06-02 10:09:08.950000,6189.22,6185,23214,6190,110834,6180,85200,6175,132106
2020-06-02 10:09:09.020000,6189.22,6185,23266,6190,110834,6180,85200,6175,132106
2020-06-02 10:09:09.180000,6189.22,6185,23265,6190,110834,6180,85200,6175,132106
2020-06-02 10:09:09.260000,6189.22,6185,22765,6190,110834,6180,93813,6175,132106
2020-06-02 10:09:09.350000,6189.22,6185,23872,6190,110834,6180,97813,6175,132106
2020-06-02 10:09:10.130000,6189.22,6185,23872,6190,110834,6180,105813,6175,132106
2020-06-02 10:09:10.490000,6189.22,6185,23872,6190,110834,6180,105006,6175,132106
2020-06-02 10:09:12.230000,6189.22,6185,23872,6190,110834,6180,105036,6175,132106
2020-06-02 10:09:13.260000,6189.22,6185,23872,6190,110834,6180,105041,6175,132106
2020-06-02 10:09:13.430000,6189.22,6185,24372,6190,110834,6180,105141,6175,132111
2020-06-02 10:09:13.730000,6189.22,6185,24372,6190,110834,6180,105141,6175,132141
2020-06-02 10:09:14.130000,6189.22,6185,24372,6190,110834,6180,105151,6175,132141
2020-06-02 10:09:14.820000,6189.22,6185,24372,6190,110834,6180,105151,6175,132141
2020-06-02 10:09:15.340000,6189.22,6185,6502,6190,110834,6180,108731,6175,128561
2020-06-02 10:09:15.730000,6189.22,6185,13002,6190,110834,6180,108731,6175,128561
2020-06-02 10:09:16.410000,6189.22,6185,13002,6190,110834,6180,109231,6175,128561
2020-06-02 10:09:16.490000,6189.22,6185,13002,6190,110834,6180,109231,6175,128561
2020-06-02 10:09:17.430000,6189.22,6185,13802,6190,110834,6180,109231,6175,128561
2020-06-02 10:09:17.680000,6189.22,6190,98290,6195,100910,6185,23770,6180,109421
2020-06-02 10:09:17.930000,6189.22,6190,92290,6195,100910,6185,23770,6180,109421
2020-06-02 10:09:18.320000,6189.22,6190,90790,6195,100910,6185,18770,6180,109421
2020-06-02 10:09:19.050000,6189.22,6190,100590,6195,100910,6185,18770,6180,109421
2020-06-02 10:09:19.300000,6189.22,6190,100590,6195,100910,6180,109421,6175,134460
2020-06-02 10:09:19.570000,6189.78,6185,17975,6190,113134,6180,109421,6175,134460
2020-06-02 10:09:19.830000,6188.11,6185,17975,6190,113134,6180,100841,6175,138040
2020-06-02 10:09:20.130000,6188.11,6185,32275,6190,113134,6180,100707,6175,138040
2020-06-02 10:09:20.400000,6188.11,6185,17975,6190,113134,6180,100707,6175,138040
2020-06-02 10:09:21.270000,6188.11,6185,17975,6190,113134,6180,114287,6175,129460
2020-06-02 10:09:21.410000,6188.11,6185,17974,6190,113134,6180,114287,6175,129460
2020-06-02 10:09:22.220000,6188.11,6185,104,6190,113134,6180,114287,6175,129460
2020-06-02 10:09:22.440000,6188.11,6190,113134,6195,100910,6185,18666,6180,114307
2020-06-02 10:09:22.680000,6188.11,6185,20750,6190,113134,6180,114307,6175,132203
2020-06-02 10:09:23.000000,6188.11,6185,34750,6190,113134,6180,105727,6175,135783
2020-06-02 10:09:23.860000,6188.11,6185,34749,6190,113134,6180,105727,6175,135783
2020-06-02 10:09:24.000000,6188.11,6185,34749,6190,113134,6180,106834,6175,135783
2020-06-02 10:09:24.360000,6188.11,6185,34749,6190,123134,6180,106834,6175,135783
2020-06-02 10:09:24.630000,6188.11,6185,34749,6190,123134,6180,106834,6175,135783
2020-06-02 10:09:25.290000,6188.11,6185,34749,6190,123134,6180,106834,6175,135783
2020-06-02 10:09:25.360000,6188.11,6185,34749,6190,123134,6180,106884,6175,135783
2020-06-02 10:09:25.710000,6188.11,6185,34949,6190,123134,6180,106884,6175,135783
2020-06-02 10:09:26.630000,6188.11,6185,36467,6190,123134,6180,106884,6175,135783
2020-06-02 10:09:27.500000,6189.22,6185,60514,6190,121134,6180,103028,6175,140783
2020-06-02 10:09:27.660000,6188.66,6185,63514,6190,121134,6180,103028,6175,140783
2020-06-02 10:09:27.750000,6188.66,6185,63514,6190,121134,6180,103028,6175,140783
2020-06-02 10:09:28.600000,6187.55,6185,67094,6190,117554,6180,98028,6175,140783
2020-06-02 10:09:28.830000,6185.87,6185,68694,6190,117554,6180,93004,6175,140783
2020-06-02 10:09:29.470000,6185.87,6185,68694,6190,117554,6180,92928,6175,125239
2020-06-02 10:09:30.890000,6185.87,6185,65114,6190,121134,6180,97928,6175,137783
2020-06-02 10:09:31.560000,6185.87,6185,62114,6190,121134,6180,97928,6175,140783
2020-06-02 10:09:31.890000,6185.87,6185,62114,6190,121134,6180,98029,6175,140783
2020-06-02 10:09:32.720000,6185.87,6185,62114,6190,121134,6180,100772,6175,138040
2020-06-02 10:09:33.100000,6185.87,6185,62114,6190,121134,6180,100770,6175,138040
2020-06-02 10:09:33.890000,6185.87,6185,62084,6190,121134,6180,100770,6175,138040
2020-06-02 10:09:35.240000,6185.87,6185,68664,6190,117554,6180,95770,6175,138040
2020-06-02 10:09:35.630000,6185.87,6185,68664,6190,107754,6180,95780,6175,132131
2020-06-02 10:09:36.270000,6185.87,6185,68664,6190,107754,6180,96294,6175,132131
2020-06-02 10:09:36.330000,6185.87,6185,68664,6190,107754,6180,96295,6175,132131
2020-06-02 10:09:36.530000,6185.87,6185,65084,6190,111334,6180,101395,6175,132031
2020-06-02 10:09:37.330000,6186.43,6185,65084,6190,111334,6180,101395,6175,132031
2020-06-02 10:09:37.470000,6186.43,6185,62084,6190,111334,6180,101895,6175,132031
2020-06-02 10:09:37.720000,6186.43,6185,62084,6190,111334,6180,101904,6175,132031
2020-06-02 10:09:38.480000,6186.43,6185,65664,6190,107754,6180,96904,6175,119488
2020-06-02 10:09:39.060000,6186.43,6185,65664,6190,107754,6180,91904,6175,119488
2020-06-02 10:09:39.560000,6186.43,6185,68664,6190,107754,6180,91904,6175,116488
2020-06-02 10:09:39.950000,6184.76,6185,68664,6190,107754,6180,97798,6175,116488
2020-06-02 10:09:41.300000,6184.76,6185,68664,6190,107754,6180,97798,6175,132032
2020-06-02 10:09:42.280000,6184.76,6185,68664,6190,107754,6180,97798,6175,119488
2020-06-02 10:09:42.530000,6184.76,6185,68664,6190,107754,6180,97798,6175,119488
2020-06-02 10:09:42.890000,6184.76,6185,68681,6190,107754,6180,102798,6175,132032
2020-06-02 10:09:43.720000,6184.76,6185,65101,6190,111334,6180,102998,6175,129032
2020-06-02 10:09:43.860000,6184.76,6185,68681,6190,107754,6180,98098,6175,129032
2020-06-02 10:09:44.000000,6184.76,6185,70581,6190,107754,6180,98098,6175,129082
2020-06-02 10:09:44.700000,6184.76,6185,70581,6190,107754,6180,98098,6175,116538
2020-06-02 10:09:44.780000,6184.76,6185,70586,6190,107754,6180,98098,6175,116538
2020-06-02 10:09:45.170000,6184.76,6185,70586,6190,107754,6180,98101,6175,116538
2020-06-02 10:09:45.560000,6184.76,6185,70586,6190,107754,6180,97101,6175,116538
2020-06-02 10:09:46.340000,6184.76,6185,70586,6190,107754,6180,97101,6175,116568
2020-06-02 10:09:46.700000,6184.76,6185,70586,6190,107754,6180,97450,6175,116568
2020-06-02 10:09:47.310000,6184.76,6185,68886,6190,107754,6180,97450,6175,116568
2020-06-02 10:09:47.530000,6184.76,6185,68886,6190,107754,6180,97450,6175,132112
2020-06-02 10:09:47.870000,6187.55,6185,59906,6190,111334,6180,107450,6175,127112
2020-06-02 10:09:48.200000,6187.55,6185,59906,6190,111334,6180,107450,6175,127112
2020-06-02 10:09:48.900000,6187.55,6185,59906,6190,111334,6180,102450,6175,132112
2020-06-02 10:09:49.010000,6187.55,6185,59906,6190,111334,6180,107450,6175,127112
2020-06-02 10:09:50.070000,6186.43,6185,56906,6190,111334,6180,102450,6175,132112
2020-06-02 10:09:50.590000,6186.43,6185,64906,6190,111334,6180,102550,6175,132112
2020-06-02 10:09:51.090000,6186.43,6185,68485,6190,107754,6180,97550,6175,119568
2020-06-02 10:09:51.610000,6186.43,6185,71485,6190,107754,6180,97765,6175,116568
2020-06-02 10:09:52.150000,6186.43,6185,71985,6190,107754,6180,97766,6175,116568
2020-06-02 10:09:52.650000,6186.43,6185,72085,6190,107754,6180,97802,6175,116568
2020-06-02 10:09:52.900000,6186.43,6185,72085,6190,107754,6180,98300,6175,116568
2020-06-02 10:09:53.620000,6186.43,6185,72085,6190,107754,6180,98300,6175,116583
2020-06-02 10:09:53.760000,6186.43,6185,72085,6190,107754,6180,98300,6175,116583
2020-06-02 10:09:53.930000,6186.43,6185,72085,6190,107754,6180,88032,6175,116583
2020-06-02 10:09:55.180000,6186.43,6185,72085,6190,107754,6180,88032,6175,116583
2020-06-02 10:09:55.570000,6186.43,6185,72085,6190,107754,6180,88032,6175,116588
2020-06-02 10:09:56.370000,6186.43,6185,72085,6190,107754,6180,88181,6175,116588
2020-06-02 10:09:57.420000,6186.43,6185,72085,6190,107754,6180,81637,6175,132132
2020-06-02 10:09:57.730000,6186.43,6185,60905,6190,111334,6180,97061,6175,132132
2020-06-02 10:09:58.170000,6186.43,6185,65905,6190,111334,6180,91661,6175,132132
2020-06-02 10:09:58.990000,6186.43,6185,70036,6190,107183,6180,91661,6175,132132
2020-06-02 10:09:59.130000,6186.43,6185,69118,6190,107183,6180,90143,6175,132132
2020-06-02 10:09:59.400000,6186.43,6185,72798,6190,103603,6180,85143,6175,132132
2020-06-02 10:10:00.020000,6186.43,6185,65518,6190,107183,6180,90143,6175,132132
2020-06-02 10:10:00.260000,6186.43,6185,71098,6190,103603,6180,85143,6175,132132
2020-06-02 10:10:01.020000,6186.43,6185,74098,6190,103603,6180,79940,6175,119588
2020-06-02 10:10:01.290000,6186.43,6185,74098,6190,103603,6180,79945,6175,119588
2020-06-02 10:10:02.290000,6186.43,6185,75998,6190,101003,6180,79945,6175,132132
2020-06-02 10:10:03.150000,6186.43,6185,76298,6190,101003,6180,80045,6175,119588
2020-06-02 10:10:03.340000,6186.43,6185,76298,6190,101003,6180,80045,6175,116588
2020-06-02 10:10:03.570000,6186.43,6185,76298,6190,101003,6180,80045,6175,116588
2020-06-02 10:10:03.730000,6186.43,6185,76298,6190,101003,6180,80045,6175,116588
2020-06-02 10:10:04.900000,6186.43,6185,76298,6190,101003,6180,80046,6175,116588
2020-06-02 10:10:05.660000,6186.43,6185,76298,6190,101003,6180,80046,6175,116588
2020-06-02 10:10:05.990000,6186.43,6185,76298,6190,101003,6180,80246,6175,116588
2020-06-02 10:10:06.290000,6186.43,6185,76298,6190,101003,6180,80247,6175,116588
2020-06-02 10:10:06.800000,6186.43,6185,76298,6190,101003,6180,80247,6175,116598
2020-06-02 10:10:07.210000,6186.43,6185,76298,6190,101003,6180,80297,6175,116598
2020-06-02 10:10:08.290000,6185.32,6185,76098,6190,101003,6180,80097,6175,116598
2020-06-02 10:10:08.690000,6185.32,6185,76098,6190,101003,6180,80097,6175,116598
2020-06-02 10:10:09.400000,6185.32,6185,76003,6190,101003,6180,80097,6175,116598
2020-06-02 10:10:10.410000,6185.32,6185,76003,6190,101003,6180,80097,6175,116599
2020-06-02 10:10:10.520000,6185.32,6185,76003,6190,101003,6180,80097,6175,116599
2020-06-02 10:10:10.820000,6185.32,6185,76003,6190,101003,6180,79992,6175,116599
2020-06-02 10:10:11.520000,6185.32,6185,76003,6190,101003,6180,79992,6175,116599
2020-06-02 10:10:11.690000,6185.32,6185,71803,6190,101003,6180,89992,6175,132143
2020-06-02 10:10:11.930000,6185.32,6185,38823,6190,104583,6180,105474,6175,127143
2020-06-02 10:10:12.610000,6185.32,6185,30157,6190,96583,6180,114054,6175,123563
2020-06-02 10:10:12.860000,6185.32,6190,96583,6195,97910,6180,114054,6175,123563
2020-06-02 10:10:13.210000,6185.32,6190,84039,6195,97910,6180,114054,6175,123563
2020-06-02 10:10:13.540000,6185.32,6190,84039,6195,97910,6185,22292,6180,114054
2020-06-02 10:10:13.860000,6185.32,6190,100039,6195,97910,6185,22292,6180,114054
2020-06-02 10:10:14.100000,6185.32,6190,100038,6195,97910,6185,22292,6180,114054
2020-06-02 10:10:14.690000,6185.32,6190,100038,6195,97910,6185,17292,6180,114054
2020-06-02 10:10:15.830000,6185.32,6190,100038,6195,100910,6185,16292,6180,114254
2020-06-02 10:10:15.940000,6185.32,6190,100038,6195,100910,6185,16292,6180,126798
2020-06-02 10:10:16.300000,6185.32,6190,100038,6195,100910,6185,21292,6180,114254
2020-06-02 10:10:16.710000,6185.32,6190,100038,6195,100910,6185,16292,6180,114254
2020-06-02 10:10:17.110000,6185.32,6190,100038,6195,100910,6180,114254,6175,123563
2020-06-02 10:10:17.910000,6191.45,6185,100,6190,100038,6180,114254,6175,123563
2020-06-02 10:10:18.190000,6189.78,6185,17970,6190,100038,6180,114254,6175,123563
2020-06-02 10:10:18.940000,6189.78,6185,17970,6190,112582,6180,114254,6175,123563
2020-06-02 10:10:18.970000,6190.34,6185,17970,6190,112582,6180,114254,6175,123563
2020-06-02 10:10:19.110000,6190.34,6185,17970,6190,112582,6180,114254,6175,123563
2020-06-02 10:10:19.390000,6190.34,6185,17970,6190,112582,6180,109254,6175,123563
2020-06-02 10:10:20.060000,6190.34,6185,17970,6190,112582,6180,114254,6175,123563
2020-06-02 10:10:20.440000,6190.34,6185,100,6190,100038,6180,114415,6175,123563
2020-06-02 10:10:20.810000,6190.34,6190,100038,6195,100910,6185,5000,6180,114815
2020-06-02 10:10:21.640000,6190.34,6190,100038,6195,100910,6185,21292,6180,114816
2020-06-02 10:10:21.750000,6190.34,6190,100038,6195,100910,6185,21292,6180,114816
2020-06-02 10:10:22.660000,6190.34,6190,100038,6195,100910,6185,26292,6180,137204
2020-06-02 10:10:22.770000,6190.34,6190,100038,6195,100910,6185,26292,6180,137474
2020-06-02 10:10:23.020000,6190.34,6190,100088,6195,100910,6185,21292,6180,124930
2020-06-02 10:10:23.780000,6190.34,6190,100088,6195,100910,6180,124930,6175,123563
2020-06-02 10:10:24.030000,6190.34,6190,100088,6195,100910,6180,121930,6175,123563
2020-06-02 10:10:24.670000,6190.34,6185,17870,6190,100088,6180,121930,6175,123563
2020-06-02 10:10:24.810000,6190.34,6185,17870,6190,112632,6180,122030,6175,123563
2020-06-02 10:10:25.170000,6190.34,6185,17870,6190,112632,6180,126198,6175,123563
2020-06-02 10:10:25.390000,6190.34,6185,17870,6190,113632,6180,126198,6175,123563
2020-06-02 10:10:25.770000,6190.34,6190,101088,6195,100910,6185,16292,6180,126198
2020-06-02 10:10:26.550000,6190.34,6190,101088,6195,100910,6185,16292,6180,126198
2020-06-02 10:10:27.060000,6189.78,6190,101088,6195,100910,6185,16292,6180,126198
2020-06-02 10:10:27.970000,6190.9,6185,38000,6190,101088,6180,129198,6175,123563
2020-06-02 10:10:29.310000,6190.34,6185,38000,6190,101088,6180,125798,6175,123563
2020-06-02 10:10:29.980000,6190.34,6185,55568,6190,101088,6180,125798,6175,123563
2020-06-02 10:10:30.230000,6189.78,6185,55568,6190,113632,6180,125798,6175,123563
2020-06-02 10:10:30.530000,6189.78,6185,55568,6190,113632,6180,125798,6175,123563
2020-06-02 10:10:30.890000,6189.78,6185,55470,6190,113632,6180,125798,6175,123563
2020-06-02 10:10:31.530000,6189.78,6185,55470,6190,113632,6180,124153,6175,123563
2020-06-02 10:10:32.530000,6189.78,6185,38600,6190,113632,6180,124653,6175,123563
2020-06-02 10:10:32.670000,6189.78,6185,38600,6190,101088,6180,124653,6175,123563
2020-06-02 10:10:32.950000,6189.78,6185,38600,6190,101088,6180,124653,6175,123563
2020-06-02 10:10:34.090000,6189.78,6190,101088,6195,100910,6185,5000,6180,140199
2020-06-02 10:10:34.530000,6189.78,6190,101088,6195,100910,6185,23818,6180,140199
2020-06-02 10:10:36.310000,6189.78,6190,101088,6195,100910,6185,23818,6180,124655
2020-06-02 10:10:36.390000,6189.78,6190,101088,6195,100910,6185,18818,6180,124655
2020-06-02 10:10:36.790000,6189.22,6190,101088,6195,100910,6185,16818,6180,124655
2020-06-02 10:10:37.890000,6189.78,6190,101088,6195,100910,6185,48,6180,124655
2020-06-02 10:10:38.290000,6190.9,6190,101088,6195,100910,6185,48,6180,124655
2020-06-02 10:10:38.920000,6190.9,6190,101088,6195,100910,6185,48,6180,124655
2020-06-02 10:10:39.920000,6190.9,6190,101088,6195,100910,6185,48,6180,124657
2020-06-02 10:10:40.060000,6190.34,6190,101088,6195,100910,6185,5048,6180,124657
2020-06-02 10:10:40.120000,6190.34,6190,101088,6195,100910,6185,5058,6180,124657
2020-06-02 10:10:41.000000,6190.34,6185,3542,6190,101088,6180,124657,6175,123564
2020-06-02 10:10:41.120000,6190.34,6185,11073,6190,85088,6180,124581,6175,123564
2020-06-02 10:10:42.090000,6190.34,6185,1173,6190,85088,6180,124581,6175,123564
2020-06-02 10:10:42.230000,6190.34,6185,1173,6190,85088,6180,124581,6175,123564
2020-06-02 10:10:42.530000,6190.34,6185,1173,6190,85088,6180,124579,6175,123564
2020-06-02 10:10:43.090000,6190.34,6185,1273,6190,85088,6180,118035,6175,123564
2020-06-02 10:10:43.790000,6190.34,6185,1270,6190,85088,6180,118035,6175,123564
2020-06-02 10:10:44.640000,6190.34,6185,1270,6190,85088,6180,121035,6175,123564
2020-06-02 10:10:44.780000,6190.34,6190,85088,6195,100910,6185,20500,6180,133579
2020-06-02 10:10:44.930000,6190.34,6190,100488,6195,100910,6185,20500,6180,121035
2020-06-02 10:10:45.200000,6190.34,6190,100488,6195,100910,6185,20500,6180,121035
2020-06-02 10:10:45.670000,6190.34,6190,100488,6195,100910,6185,20500,6180,121040
2020-06-02 10:10:45.960000,6190.34,6190,100488,6195,100910,6185,20500,6180,133584
2020-06-02 10:10:46.730000,6190.34,6190,84188,6195,100910,6185,20500,6180,133584
2020-06-02 10:10:46.920000,6190.34,6190,67208,6195,104490,6185,31065,6180,133584
2020-06-02 10:10:47.100000,6190.34,6190,65208,6195,106490,6185,43324,6180,128584
2020-06-02 10:10:47.870000,6190.34,6190,65208,6195,106490,6185,43340,6180,128584
2020-06-02 10:10:47.960000,6190.34,6190,65208,6195,106490,6185,45353,6180,128584
2020-06-02 10:10:48.070000,6190.34,6190,76808,6195,106490,6185,45353,6180,128584
2020-06-02 10:10:48.960000,6190.34,6190,89508,6195,104490,6185,34953,6180,128614
2020-06-02 10:10:49.100000,6192.57,6190,101488,6195,100910,6185,29933,6180,133614
2020-06-02 10:10:49.900000,6192.57,6190,101488,6195,100910,6185,24904,6180,133614
2020-06-02 10:10:49.950000,6192.01,6190,101488,6195,100910,6185,24924,6180,133614
2020-06-02 10:10:50.320000,6192.01,6190,92508,6195,104490,6185,24926,6180,133614
2020-06-02 10:10:50.600000,6192.01,6190,92508,6195,104490,6185,29926,6180,128614
2020-06-02 10:10:51.100000,6192.01,6190,89508,6195,104490,6185,29927,6180,128614
2020-06-02 10:10:51.960000,6192.01,6190,89508,6195,104490,6185,24927,6180,136614
2020-06-02 10:10:52.100000,6192.01,6190,98488,6195,100910,6185,24928,6180,124070
2020-06-02 10:10:52.430000,6192.01,6190,98488,6195,100910,6185,25008,6180,128070
2020-06-02 10:10:52.990000,6192.01,6190,98487,6195,100910,6185,25008,6180,128070
2020-06-02 10:10:53.490000,6192.01,6190,101487,6195,100910,6185,25008,6180,137614
2020-06-02 10:10:54.190000,6192.01,6190,101487,6195,100910,6185,28678,6180,125070
2020-06-02 10:10:54.350000,6192.01,6190,92560,6195,104490,6185,28698,6180,137614
2020-06-02 10:10:55.160000,6192.01,6190,92560,6195,104490,6185,28698,6180,137614
2020-06-02 10:10:55.240000,6192.01,6190,101540,6195,100910,6185,28698,6180,137614
2020-06-02 10:10:55.400000,6192.01,6190,101540,6195,100910,6185,28698,6180,140614
2020-06-02 10:10:56.520000,6192.01,6190,101540,6195,100910,6185,28698,6180,140614
2020-06-02 10:10:57.380000,6191.45,6190,101540,6195,100910,6185,28520,6180,140614
2020-06-02 10:10:57.550000,6191.45,6190,101540,6195,100910,6185,28370,6180,140614
2020-06-02 10:10:57.760000,6190.9,6190,101540,6195,100910,6185,21439,6180,125070
2020-06-02 10:10:58.820000,6191.45,6190,101545,6195,100910,6185,20944,6180,125070
2020-06-02 10:10:59.040000,6191.45,6190,101545,6195,100910,6185,5944,6180,125070
2020-06-02 10:10:59.400000,6191.45,6190,101545,6195,100910,6185,25944,6180,125071
2020-06-02 10:10:59.770000,6189.78,6190,101545,6195,100910,6185,25944,6180,125071
2020-06-02 10:11:00.540000,6189.78,6190,92565,6195,104490,6185,25945,6180,140615
2020-06-02 10:11:00.680000,6189.78,6190,101545,6195,100910,6185,25944,6180,140615
2020-06-02 10:11:01.020000,6189.78,6190,101545,6195,100910,6185,25944,6180,128071
2020-06-02 10:11:02.110000,6189.78,6190,84894,6195,104490,6185,36393,6180,140615
2020-06-02 10:11:02.360000,6189.78,6190,86834,6195,104490,6185,30964,6180,135615
2020-06-02 10:11:03.110000,6189.78,6190,86834,6195,104490,6185,25951,6180,140615
2020-06-02 10:11:04.100000,6189.78,6190,86834,6195,104490,6185,25951,6180,140615
2020-06-02 10:11:05.160000,6189.78,6190,86834,6195,104490,6185,32164,6180,140615
2020-06-02 10:11:05.600000,6189.78,6190,86834,6195,104490,6185,32134,6180,140615
2020-06-02 10:11:06.190000,6189.78,6190,86834,6195,104490,6185,32134,6180,141004
2020-06-02 10:11:06.720000,6189.78,6190,86834,6195,104490,6185,32134,6180,141004
2020-06-02 10:11:07.800000,6192.57,6190,86834,6195,104490,6185,36134,6180,137004
2020-06-02 10:11:07.920000,6192.57,6190,86834,6195,104490,6185,36134,6180,137004
2020-06-02 10:11:08.750000,6192.57,6190,86824,6195,104490,6185,36134,6180,137104
2020-06-02 10:11:08.810000,6192.57,6190,86824,6195,104490,6185,36134,6180,137104
2020-06-02 10:11:09.050000,6192.57,6190,86824,6195,104490,6185,41334,6180,129104
2020-06-02 10:11:09.300000,6192.57,6190,86824,6195,104490,6185,36334,6180,134104
2020-06-02 10:11:09.780000,6192.57,6190,86824,6195,104490,6185,36334,6180,137104
2020-06-02 10:11:10.830000,6189.78,6190,86824,6195,104490,6185,36334,6180,137104
2020-06-02 10:11:10.970000,6189.78,6190,74124,6195,106490,6185,56763,6180,132104
2020-06-02 10:11:11.360000,6189.78,6190,62524,6195,106490,6185,59022,6180,132104
2020-06-02 10:11:11.750000,6189.78,6190,62524,6195,106490,6185,59022,6180,132154
2020-06-02 10:11:12.390000,6189.78,6190,79424,6195,106490,6185,53209,6180,132154
2020-06-02 10:11:12.420000,6189.78,6190,79424,6195,106490,6185,53249,6180,132154
2020-06-02 10:11:13.500000,6189.78,6190,79424,6195,106490,6185,53249,6180,132154
2020-06-02 10:11:13.700000,6189.78,6190,79424,6195,106490,6185,53249,6180,132174
2020-06-02 10:11:14.090000,6189.78,6190,62524,6195,106490,6185,53249,6180,132174
2020-06-02 10:11:14.530000,6189.78,6190,69024,6195,106490,6185,53249,6180,132174
2020-06-02 10:11:14.760000,6189.78,6190,62524,6195,106490,6185,53249,6180,132174
2020-06-02 10:11:15.840000,6189.78,6190,57824,6195,106490,6185,53249,6180,132174
2020-06-02 10:11:16.010000,6189.78,6190,62624,6195,106490,6185,53349,6180,132174
2020-06-02 10:11:16.810000,6189.78,6190,62624,6195,106490,6185,53349,6180,132174
2020-06-02 10:11:17.090000,6192.57,6190,65724,6195,106490,6185,53349,6180,132174
2020-06-02 10:11:17.820000,6192.57,6190,65724,6195,106490,6185,53349,6180,132174
2020-06-02 10:11:17.930000,6192.57,6190,66524,6195,106490,6185,53282,6180,132174
2020-06-02 10:11:18.020000,6192.57,6190,57824,6195,106490,6185,48282,6180,137174
2020-06-02 10:11:18.700000,6192.57,6190,72724,6195,106490,6185,48282,6180,137174
2020-06-02 10:11:19.340000,6192.57,6190,64924,6195,106490,6185,53282,6180,132174
2020-06-02 10:11:19.880000,6192.57,6190,57824,6195,106490,6185,68282,6180,132174
2020-06-02 10:11:20.900000,6192.57,6190,57824,6195,106490,6185,68282,6180,132174
2020-06-02 10:11:21.290000,6192.57,6190,57824,6195,106490,6185,68382,6180,132174
2020-06-02 10:11:21.990000,6192.57,6190,57824,6195,106490,6185,68382,6180,132174
2020-06-02 10:11:22.340000,6192.57,6190,76624,6195,104490,6185,58332,6180,137174
2020-06-02 10:11:23.150000,6192.57,6190,93604,6195,100910,6185,52982,6180,137174
2020-06-02 10:11:23.350000,6192.57,6190,84624,6195,104490,6185,52982,6180,137174
2020-06-02 10:11:24.230000,6192.57,6190,93604,6195,100910,6185,52982,6180,137174
2020-06-02 10:11:24.410000,6192.57,6190,93604,6195,100910,6185,52699,6180,137174
2020-06-02 10:11:24.620000,6192.57,6190,93604,6195,100910,6185,47670,6180,121630
2020-06-02 10:11:24.900000,6192.57,6190,93604,6195,100910,6185,47670,6180,121630
2020-06-02 10:11:26.160000,6192.57,6190,93604,6195,100910,6185,47670,6180,121630
2020-06-02 10:11:26.490000,6192.57,6190,93604,6195,100910,6185,45411,6180,121630
2020-06-02 10:11:27.400000,6191.45,6190,93604,6195,100910,6185,45411,6180,121630
2020-06-02 10:11:27.690000,6191.45,6190,93604,6195,100910,6185,45411,6180,121630
2020-06-02 10:11:28.900000,6190.34,6190,93604,6195,100910,6185,39198,6180,121630
2020-06-02 10:11:29.940000,6190.34,6190,93604,6195,100910,6185,39481,6180,137174
2020-06-02 10:11:30.070000,6190.9,6190,93604,6195,100910,6185,39501,6180,137174
2020-06-02 10:11:30.360000,6190.9,6190,84624,6195,104490,6185,39501,6180,137174
2020-06-02 10:11:30.690000,6190.9,6190,84624,6195,104490,6185,39501,6180,137179
2020-06-02 10:11:31.460000,6190.9,6190,84624,6195,104490,6185,39501,6180,137179
2020-06-02 10:11:31.570000,6190.9,6190,84624,6195,104490,6185,39501,6180,138179
2020-06-02 10:11:31.890000,6190.9,6190,74624,6195,106490,6185,58669,6180,138179
2020-06-02 10:11:32.680000,6190.9,6190,58824,6195,106490,6185,66368,6180,138179
2020-06-02 10:11:33.000000,6190.9,6190,77724,6195,104490,6185,63627,6180,138179
2020-06-02 10:11:33.500000,6190.9,6190,57824,6195,106490,6185,68627,6180,138179
2020-06-02 10:11:34.020000,6190.9,6190,65324,6195,106490,6185,68627,6180,138179
2020-06-02 10:11:35.110000,6190.9,6190,75924,6195,106490,6185,68646,6180,138199
2020-06-02 10:11:35.360000,6190.9,6190,57824,6195,106490,6185,73647,6180,133199
2020-06-02 10:11:36.750000,6190.9,6190,57824,6195,106490,6185,76825,6180,133199
2020-06-02 10:11:36.910000,6191.45,6190,62524,6195,106490,6185,76825,6180,133199
2020-06-02 10:11:37.190000,6191.45,6190,68524,6195,106490,6185,76825,6180,133199
2020-06-02 10:11:37.780000,6192.01,6190,62524,6195,106490,6185,76825,6180,133199
2020-06-02 10:11:37.810000,6192.01,6190,68624,6195,106490,6185,71825,6180,138199
2020-06-02 10:11:38.360000,6192.57,6190,62524,6195,106490,6185,71825,6180,138199
2020-06-02 10:11:38.860000,6192.01,6190,57824,6195,106490,6185,71825,6180,138199
2020-06-02 10:11:39.360000,6192.01,6190,49966,6195,104928,6185,85405,6180,129619
2020-06-02 10:11:39.660000,6192.01,6190,49966,6195,104928,6185,80405,6180,129619
2020-06-02 10:11:39.940000,6192.01,6190,54966,6195,104928,6185,71825,6180,138199
2020-06-02 10:11:40.360000,6192.01,6190,64166,6195,112928,6185,66825,6180,138199
2020-06-02 10:11:41.000000,6192.01,6190,74666,6195,112928,6185,66825,6180,138199
2020-06-02 10:11:41.170000,6192.01,6190,91647,6195,109349,6185,61423,6180,138199
2020-06-02 10:11:41.450000,6193.13,6190,91697,6195,109349,6185,55942,6180,138199
2020-06-02 10:11:41.990000,6193.13,6190,85172,6195,109349,6185,56396,6180,138199
2020-06-02 10:11:42.420000,6193.13,6190,85673,6195,109350,6185,56396,6180,138199
2020-06-02 10:11:44.190000,6193.13,6190,88531,6195,109350,6185,56397,6180,122655
2020-06-02 10:11:44.300000,6193.13,6190,88531,6195,109350,6185,56349,6180,122655
2020-06-02 10:11:44.530000,6193.13,6190,88531,6195,109350,6185,56349,6180,122655
2020-06-02 10:11:45.420000,6193.13,6190,88534,6195,109350,6185,56417,6180,122655
2020-06-02 10:11:45.800000,6193.13,6190,61054,6195,112930,6185,66846,6180,135199
2020-06-02 10:11:46.300000,6193.13,6190,53854,6195,112930,6185,66846,6180,135199
2020-06-02 10:11:46.660000,6193.13,6190,53854,6195,112930,6185,66846,6180,135199
2020-06-02 10:11:47.530000,6190.9,6190,53854,6195,112930,6185,66846,6180,138199
2020-06-02 10:11:48.390000,6190.9,6190,58854,6195,112930,6185,56417,6180,138249
2020-06-02 10:11:48.640000,6191.45,6190,85334,6195,109350,6185,56417,6180,125705
2020-06-02 10:11:48.840000,6192.01,6190,85334,6195,109350,6185,53655,6180,125705
2020-06-02 10:11:49.190000,6192.01,6190,85334,6195,109350,6185,53372,6180,126105
2020-06-02 10:11:49.920000,6192.01,6190,88334,6195,109350,6185,54672,6180,122805
2020-06-02 10:11:50.390000,6192.01,6190,88334,6195,109350,6185,54672,6180,122805
2020-06-02 10:11:51.150000,6192.01,6190,88334,6195,109350,6185,31234,6180,122805
2020-06-02 10:11:51.390000,6192.01,6190,88334,6195,109350,6185,47020,6180,135349
2020-06-02 10:11:52.030000,6192.01,6190,88334,6195,109350,6185,47020,6180,138349
2020-06-02 10:11:53.060000,6192.01,6190,88234,6195,109350,6185,47020,6180,137349
2020-06-02 10:11:53.590000,6192.01,6190,88234,6195,109350,6185,47020,6180,137319
2020-06-02 10:11:53.890000,6192.01,6190,88234,6195,109350,6185,47050,6180,137319
2020-06-02 10:11:54.670000,6192.01,6190,88234,6195,109350,6185,46974,6180,137319
2020-06-02 10:11:54.900000,6192.01,6190,76254,6195,112930,6185,55488,6180,137319
2020-06-02 10:11:55.260000,6192.01,6190,58754,6195,112930,6185,62747,6180,132319
2020-06-02 10:11:55.790000,6192.01,6190,53755,6195,112931,6185,78226,6180,132319
2020-06-02 10:11:56.730000,6192.01,6190,58755,6195,112931,6185,68126,6180,132319
2020-06-02 10:11:56.980000,6192.01,6190,51755,6195,114931,6185,78526,6180,132319
2020-06-02 10:11:57.120000,6190.9,6190,53750,6195,112931,6185,79991,6180,132319
2020-06-02 10:11:57.840000,6190.9,6190,75150,6195,112931,6185,64691,6180,137319
2020-06-02 10:11:58.070000,6190.9,6190,69550,6195,112931,6185,69691,6180,132319
2020-06-02 10:11:58.230000,6192.01,6190,69630,6195,112931,6185,69691,6180,132319
2020-06-02 10:11:58.500000,6192.01,6190,69630,6195,112931,6185,69691,6180,132319
2020-06-02 10:11:59.280000,6192.01,6190,74830,6195,112931,6185,59656,6180,137319
2020-06-02 10:11:59.310000,6192.01,6190,74830,6195,112931,6185,59662,6180,137319
2020-06-02 10:12:00.490000,6192.01,6190,69630,6195,112931,6185,64662,6180,132319
2020-06-02 10:12:00.600000,6192.01,6190,69630,6195,112931,6185,64662,6180,132319
2020-06-02 10:12:00.890000,6192.01,6190,73930,6195,112931,6185,59662,6180,137319
2020-06-02 10:12:01.460000,6192.01,6190,73930,6195,112931,6185,59662,6180,134319
2020-06-02 10:12:01.950000,6192.01,6190,64630,6195,112931,6185,76091,6180,129319
2020-06-02 10:12:02.400000,6192.01,6190,74330,6195,112931,6185,54091,6180,134319
2020-06-02 10:12:03.030000,6192.01,6190,74330,6195,112931,6185,54091,6180,134319
2020-06-02 10:12:03.230000,6192.01,6190,74330,6195,112931,6185,54091,6180,137319
2020-06-02 10:12:03.590000,6192.01,6190,69630,6195,112931,6185,64091,6180,132319
2020-06-02 10:12:04.900000,6192.01,6190,69630,6195,112931,6185,64091,6180,132419
2020-06-02 10:12:05.620000,6192.01,6190,69630,6195,112931,6185,64091,6180,132419
2020-06-02 10:12:05.700000,6192.01,6190,69630,6195,112931,6185,63091,6180,132419
2020-06-02 10:12:06.100000,6192.01,6190,69630,6195,102931,6185,60091,6180,132419
2020-06-02 10:12:06.400000,6192.01,6190,69630,6195,102931,6185,61534,6180,132419
2020-06-02 10:12:07.180000,6192.01,6190,69630,6195,102931,6185,61534,6180,132419
2020-06-02 10:12:07.260000,6192.01,6190,71530,6195,102931,6185,61534,6180,123192
2020-06-02 10:12:07.350000,6192.01,6190,58830,6195,102931,6185,61534,6180,123192
2020-06-02 10:12:08.180000,6192.01,6190,51830,6195,104931,6185,69240,6180,119612
2020-06-02 10:12:08.320000,6192.01,6190,51830,6195,104931,6185,69239,6180,119612
2020-06-02 10:12:08.590000,6192.57,6190,46830,6195,104931,6185,71019,6180,119612
2020-06-02 10:12:09.380000,6193.13,6190,41472,6195,104931,6185,76019,6180,119612
2020-06-02 10:12:09.820000,6193.69,6190,41472,6195,104931,6185,76019,6180,120180
2020-06-02 10:12:10.090000,6193.69,6190,41472,6195,104931,6185,76019,6180,121180
2020-06-02 10:12:10.820000,6193.69,6190,41472,6195,104931,6185,76499,6180,121180
2020-06-02 10:12:10.880000,6193.69,6190,41472,6195,104931,6185,76499,6180,121180
2020-06-02 10:12:11.260000,6193.69,6190,41372,6195,104931,6185,76499,6180,121180
2020-06-02 10:12:11.880000,6193.69,6190,41372,6195,104931,6185,76699,6180,121180
2020-06-02 10:12:12.490000,6193.69,6190,41372,6195,104931,6185,76699,6180,121402
2020-06-02 10:12:13.510000,6193.69,6190,41367,6195,104931,6185,76699,6180,112789
2020-06-02 10:12:13.770000,6193.69,6190,41367,6195,104931,6185,76699,6180,112789
2020-06-02 10:12:14.050000,6193.69,6190,41367,6195,104931,6185,76699,6180,112789
2020-06-02 10:12:14.430000,6193.69,6190,41362,6195,104931,6185,76699,6180,112789
2020-06-02 10:12:15.070000,6193.69,6190,41362,6195,104931,6185,76699,6180,112994
2020-06-02 10:12:15.270000,6193.69,6190,41362,6195,104931,6185,76699,6180,112994
2020-06-02 10:12:15.430000,6193.69,6190,41357,6195,104931,6185,76699,6180,112994
2020-06-02 10:12:16.470000,6193.69,6190,38310,6195,104931,6185,76759,6180,112994
2020-06-02 10:12:16.650000,6193.69,6190,38305,6195,104931,6185,76764,6180,112994
2020-06-02 10:12:17.220000,6193.13,6190,38305,6195,104931,6185,76764,6180,112994
2020-06-02 10:12:18.250000,6193.13,6190,38305,6195,104931,6185,76764,6180,112994
2020-06-02 10:12:18.330000,6193.13,6190,45005,6195,104931,6185,76744,6180,112994
2020-06-02 10:12:18.520000,6193.13,6190,53105,6195,104931,6185,78639,6180,112994
2020-06-02 10:12:19.300000,6194.24,6190,53105,6195,104931,6185,78639,6180,112994
2020-06-02 10:12:19.690000,6194.24,6190,53100,6195,104931,6185,78639,6180,112994
2020-06-02 10:12:20.470000,6194.24,6190,38300,6195,104931,6185,78639,6180,113044
2020-06-02 10:12:20.720000,6194.24,6195,92387,6200,93761,6190,25022,6185,93885
2020-06-02 10:12:21.470000,6194.24,6195,107387,6200,93761,6190,25027,6185,93885
2020-06-02 10:12:21.500000,6194.24,6195,107387,6200,93761,6190,25009,6185,93885
2020-06-02 10:12:22.500000,6194.24,6195,107387,6200,93761,6190,25059,6185,93885
2020-06-02 10:12:22.690000,6194.24,6195,108387,6200,93761,6190,25059,6185,93885
2020-06-02 10:12:23.020000,6194.24,6195,108387,6200,93761,6190,25059,6185,93915
2020-06-02 10:12:24.130000,6194.24,6195,108387,6200,93761,6190,25059,6185,93915
2020-06-02 10:12:24.280000,6194.24,6195,108387,6200,93761,6190,18835,6185,93915
2020-06-02 10:12:25.160000,6194.24,6195,108387,6200,93761,6190,19835,6185,93915
2020-06-02 10:12:25.330000,6194.24,6195,108387,6200,93761,6190,1065,6185,78371
2020-06-02 10:12:25.520000,6194.24,6195,108387,6200,93761,6185,78371,6180,113046
2020-06-02 10:12:25.920000,6194.24,6195,108387,6200,93761,6185,86976,6180,113046
2020-06-02 10:12:26.720000,6194.24,6190,23770,6195,120931,6185,86976,6180,113046
2020-06-02 10:12:26.750000,6194.24,6190,37970,6195,105931,6185,86976,6180,113046
2020-06-02 10:12:27.190000,6195.92,6190,42970,6195,105931,6185,81976,6180,113046
2020-06-02 10:12:27.470000,6195.92,6190,42970,6195,105931,6185,78396,6180,116626
2020-06-02 10:12:28.270000,6195.92,6190,42970,6195,105931,6185,88401,6180,116626
2020-06-02 10:12:28.410000,6195.92,6190,43023,6195,106031,6185,88401,6180,116626
2020-06-02 10:12:29.770000,6193.13,6190,43023,6195,106031,6185,83401,6180,121626
2020-06-02 10:12:30.300000,6193.13,6190,51473,6195,114031,6185,88401,6180,116626
2020-06-02 10:12:30.660000,6193.13,6190,51473,6195,114031,6185,88412,6180,116626
2020-06-02 10:12:31.390000,6193.13,6190,51473,6195,114031,6185,88412,6180,116626
2020-06-02 10:12:31.720000,6193.13,6190,49473,6195,116031,6185,88412,6180,116626
2020-06-02 10:12:33.500000,6193.13,6190,49473,6195,116031,6185,88412,6180,116426
2020-06-02 10:12:33.670000,6193.13,6190,49473,6195,116031,6185,83472,6180,121426
2020-06-02 10:12:33.780000,6193.13,6190,49473,6195,116031,6185,83472,6180,121426
2020-06-02 10:12:34.470000,6193.13,6190,49473,6195,116031,6185,83472,6180,121426
2020-06-02 10:12:34.920000,6193.13,6190,56473,6195,114031,6185,73072,6180,121426
2020-06-02 10:12:35.610000,6193.13,6190,56473,6195,114031,6185,63917,6180,121426
2020-06-02 10:12:35.810000,6193.13,6190,56523,6195,114031,6185,63917,6180,121426
2020-06-02 10:12:35.920000,6193.13,6190,68503,6195,110451,6185,63917,6180,121426
2020-06-02 10:12:36.590000,6193.13,6190,68503,6195,110451,6185,64117,6180,121426
2020-06-02 10:12:36.730000,6193.13,6190,59523,6195,114031,6185,64117,6180,121426
2020-06-02 10:12:37.190000,6192.01,6190,68503,6195,110451,6185,64117,6180,108882
2020-06-02 10:12:37.620000,6192.01,6190,71003,6195,110451,6185,64105,6180,108882
2020-06-02 10:12:38.010000,6192.01,6190,71003,6195,110451,6185,64106,6180,112786
2020-06-02 10:12:39.120000,6192.01,6190,71003,6195,110160,6185,64106,6180,112786
2020-06-02 10:12:39.500000,6192.01,6190,71023,6195,110160,6185,64106,6180,112786
2020-06-02 10:12:39.830000,6192.01,6190,71023,6195,110160,6185,64106,6180,112786
2020-06-02 10:12:40.230000,6192.01,6190,72023,6195,110160,6185,64106,6180,96942
2020-06-02 10:12:40.650000,6192.01,6190,72153,6195,110160,6185,64106,6180,96942
2020-06-02 10:12:41.290000,6192.01,6190,72153,6195,110160,6185,64106,6180,96962
2020-06-02 10:12:41.470000,6192.01,6190,72153,6195,110160,6185,64106,6180,92794
2020-06-02 10:12:41.760000,6192.01,6190,72153,6195,110160,6185,64106,6180,93794
2020-06-02 10:12:42.220000,6192.01,6190,72153,6195,110160,6185,64106,6180,93844
2020-06-02 10:12:42.980000,6192.01,6190,72153,6195,110160,6185,63255,6180,93844
2020-06-02 10:12:44.030000,6192.01,6190,72153,6195,110160,6185,63355,6180,93455
2020-06-02 10:12:45.030000,6192.01,6190,72151,6195,110160,6185,63355,6180,93455
2020-06-02 10:12:45.320000,6192.01,6190,72153,6195,110160,6185,68755,6180,93455
2020-06-02 10:12:45.590000,6192.01,6190,72153,6195,110160,6185,68755,6180,93456
2020-06-02 10:12:46.320000,6192.01,6190,72153,6195,110160,6185,68755,6180,93456
2020-06-02 10:12:46.680000,6192.01,6190,72153,6195,110160,6185,68755,6180,93456
2020-06-02 10:12:47.140000,6192.01,6190,72153,6195,110160,6185,43031,6180,93456
2020-06-02 10:12:47.560000,6190.34,6190,72153,6195,110160,6185,43031,6180,93456
2020-06-02 10:12:47.950000,6190.34,6190,72153,6195,110160,6185,58031,6180,93456
2020-06-02 10:12:48.620000,6190.34,6190,72153,6195,110160,6185,60775,6180,93456
2020-06-02 10:12:48.760000,6190.34,6190,71745,6195,110160,6185,60775,6180,93456
2020-06-02 10:12:49.850000,6190.34,6190,57545,6195,110160,6185,45875,6180,93456
2020-06-02 10:12:49.960000,6190.34,6190,69445,6195,110160,6185,45875,6180,93456
2020-06-02 10:12:51.260000,6190.34,6190,69445,6195,110160,6185,45875,6180,93456
2020-06-02 10:12:51.620000,6190.34,6190,69445,6195,110160,6185,45875,6180,93456
2020-06-02 10:12:52.350000,6190.34,6190,69445,6195,110160,6185,60875,6180,93456
2020-06-02 10:12:52.520000,6190.34,6190,69445,6195,110160,6185,60875,6180,93456
2020-06-02 10:12:52.820000,6190.34,6190,69557,6195,110160,6185,60975,6180,93356
2020-06-02 10:12:53.230000,6190.34,6190,69557,6195,110160,6185,60975,6180,96356
2020-06-02 10:12:53.870000,6190.34,6190,69557,6195,110160,6185,60975,6180,111900
2020-06-02 10:12:54.290000,6190.34,6190,66458,6195,110160,6185,60975,6180,111900
2020-06-02 10:12:54.490000,6190.34,6190,66455,6195,110160,6185,60975,6180,111900
2020-06-02 10:12:54.950000,6190.34,6190,66255,6195,110160,6185,60975,6180,111900
2020-06-02 10:12:55.230000,6190.34,6190,66255,6195,110160,6185,60978,6180,111900
2020-06-02 10:12:55.910000,6190.34,6190,66255,6195,110160,6185,60982,6180,111900
2020-06-02 10:12:55.980000,6190.34,6190,54275,6195,113740,6185,60982,6180,111903
2020-06-02 10:12:56.290000,6190.34,6190,54275,6195,113740,6185,60982,6180,111913
2020-06-02 10:12:57.090000,6190.34,6190,54275,6195,113740,6185,61042,6180,111913
2020-06-02 10:12:57.240000,6189.22,6190,54275,6195,113740,6185,66361,6180,111913
2020-06-02 10:12:57.570000,6189.22,6190,53775,6195,113740,6185,69480,6180,111913
2020-06-02 10:12:57.990000,6190.34,6190,53775,6195,113740,6185,67780,6180,111913
2020-06-02 10:12:59.130000,6190.34,6190,60577,6195,113840,6185,67780,6180,111913
2020-06-02 10:13:00.130000,6191.45,6190,69557,6195,110260,6185,67780,6180,98345
2020-06-02 10:13:00.300000,6190.34,6190,69057,6195,110260,6185,67280,6180,98345
2020-06-02 10:13:00.430000,6190.34,6190,69557,6195,110260,6185,62280,6180,98345
2020-06-02 10:13:01.180000,6190.34,6190,69557,6195,110260,6185,62416,6180,98345
2020-06-02 10:13:01.240000,6190.34,6190,69557,6195,110260,6185,62416,6180,95345
2020-06-02 10:13:01.690000,6190.34,6190,69557,6195,110260,6185,61967,6180,95345
2020-06-02 10:13:02.020000,6190.34,6190,69557,6195,110260,6185,61967,6180,107889
2020-06-02 10:13:02.830000,6190.34,6190,60577,6195,113840,6185,61967,6180,107889
2020-06-02 10:13:02.930000,6190.34,6190,60577,6195,113840,6185,61967,6180,107889
2020-06-02 10:13:03.260000,6190.34,6190,57577,6195,113840,6185,61967,6180,110889
2020-06-02 10:13:03.660000,6190.34,6190,66557,6195,110260,6185,61967,6180,98345
2020-06-02 10:13:04.410000,6190.34,6190,66657,6195,110260,6185,61967,6180,98345
2020-06-02 10:13:04.820000,6190.34,6190,66621,6195,110260,6185,61967,6180,110889
2020-06-02 10:13:05.130000,6190.34,6190,69605,6195,110260,6185,61967,6180,110889
2020-06-02 10:13:06.010000,6190.34,6190,69605,6195,110260,6185,61949,6180,110889
2020-06-02 10:13:06.990000,6190.34,6190,69605,6195,110260,6185,62109,6180,110889
2020-06-02 10:13:07.290000,6190.34,6190,57705,6195,110260,6185,62333,6180,110889
2020-06-02 10:13:07.990000,6191.45,6190,67257,6195,110260,6185,47333,6180,110889
2020-06-02 10:13:08.240000,6191.45,6190,67257,6195,110260,6185,22495,6180,95345
2020-06-02 10:13:08.490000,6190.34,6190,79803,6195,110260,6185,22495,6180,95345
2020-06-02 10:13:08.970000,6190.34,6190,79803,6195,110260,6185,24495,6180,95345
2020-06-02 10:13:09.600000,6190.34,6190,67309,6195,110260,6185,23845,6180,95345
2020-06-02 10:13:09.960000,6190.34,6190,67309,6195,110260,6185,28845,6180,95345
2020-06-02 10:13:10.630000,6190.34,6190,67309,6195,110260,6185,28945,6180,99740
2020-06-02 10:13:10.930000,6190.34,6190,67309,6195,110260,6185,41932,6180,99740
2020-06-02 10:13:11.890000,6190.34,6190,67309,6195,110260,6185,26932,6180,99740
2020-06-02 10:13:12.770000,6190.34,6190,67309,6195,110260,6185,12666,6180,99740
2020-06-02 10:13:13.890000,6190.34,6190,67309,6195,110260,6185,12602,6180,99804
2020-06-02 10:13:14.130000,6190.34,6185,29670,6190,70353,6180,99804,6175,122944
2020-06-02 10:13:14.890000,6190.34,6185,29670,6190,70353,6180,94804,6175,122944
2020-06-02 10:13:15.130000,6190.34,6185,29670,6190,70353,6180,99804,6175,122944
2020-06-02 10:13:15.880000,6190.34,6185,29660,6190,70353,6180,99804,6175,122944
2020-06-02 10:13:16.140000,6190.34,6185,10890,6190,57809,6180,99804,6175,122944
2020-06-02 10:13:16.600000,6189.78,6185,10890,6190,57809,6180,99804,6175,122944
2020-06-02 10:13:17.580000,6190.34,6185,29660,6190,70353,6180,99804,6175,122944
2020-06-02 10:13:17.860000,6190.34,6185,37160,6190,70353,6180,94804,6175,122944
2020-06-02 10:13:19.060000,6189.22,6185,40163,6190,80353,6180,81224,6175,131524
2020-06-02 10:13:19.360000,6188.66,6185,42163,6190,86958,6180,86224,6175,126524
2020-06-02 10:13:20.090000,6187.55,6185,42163,6190,86958,6180,86224,6175,126524
2020-06-02 10:13:20.590000,6187.55,6185,32160,6190,78958,6180,89804,6175,122944
2020-06-02 10:13:21.660000,6187.55,6185,2500,6190,78958,6180,94805,6175,122944
2020-06-02 10:13:21.880000,6187.55,6185,6500,6190,66414,6180,94805,6175,122944
2020-06-02 10:13:22.200000,6187.55,6185,30270,6190,78958,6180,94805,6175,122944
2020-06-02 10:13:23.200000,6187.55,6185,40556,6190,78958,6180,84805,6175,127945
2020-06-02 10:13:24.330000,6187.55,6185,37770,6190,88958,6180,81225,6175,131525
2020-06-02 10:13:25.360000,6187.55,6185,39570,6190,86958,6180,85725,6175,126525
2020-06-02 10:13:25.560000,6187.55,6185,39570,6190,86958,6180,79631,6175,126525
2020-06-02 10:13:25.890000,6187.55,6185,43536,6190,86958,6180,79631,6175,126525
2020-06-02 10:13:26.780000,6187.55,6185,41536,6190,88958,6180,74631,6175,131525
2020-06-02 10:13:27.170000,6189.22,6185,37620,6190,88958,6180,74641,6175,131525
2020-06-02 10:13:27.810000,6188.11,6185,37620,6190,88958,6180,74536,6175,131525
2020-06-02 10:13:28.540000,6188.11,6185,38120,6190,88958,6180,74236,6175,131525
2020-06-02 10:13:28.760000,6188.11,6185,38120,6190,88958,6180,79236,6175,126525
2020-06-02 10:13:29.640000,6188.11,6185,38470,6190,88958,6180,79236,6175,126525
2020-06-02 10:13:30.000000,6188.11,6185,38470,6190,88958,6180,74236,6175,131525
2020-06-02 10:13:30.920000,6188.11,6185,38470,6190,89958,6180,74536,6175,131525
2020-06-02 10:13:31.810000,6188.11,6185,38470,6190,89958,6180,79546,6175,126525
2020-06-02 10:13:32.700000,6188.11,6185,38470,6190,89958,6180,79543,6175,126525
2020-06-02 10:13:33.150000,6188.11,6185,38470,6190,89958,6180,79543,6175,126525
2020-06-02 10:13:33.480000,6188.11,6185,47075,6190,81353,6180,79543,6175,126525
2020-06-02 10:13:34.280000,6188.11,6185,47075,6190,81353,6180,79543,6175,126525
2020-06-02 10:13:34.420000,6188.11,6185,47075,6190,81353,6180,87943,6175,126525
2020-06-02 10:13:35.090000,6188.11,6185,47075,6190,81353,6180,86523,6175,127945
2020-06-02 10:13:35.930000,6188.11,6185,47075,6190,81353,6180,91523,6175,122945
2020-06-02 10:13:36.100000,6188.11,6185,47075,6190,81353,6180,91523,6175,122945
2020-06-02 10:13:36.230000,6188.11,6185,47087,6190,81353,6180,91523,6175,122945
2020-06-02 10:13:36.920000,6188.11,6185,47087,6190,81353,6180,91508,6175,122945
2020-06-02 10:13:37.140000,6188.11,6185,42087,6190,81353,6180,96509,6175,122945
2020-06-02 10:13:38.100000,6188.11,6185,36887,6190,81353,6180,96509,6175,122945
2020-06-02 10:13:38.310000,6188.11,6185,30787,6190,81353,6180,96509,6175,122945
2020-06-02 10:13:39.540000,6188.66,6185,38887,6190,81353,6180,96507,6175,122945
2020-06-02 10:13:39.650000,6188.66,6185,34887,6190,81353,6180,96307,6175,122945
2020-06-02 10:13:39.790000,6188.66,6185,30787,6190,81353,6180,96308,6175,122945
2020-06-02 10:13:40.730000,6188.66,6185,30887,6190,81353,6180,96308,6175,122945
2020-06-02 10:13:41.740000,6188.66,6185,40687,6190,81353,6180,96358,6175,122944
2020-06-02 10:13:41.920000,6188.66,6185,40687,6190,81353,6180,96358,6175,122944
2020-06-02 10:13:42.150000,6188.66,6185,47887,6190,81353,6180,91358,6175,122944
2020-06-02 10:13:42.490000,6188.66,6185,47887,6190,81353,6180,91030,6175,122944
2020-06-02 10:13:43.230000,6188.66,6185,47887,6190,81353,6180,90030,6175,123944
2020-06-02 10:13:43.370000,6188.66,6185,47887,6190,81353,6180,85030,6175,128944
2020-06-02 10:13:43.700000,6188.66,6185,47887,6190,80353,6180,85030,6175,128944
2020-06-02 10:13:44.130000,6188.66,6185,47537,6190,80353,6180,84680,6175,128944
2020-06-02 10:13:44.850000,6188.66,6185,47537,6190,80353,6180,80711,6175,128944
2020-06-02 10:13:45.020000,6188.66,6185,42537,6190,80353,6180,85711,6175,123944
2020-06-02 10:13:45.210000,6188.66,6185,42537,6190,80353,6180,85711,6175,123945
2020-06-02 10:13:45.350000,6188.66,6185,42537,6190,80353,6180,85711,6175,123945
2020-06-02 10:13:45.650000,6188.66,6185,43037,6190,80353,6180,86042,6175,123945
2020-06-02 10:13:46.660000,6188.66,6185,43037,6190,80353,6180,84542,6175,123945
2020-06-02 10:13:47.460000,6188.66,6185,42637,6190,80353,6180,81542,6175,123945
2020-06-02 10:13:47.690000,6188.66,6185,42637,6190,80353,6180,81542,6175,123945
2020-06-02 10:13:48.460000,6188.66,6185,42637,6190,80353,6180,81602,6175,123945
2020-06-02 10:13:48.600000,6188.66,6185,42637,6190,80353,6180,86602,6175,123945
2020-06-02 10:13:49.040000,6188.11,6185,42636,6190,80353,6180,86602,6175,123945
2020-06-02 10:13:50.120000,6188.66,6185,42636,6190,80353,6180,86538,6175,123945
2020-06-02 10:13:51.080000,6188.66,6185,42636,6190,80353,6180,86538,6175,123945
2020-06-02 10:13:51.270000,6188.66,6185,42636,6190,80353,6180,100308,6175,123945
2020-06-02 10:13:52.620000,6188.66,6185,42636,6190,80353,6180,98308,6175,123945
2020-06-02 10:13:53.040000,6188.66,6185,42636,6190,80353,6180,98408,6175,123945
2020-06-02 10:13:53.740000,6188.66,6185,42636,6190,80353,6180,88408,6175,128935
2020-06-02 10:13:53.830000,6188.66,6185,42636,6190,80393,6180,88408,6175,128935
2020-06-02 10:13:54.820000,6188.66,6185,42636,6190,80393,6180,98608,6175,123935
2020-06-02 10:13:55.020000,6188.66,6185,42636,6190,80393,6180,98608,6175,123936
2020-06-02 10:13:55.400000,6188.66,6185,42606,6190,80393,6180,98607,6175,123936
2020-06-02 10:13:56.400000,6188.66,6185,42606,6190,80393,6180,98607,6175,123936
2020-06-02 10:13:56.460000,6188.66,6185,42606,6190,80393,6180,93607,6175,123936
2020-06-02 10:13:57.380000,6188.11,6185,42606,6190,80393,6180,93612,6175,123936
2020-06-02 10:13:57.520000,6188.11,6185,42606,6190,80393,6180,88612,6175,128936
2020-06-02 10:13:59.490000,6188.66,6185,42841,6190,80393,6180,89612,6175,128936
2020-06-02 10:13:59.740000,6188.11,6185,55834,6190,80393,6180,89612,6175,128936
2020-06-02 10:14:00.690000,6188.11,6185,57834,6190,88393,6180,86015,6175,132516
2020-06-02 10:14:02.770000,6188.11,6185,57834,6190,88393,6180,85962,6175,132516
2020-06-02 10:14:02.990000,6188.11,6185,57834,6190,88393,6180,80965,6175,132516
2020-06-02 10:14:03.830000,6188.11,6185,65905,6190,88393,6180,80965,6175,132516
2020-06-02 10:14:04.190000,6188.11,6185,65905,6190,88393,6180,80965,6175,132516
2020-06-02 10:14:04.630000,6188.11,6185,82485,6190,84813,6180,34595,6175,128410
2020-06-02 10:14:05.410000,6188.11,6185,82487,6190,84813,6180,50856,6175,128410
2020-06-02 10:14:05.860000,6188.11,6185,82487,6190,84813,6180,50866,6175,128410
2020-06-02 10:14:06.950000,6188.11,6185,82487,6190,84813,6180,43867,6175,125410
2020-06-02 10:14:07.280000,6187.55,6185,82487,6190,84813,6180,42253,6175,125405
2020-06-02 10:14:08.020000,6187.55,6185,82487,6190,84813,6180,26418,6175,125405
2020-06-02 10:14:09.080000,6185.32,6180,2180,6185,82487,6175,125405,6170,125607
2020-06-02 10:14:09.330000,6184.76,6185,70487,6190,84813,6180,14959,6175,125405
2020-06-02 10:14:10.080000,6184.76,6185,81387,6190,84813,6180,14959,6175,125405
2020-06-02 10:14:10.330000,6184.76,6185,81387,6190,84913,6180,14959,6175,125405
2020-06-02 10:14:11.080000,6184.76,6185,81388,6190,84916,6180,14958,6175,125405
2020-06-02 10:14:11.560000,6184.76,6180,2200,6185,81388,6175,124405,6170,125607
2020-06-02 10:14:12.720000,6184.76,6180,15795,6185,83032,6175,124415,6170,125607
2020-06-02 10:14:13.060000,6184.76,6180,4195,6185,70488,6175,124415,6170,125607
2020-06-02 10:14:13.750000,6184.76,6180,6995,6185,70488,6175,124115,6170,125607
2020-06-02 10:14:14.780000,6184.76,6180,4195,6185,70488,6175,124120,6170,125607
2020-06-02 10:14:14.980000,6184.76,6180,4095,6185,70488,6175,124120,6170,125607
2020-06-02 10:14:15.860000,6184.76,6180,4095,6185,70488,6175,124120,6170,125607
2020-06-02 10:14:16.900000,6184.76,6180,21395,6185,83032,6175,124120,6170,125612
2020-06-02 10:14:17.120000,6184.2,6180,21400,6185,83032,6175,124120,6170,125622
2020-06-02 10:14:17.900000,6184.2,6180,21400,6185,83032,6175,124116,6170,125622
2020-06-02 10:14:18.450000,6184.76,6180,39885,6185,83032,6175,124116,6170,125622
2020-06-02 10:14:19.430000,6184.2,6180,40290,6185,83032,6175,124040,6170,125622
2020-06-02 10:14:19.900000,6184.2,6180,21805,6185,70488,6175,119041,6170,125625
2020-06-02 10:14:20.560000,6184.2,6180,51847,6185,70488,6175,109041,6170,125625
2020-06-02 10:14:21.610000,6184.2,6185,70488,6190,84916,6180,9463,6175,129585
2020-06-02 10:14:22.000000,6184.2,6185,64237,6190,91167,6180,16889,6175,129585
2020-06-02 10:14:22.570000,6184.2,6185,53837,6190,91167,6180,32313,6175,129585
2020-06-02 10:14:23.030000,6184.2,6185,55239,6190,91167,6180,41083,6175,129585
2020-06-02 10:14:23.560000,6184.2,6185,60639,6190,91167,6180,36083,6175,131628
2020-06-02 10:14:24.060000,6184.2,6185,52239,6190,91167,6180,36083,6175,132628
2020-06-02 10:14:24.620000,6184.2,6185,57439,6190,91167,6180,23794,6175,132628
2020-06-02 10:14:25.760000,6184.2,6185,67534,6190,91167,6180,17840,6175,132628
2020-06-02 10:14:25.920000,6184.2,6185,67534,6190,91167,6180,17740,6175,132628
2020-06-02 10:14:26.760000,6184.2,6185,67534,6190,91167,6180,18732,6175,132628
2020-06-02 10:14:26.960000,6187.55,6185,67834,6190,91167,6180,18382,6175,132628
2020-06-02 10:14:27.180000,6187.55,6185,67834,6190,91167,6180,18382,6175,133128
2020-06-02 10:14:28.260000,6186.99,6185,67834,6190,91167,6180,18382,6175,133129
2020-06-02 10:14:28.370000,6186.43,6185,67834,6190,91167,6180,13382,6175,133129
2020-06-02 10:14:28.650000,6186.43,6185,68224,6190,91167,6180,13592,6175,133129
2020-06-02 10:14:29.010000,6186.43,6185,68224,6190,91167,6180,13592,6175,132929
2020-06-02 10:14:30.430000,6185.87,6185,57824,6190,91167,6180,29016,6175,132929
2020-06-02 10:14:30.600000,6185.87,6185,57824,6190,91167,6180,29019,6175,132929
2020-06-02 10:14:31.460000,6185.87,6185,68224,6190,91167,6180,23619,6175,132929
2020-06-02 10:14:31.680000,6185.87,6185,62824,6190,90167,6180,23619,6175,132829
2020-06-02 10:14:32.650000,6185.87,6185,62824,6190,90167,6180,27162,6175,130786
2020-06-02 10:14:33.540000,6185.87,6185,68224,6190,90167,6180,27162,6175,130786
2020-06-02 10:14:34.570000,6185.87,6185,58224,6190,90167,6180,32562,6175,130786
2020-06-02 10:14:34.800000,6185.87,6185,56224,6190,92167,6180,41142,6175,127216
2020-06-02 10:14:35.630000,6185.87,6185,56224,6190,92167,6180,38162,6175,130796
2020-06-02 10:14:35.840000,6185.87,6185,58224,6190,90167,6180,33161,6175,130796
2020-06-02 10:14:36.650000,6185.87,6185,56224,6190,92167,6180,38161,6175,130796
2020-06-02 10:14:36.820000,6185.87,6185,56224,6190,102167,6180,38161,6175,130796
2020-06-02 10:14:37.620000,6186.99,6185,61224,6190,100167,6180,33161,6175,130796
2020-06-02 10:14:37.760000,6186.99,6185,61274,6190,100189,6180,38161,6175,130796
2020-06-02 10:14:39.120000,6185.87,6185,66274,6190,100219,6180,27761,6175,130796
2020-06-02 10:14:39.870000,6185.87,6185,61274,6190,100219,6180,38161,6175,130796
2020-06-02 10:14:40.010000,6185.87,6185,58274,6190,100219,6180,36223,6175,130796
2020-06-02 10:14:40.260000,6185.87,6185,63264,6190,100219,6180,25823,6175,130796
2020-06-02 10:14:40.760000,6185.87,6185,63264,6190,100219,6180,25823,6175,130796
2020-06-02 10:14:42.270000,6185.87,6185,63364,6190,100229,6180,25823,6175,130796
2020-06-02 10:14:43.020000,6185.87,6185,68764,6190,100229,6180,20799,6175,127796
2020-06-02 10:14:43.150000,6185.87,6185,68814,6190,100229,6180,20799,6175,127796
2020-06-02 10:14:43.320000,6185.87,6185,69737,6190,100229,6180,20809,6175,127796
2020-06-02 10:14:44.000000,6185.87,6185,69727,6190,100229,6180,20809,6175,127796
2020-06-02 10:14:44.160000,6185.87,6185,70227,6190,100229,6180,20810,6175,130796
2020-06-02 10:14:45.110000,6185.87,6185,70227,6190,100329,6180,20810,6175,130796
2020-06-02 10:14:45.330000,6185.87,6185,70227,6190,100329,6180,20810,6175,130791
2020-06-02 10:14:46.210000,6185.87,6185,70217,6190,100329,6180,15810,6175,131791
2020-06-02 10:14:47.240000,6185.87,6185,73382,6190,100379,6180,15810,6175,131791
2020-06-02 10:14:47.410000,6185.87,6185,72459,6190,100379,6180,14887,6175,131801
2020-06-02 10:14:47.610000,6185.32,6185,66559,6190,100379,6180,25371,6175,131801
2020-06-02 10:14:48.130000,6185.32,6185,71959,6190,100379,6180,25371,6175,131801
2020-06-02 10:14:48.430000,6185.32,6185,68959,6190,100379,6180,25370,6175,131801
2020-06-02 10:14:49.360000,6185.32,6185,69159,6190,100379,6180,25370,6175,131801
2020-06-02 10:14:49.570000,6185.32,6185,69159,6190,100379,6180,25280,6175,131801
2020-06-02 10:14:49.710000,6186.99,6185,69159,6190,100379,6180,25281,6175,131801
2020-06-02 10:14:51.020000,6186.99,6185,61959,6190,102379,6180,28281,6175,131802
2020-06-02 10:14:52.060000,6186.99,6185,61964,6190,102379,6180,26781,6175,131802
2020-06-02 10:14:52.300000,6186.99,6185,61964,6190,102379,6180,43934,6175,131802
2020-06-02 10:14:53.020000,6186.99,6185,62164,6190,102379,6180,46434,6175,131802
2020-06-02 10:14:53.110000,6186.99,6185,63964,6190,102379,6180,46434,6175,131802
2020-06-02 10:14:54.000000,6186.99,6185,63964,6190,102379,6180,50014,6175,128222
2020-06-02 10:14:54.110000,6186.99,6185,61764,6190,102379,6180,50014,6175,128222
2020-06-02 10:14:54.890000,6186.99,6185,59364,6190,102379,6180,50014,6175,128222
2020-06-02 10:14:55.690000,6186.99,6185,54364,6190,92379,6180,50014,6175,128222
2020-06-02 10:14:55.940000,6186.99,6185,54364,6190,92379,6180,60014,6175,123222
2020-06-02 10:14:56.700000,6186.99,6185,49364,6190,92379,6180,55014,6175,123222
2020-06-02 10:14:56.880000,6186.99,6185,49364,6190,92379,6180,55014,6175,123222
2020-06-02 10:14:57.690000,6187.55,6185,50364,6190,92379,6180,60014,6175,123222
2020-06-02 10:14:58.130000,6186.99,6185,50364,6190,92379,6180,60015,6175,123222
2020-06-02 10:14:59.300000,6188.66,6185,50364,6190,92379,6180,60015,6175,123222
2020-06-02 10:14:59.620000,6188.66,6185,41926,6190,92379,6180,60015,6175,123222
2020-06-02 10:15:00.390000,6188.66,6185,41926,6190,92379,6180,60015,6175,123222
2020-06-02 10:15:00.620000,6188.66,6185,64464,6190,102379,6180,51435,6175,126802
2020-06-02 10:15:01.420000,6188.66,6185,66464,6190,100379,6180,41435,6175,131802
2020-06-02 10:15:01.620000,6188.66,6185,66464,6190,100379,6180,41435,6175,131802
2020-06-02 10:15:02.510000,6188.66,6185,64464,6190,102379,6180,47336,6175,131802
2020-06-02 10:15:03.030000,6188.66,6185,64464,6190,102379,6180,47346,6175,131802
2020-06-02 10:15:04.310000,6188.66,6185,64464,6190,102379,6180,47356,6175,131802
2020-06-02 10:15:05.150000,6188.66,6185,64464,6190,102379,6180,47356,6175,131802
2020-06-02 10:15:06.170000,6188.66,6185,79419,6190,102379,6180,52356,6175,126802
2020-06-02 10:15:06.370000,6188.66,6185,79419,6190,102379,6180,47356,6175,131802
2020-06-02 10:15:06.700000,6188.66,6185,81419,6190,100379,6180,42366,6175,131952
2020-06-02 10:15:07.650000,6187.55,6185,81429,6190,100379,6180,42366,6175,131952
2020-06-02 10:15:07.830000,6187.55,6185,79429,6190,102379,6180,47366,6175,131952
2020-06-02 10:15:08.780000,6187.55,6185,74575,6190,102379,6180,52365,6175,126952
2020-06-02 10:15:09.010000,6187.55,6185,69575,6190,92379,6180,60945,6175,123372
2020-06-02 10:15:09.900000,6187.55,6185,60475,6190,92379,6180,55945,6175,128372
2020-06-02 10:15:10.110000,6187.55,6185,60463,6190,92379,6180,60553,6175,123372
2020-06-02 10:15:10.900000,6187.55,6185,60463,6190,92379,6180,60553,6175,123372
2020-06-02 10:15:11.220000,6187.55,6185,52025,6190,92379,6180,60558,6175,123372
2020-06-02 10:15:11.900000,6187.55,6185,52025,6190,92379,6180,60558,6175,123377
2020-06-02 10:15:12.280000,6187.55,6185,52025,6190,92379,6180,60558,6175,123377
2020-06-02 10:15:12.710000,6187.55,6185,50225,6190,92379,6180,58758,6175,123377
2020-06-02 10:15:13.510000,6187.55,6185,50225,6190,96249,6180,58628,6175,123377
2020-06-02 10:15:13.760000,6187.55,6185,68663,6190,106249,6180,42892,6175,131957
2020-06-02 10:15:14.570000,6187.55,6185,73563,6190,104249,6180,37892,6175,131957
2020-06-02 10:15:14.750000,6187.55,6185,73563,6190,104249,6180,33028,6175,131957
2020-06-02 10:15:15.600000,6188.11,6185,73563,6190,104249,6180,33028,6175,131957
2020-06-02 10:15:15.850000,6188.11,6185,66663,6190,96249,6180,55694,6175,123377
2020-06-02 10:15:16.650000,6188.11,6185,61663,6190,96249,6180,60694,6175,123377
2020-06-02 10:15:16.870000,6188.11,6185,66663,6190,96249,6180,50394,6175,128377
2020-06-02 10:15:17.090000,6188.11,6185,66663,6190,96249,6180,50394,6175,128377
2020-06-02 10:15:17.590000,6186.99,6185,63663,6190,96249,6180,50394,6175,128377
2020-06-02 10:15:18.090000,6186.43,6185,63663,6190,97749,6180,51814,6175,126957
2020-06-02 10:15:18.650000,6189.22,6185,68163,6190,95749,6180,51814,6175,126957
2020-06-02 10:15:19.180000,6189.22,6185,68163,6190,95644,6180,42647,6175,131957
2020-06-02 10:15:20.310000,6189.22,6185,63663,6190,97644,6180,47417,6175,128377
2020-06-02 10:15:20.520000,6189.22,6185,63663,6190,97644,6180,47417,6175,128377
2020-06-02 10:15:21.320000,6189.22,6185,62663,6190,97644,6180,47417,6175,128377
2020-06-02 10:15:21.510000,6189.22,6185,63463,6190,97644,6180,47417,6175,128377
2020-06-02 10:15:21.760000,6189.22,6185,64663,6190,107644,6180,47417,6175,128377
2020-06-02 10:15:22.730000,6189.22,6185,64663,6190,97644,6180,47417,6175,128377
2020-06-02 10:15:23.570000,6189.22,6185,64663,6190,97644,6180,47417,6175,128377
2020-06-02 10:15:23.990000,6189.22,6185,64663,6190,97644,6180,47230,6175,128377
2020-06-02 10:15:25.040000,6189.22,6185,66863,6190,97644,6180,47200,6175,128377
2020-06-02 10:15:25.200000,6189.22,6185,66863,6190,97644,6180,47200,6175,128377
2020-06-02 10:15:25.690000,6189.22,6185,68863,6190,105644,6180,43560,6175,131957
2020-06-02 10:15:27.120000,6189.22,6185,68863,6190,95644,6180,43560,6175,131957
2020-06-02 10:15:28.290000,6188.66,6185,68763,6190,105644,6180,44045,6175,131957
2020-06-02 10:15:28.540000,6187.55,6185,97067,6190,105275,6175,131957,6170,125621
2020-06-02 10:15:29.270000,6186.43,6185,97067,6190,105275,6175,131957,6170,125621
2020-06-02 10:15:29.440000,6186.43,6185,97067,6190,105275,6175,131957,6170,125621
2020-06-02 10:15:29.790000,6185.32,6185,97067,6190,105275,6180,161,6175,131957
2020-06-02 10:15:30.630000,6185.32,6185,97067,6190,105275,6180,18731,6175,131957
2020-06-02 10:15:31.410000,6185.32,6185,80087,6190,108855,6180,24131,6175,131957
2020-06-02 10:15:31.800000,6185.32,6185,73087,6190,110855,6180,37727,6175,128382
2020-06-02 10:15:32.320000,6185.32,6185,73287,6190,110855,6180,40151,6175,128382
2020-06-02 10:15:32.900000,6185.32,6185,74287,6190,110855,6180,31571,6175,131962
2020-06-02 10:15:33.490000,6185.32,6185,76287,6190,108855,6180,31561,6175,131962
2020-06-02 10:15:33.850000,6185.32,6185,74287,6190,100855,6180,50141,6175,123382
2020-06-02 10:15:34.290000,6185.32,6185,74287,6190,100855,6180,49142,6175,122382
2020-06-02 10:15:34.990000,6185.32,6185,74287,6190,100855,6180,34142,6175,127382
2020-06-02 10:15:35.130000,6185.32,6185,74287,6190,100855,6180,49142,6175,122382
2020-06-02 10:15:36.160000,6185.32,6185,65563,6190,100855,6180,43142,6175,127382
2020-06-02 10:15:36.390000,6185.32,6185,68863,6190,100855,6180,45578,6175,127382
2020-06-02 10:15:37.070000,6185.32,6185,68863,6190,100855,6180,34578,6175,127382
2020-06-02 10:15:37.280000,6186.99,6185,68863,6190,100855,6180,35331,6175,127382
2020-06-02 10:15:38.100000,6186.99,6185,68863,6190,100855,6180,35281,6175,127382
2020-06-02 10:15:38.240000,6186.99,6185,68863,6190,100855,6180,44228,6175,127382
2020-06-02 10:15:38.430000,6189.22,6185,68863,6190,100855,6180,49228,6175,127382
2020-06-02 10:15:39.240000,6188.66,6185,68863,6190,100855,6180,49228,6175,127407
2020-06-02 10:15:40.330000,6188.66,6185,68863,6190,100855,6180,49128,6175,127407
2020-06-02 10:15:40.530000,6188.66,6185,63963,6190,100855,6180,49151,6175,127407
2020-06-02 10:15:41.250000,6188.66,6185,64463,6190,100855,6180,49141,6175,127407
2020-06-02 10:15:41.390000,6188.66,6185,61063,6190,100855,6180,49141,6175,127407
2020-06-02 10:15:42.280000,6188.66,6185,64263,6190,100855,6180,45141,6175,127407
2020-06-02 10:15:42.420000,6188.66,6185,61063,6190,100855,6180,46584,6175,127407
2020-06-02 10:15:42.800000,6188.66,6185,52625,6190,88311,6180,59084,6175,122407
2020-06-02 10:15:43.270000,6188.66,6185,52625,6190,88311,6180,59084,6175,122407
2020-06-02 10:15:43.750000,6188.66,6185,52625,6190,88311,6180,59084,6175,122417
2020-06-02 10:15:44.420000,6188.66,6185,52625,6190,88311,6180,59084,6175,122417
2020-06-02 10:15:44.720000,6188.66,6185,52625,6190,88311,6180,59084,6175,122417
2020-06-02 10:15:45.580000,6188.66,6185,52625,6190,88311,6180,54085,6175,127417
2020-06-02 10:15:45.750000,6188.66,6185,52625,6190,88311,6180,59085,6175,122417
2020-06-02 10:15:46.560000,6188.66,6185,55425,6190,88311,6180,59040,6175,122417
2020-06-02 10:15:46.670000,6188.66,6185,52625,6190,88311,6180,59040,6175,122417
2020-06-02 10:15:47.120000,6189.78,6185,52625,6190,88311,6180,59040,6175,122417
2020-06-02 10:15:48.080000,6190.34,6185,55125,6190,88311,6180,58740,6175,122417
2020-06-02 10:15:48.340000,6190.34,6185,55125,6190,88311,6180,58740,6175,122417
2020-06-02 10:15:49.360000,6190.34,6185,55125,6190,88311,6180,58780,6175,122417
2020-06-02 10:15:49.860000,6190.34,6185,57425,6190,88311,6180,53780,6175,127417
2020-06-02 10:15:50.840000,6190.34,6185,57425,6190,88311,6180,58780,6175,122417
2020-06-02 10:15:51.080000,6190.34,6185,70545,6190,100855,6180,52770,6175,127417
2020-06-02 10:15:51.920000,6190.34,6185,69545,6190,100855,6180,53570,6175,127417
2020-06-02 10:15:52.300000,6190.34,6185,69545,6190,100855,6180,53583,6175,127417
2020-06-02 10:15:52.750000,6190.34,6185,69545,6190,110855,6180,37193,6175,128807
2020-06-02 10:15:53.330000,6190.34,6185,76606,6190,108855,6180,37193,6175,128807
2020-06-02 10:15:53.830000,6190.34,6185,76711,6190,108855,6180,37193,6175,128807
2020-06-02 10:15:54.260000,6190.34,6185,87111,6190,108855,6180,31793,6175,128817
2020-06-02 10:15:54.950000,6190.34,6185,87111,6190,108855,6180,31254,6175,128817
2020-06-02 10:15:55.390000,6190.34,6185,76711,6190,108855,6180,36658,6175,128817
2020-06-02 10:15:57.430000,6187.55,6185,77011,6190,108855,6180,37318,6175,128817
2020-06-02 10:15:58.110000,6187.55,6185,77011,6190,108855,6180,37318,6175,129117
2020-06-02 10:15:59.260000,6187.55,6185,75011,6190,110855,6180,37118,6175,129117
2020-06-02 10:15:59.790000,6187.55,6185,73761,6190,110855,6180,48508,6175,127727
2020-06-02 10:16:00.180000,6187.55,6185,73761,6190,110855,6180,48508,6175,127727
2020-06-02 10:16:01.350000,6187.55,6185,76761,6190,110855,6180,48508,6175,127727
2020-06-02 10:16:01.500000,6187.55,6185,76761,6190,110855,6180,48508,6175,127727
2020-06-02 10:16:02.450000,6187.55,6185,76761,6190,120855,6180,48508,6175,127727
2020-06-02 10:16:02.710000,6187.55,6185,76761,6190,120855,6180,37118,6175,129117
2020-06-02 10:16:02.960000,6187.55,6185,76661,6190,120855,6180,37118,6175,129117
2020-06-02 10:16:03.490000,6187.55,6185,76811,6190,120855,6180,38508,6175,127727
2020-06-02 10:16:03.840000,6187.55,6185,76811,6190,120855,6180,38508,6175,127727
2020-06-02 10:16:04.240000,6187.55,6185,76811,6190,120855,6180,48508,6175,127727
2020-06-02 10:16:05.060000,6187.55,6185,76691,6190,120855,6180,48508,6175,127727
2020-06-02 10:16:05.370000,6187.55,6185,76691,6190,110855,6180,37068,6175,129117
2020-06-02 10:16:06.070000,6187.55,6185,76691,6190,110855,6180,37500,6175,129122
2020-06-02 10:16:06.430000,6187.55,6185,76691,6190,110855,6180,53890,6175,127732
2020-06-02 10:16:07.290000,6187.55,6185,74433,6190,110855,6180,56390,6175,127732
2020-06-02 10:16:08.160000,6187.55,6185,74463,6190,110865,6180,56389,6175,127732
2020-06-02 10:16:09.120000,6189.22,6185,75963,6190,110865,6180,56389,6175,127732
2020-06-02 10:16:09.260000,6189.22,6185,74463,6190,110865,6180,56389,6175,127732
2020-06-02 10:16:10.300000,6189.22,6185,56282,6190,98321,6180,61389,6175,122732
2020-06-02 10:16:10.570000,6189.22,6185,43662,6190,98321,6180,61384,6175,122732
2020-06-02 10:16:11.350000,6189.22,6185,43662,6190,98321,6180,78832,6175,122732
2020-06-02 10:16:12.400000,6189.22,6185,44662,6190,98321,6180,79133,6175,122732
2020-06-02 10:16:12.650000,6189.22,6185,63432,6190,98321,6180,61589,6175,127732
2020-06-02 10:16:13.410000,6189.22,6185,63432,6190,98321,6180,61589,6175,127732
2020-06-02 10:16:13.660000,6189.22,6185,63432,6190,98321,6180,58589,6175,127732
2020-06-02 10:16:14.400000,6189.22,6185,63532,6190,98321,6180,58589,6175,127732
2020-06-02 10:16:14.620000,6189.22,6185,44762,6190,98351,6180,76133,6175,122732
2020-06-02 10:16:15.440000,6189.22,6185,44762,6190,98351,6180,76109,6175,122732
2020-06-02 10:16:15.570000,6189.22,6185,44762,6190,98351,6180,76109,6175,122732
2020-06-02 10:16:15.800000,6189.22,6185,44762,6190,98351,6180,79109,6175,122742
2020-06-02 10:16:16.600000,6189.22,6190,90771,6195,104992,6185,11310,6180,79119
2020-06-02 10:16:17.660000,6190.9,6190,83771,6195,106992,6185,16710,6180,79121
2020-06-02 10:16:17.990000,6190.34,6190,80971,6195,96992,6185,21610,6180,74121
2020-06-02 10:16:18.580000,6190.34,6190,81171,6195,96992,6185,25384,6180,79121
2020-06-02 10:16:19.190000,6192.57,6190,81171,6195,96992,6185,25384,6180,79121
2020-06-02 10:16:20.250000,6193.13,6190,88471,6195,94992,6185,19549,6180,79121
2020-06-02 10:16:20.460000,6193.13,6190,88471,6195,114992,6185,19849,6180,78821
2020-06-02 10:16:21.320000,6193.13,6190,88771,6195,114992,6185,19844,6180,78821
2020-06-02 10:16:21.540000,6193.13,6190,88771,6195,114992,6185,19844,6180,78821
2020-06-02 10:16:22.380000,6193.13,6190,88771,6195,104992,6185,19844,6180,78821
2020-06-02 10:16:23.390000,6193.13,6185,1,6190,89171,6180,78821,6175,122745
2020-06-02 10:16:24.490000,6193.13,6185,30025,6190,100151,6180,61277,6175,127747
2020-06-02 10:16:24.720000,6193.13,6185,24925,6190,100151,6180,66277,6175,122747
2020-06-02 10:16:25.470000,6193.13,6185,23797,6190,100151,6180,66437,6175,122747
2020-06-02 10:16:25.720000,6193.13,6185,24097,6190,100151,6180,67437,6175,122747
2020-06-02 10:16:26.570000,6193.13,6185,29546,6190,100151,6180,67437,6175,122747
2020-06-02 10:16:26.990000,6193.13,6185,29727,6190,100151,6180,67437,6175,122747
2020-06-02 10:16:27.520000,6190.9,6185,29727,6190,100151,6180,67437,6175,122747
2020-06-02 10:16:28.660000,6190.34,6185,29827,6190,100451,6180,76437,6175,122747
2020-06-02 10:16:28.890000,6190.34,6185,29827,6190,100451,6180,76438,6175,122747
2020-06-02 10:16:29.660000,6190.34,6185,9789,6190,100451,6180,76738,6175,122447
2020-06-02 10:16:29.830000,6190.34,6185,7046,6190,100451,6180,81671,6175,122447
2020-06-02 10:16:30.700000,6190.34,6185,6286,6190,100451,6180,81671,6175,122447
2020-06-02 10:16:30.830000,6190.34,6185,6244,6190,100451,6180,81671,6175,122447
2020-06-02 10:16:31.270000,6190.34,6185,6431,6190,100451,6180,81671,6175,122447
2020-06-02 10:16:31.630000,6190.34,6185,6431,6190,100451,6180,81671,6175,122447
2020-06-02 10:16:32.190000,6190.34,6185,6581,6190,100451,6180,81671,6175,122447
2020-06-02 10:16:33.250000,6190.34,6185,6581,6190,100451,6180,82671,6175,122447
2020-06-02 10:16:33.420000,6190.34,6185,30351,6190,100451,6180,82671,6175,122447
2020-06-02 10:16:33.550000,6190.34,6185,30351,6190,100451,6180,95877,6175,122447
2020-06-02 10:16:34.580000,6190.34,6185,25351,6190,100451,6180,95877,6175,122447
2020-06-02 10:16:35.470000,6190.34,6185,6621,6190,100451,6180,95877,6175,122447
2020-06-02 10:16:35.700000,6190.34,6185,1986,6190,100351,6180,95877,6175,122447
2020-06-02 10:16:36.670000,6190.34,6185,1477,6190,100351,6180,95877,6175,122457
2020-06-02 10:16:37.420000,6190.34,6185,1467,6190,100351,6180,95877,6175,122457
2020-06-02 10:16:37.530000,6190.34,6185,467,6190,100351,6180,95877,6175,122467
2020-06-02 10:16:38.590000,6190.34,6190,89871,6195,114992,6185,6558,6180,108421
2020-06-02 10:16:38.830000,6190.34,6190,83371,6195,114992,6185,35728,6180,108421
2020-06-02 10:16:39.580000,6190.34,6190,89971,6195,114992,6185,30328,6180,108421
2020-06-02 10:16:39.950000,6192.01,6190,89971,6195,114992,6185,30328,6180,108421
2020-06-02 10:16:40.450000,6192.01,6190,89971,6195,114992,6185,27325,6180,111421
2020-06-02 10:16:41.310000,6192.01,6190,89971,6195,114992,6185,27325,6180,111421
2020-06-02 10:16:42.220000,6192.01,6190,89971,6195,114992,6185,27325,6180,111608
2020-06-02 10:16:42.420000,6192.01,6190,89971,6195,114992,6185,27227,6180,111608
2020-06-02 10:16:43.250000,6192.01,6190,89867,6195,114992,6185,27227,6180,111608
2020-06-02 10:16:43.370000,6192.01,6190,89971,6195,114992,6185,27247,6180,111628
2020-06-02 10:16:43.480000,6192.01,6190,89971,6195,114992,6185,27247,6180,111628
2020-06-02 10:16:44.290000,6192.01,6190,144497,6195,114992,6185,27247,6180,111628
2020-06-02 10:16:44.470000,6192.01,6190,144497,6195,114992,6185,27171,6180,111628
2020-06-02 10:16:45.290000,6192.01,6190,144497,6195,114992,6185,27171,6180,111628
2020-06-02 10:16:45.400000,6192.01,6190,144497,6195,114992,6185,27171,6180,111828
2020-06-02 10:16:46.320000,6192.01,6190,144497,6195,114992,6185,27171,6180,111828
2020-06-02 10:16:46.670000,6192.01,6190,156477,6195,111412,6185,8401,6180,99284
2020-06-02 10:16:47.480000,6192.01,6185,8700,6190,153677,6180,99284,6175,122467
2020-06-02 10:16:47.650000,6192.01,6190,153777,6195,111412,6185,62530,6180,99284
2020-06-02 10:16:48.480000,6192.01,6190,153677,6195,111412,6185,62530,6180,99284
2020-06-02 10:16:48.620000,6192.01,6190,153677,6195,111412,6185,62530,6180,96284
2020-06-02 10:16:48.890000,6192.01,6190,153677,6195,111412,6185,62530,6180,96284
2020-06-02 10:16:49.870000,6189.78,6190,153677,6195,111412,6185,62530,6180,91334
2020-06-02 10:16:50.710000,6189.78,6190,153677,6195,111412,6185,62530,6180,96334
2020-06-02 10:16:51.000000,6189.78,6190,153677,6195,111412,6185,62540,6180,91174
2020-06-02 10:16:51.740000,6189.78,6190,153677,6195,112412,6185,66790,6180,91174
2020-06-02 10:16:52.090000,6189.78,6190,153677,6195,112412,6185,66850,6180,91174
2020-06-02 10:16:52.510000,6189.78,6190,153677,6195,112412,6185,66850,6180,91374
2020-06-02 10:16:53.230000,6189.78,6190,153677,6195,112412,6185,67060,6180,91384
2020-06-02 10:16:53.450000,6189.78,6190,153677,6195,112412,6185,67060,6180,92941
2020-06-02 10:16:54.310000,6189.78,6190,153677,6195,112412,6185,67060,6180,92941
2020-06-02 10:16:54.480000,6189.78,6190,153677,6195,112412,6185,67065,6180,97951
2020-06-02 10:16:54.730000,6189.78,6190,153677,6195,112412,6185,67065,6180,97951
2020-06-02 10:16:55.270000,6189.78,6190,153677,6195,112412,6185,67065,6180,94951
2020-06-02 10:16:55.630000,6189.78,6190,144697,6195,115992,6185,85836,6180,107495
2020-06-02 10:16:56.590000,6189.78,6190,144697,6195,115992,6185,85937,6180,107495
2020-06-02 10:16:57.510000,6190.9,6190,141697,6195,115992,6185,85927,6180,110495
2020-06-02 10:16:57.960000,6190.9,6190,136183,6195,115992,6185,91327,6180,110495
2020-06-02 10:16:58.450000,6191.45,6190,134183,6195,117992,6185,91337,6180,110495
2020-06-02 10:16:58.820000,6191.45,6190,134183,6195,117992,6185,91137,6180,110495
2020-06-02 10:16:59.550000,6191.45,6190,137183,6195,117992,6185,91137,6180,110495
2020-06-02 10:16:59.700000,6192.57,6190,137183,6195,117992,6185,91137,6180,119112
2020-06-02 10:17:00.600000,6192.57,6190,139183,6195,115992,6185,91132,6180,119112
2020-06-02 10:17:00.840000,6192.57,6190,137183,6195,117992,6185,91132,6180,119112
2020-06-02 10:17:01.050000,6192.57,6190,144183,6195,115992,6185,85732,6180,119112
2020-06-02 10:17:01.660000,6192.57,6190,144283,6195,115992,6185,85732,6180,119112
2020-06-02 10:17:02.130000,6192.57,6190,144283,6195,115992,6185,85732,6180,119112
2020-06-02 10:17:02.630000,6192.57,6190,144183,6195,115992,6185,85604,6180,119112
2020-06-02 10:17:03.040000,6192.57,6190,144183,6195,115992,6185,85605,6180,119122
2020-06-02 10:17:03.770000,6192.57,6190,144183,6195,115993,6185,85605,6180,119122
2020-06-02 10:17:03.990000,6192.57,6190,144183,6195,115993,6185,85605,6180,119122
2020-06-02 10:17:04.830000,6192.57,6190,144183,6195,115993,6185,85274,6180,119122
2020-06-02 10:17:05.220000,6192.57,6190,144183,6195,115993,6185,85808,6180,119122
2020-06-02 10:17:05.820000,6192.57,6190,144183,6195,115993,6185,67038,6180,119147
2020-06-02 10:17:06.490000,6192.57,6190,144183,6195,115993,6185,67038,6180,103603
2020-06-02 10:17:07.460000,6192.57,6190,153163,6195,112413,6185,67038,6180,103603
2020-06-02 10:17:07.990000,6192.01,6190,152963,6195,112413,6185,67038,6180,103603
2020-06-02 10:17:08.430000,6192.01,6190,155963,6195,112413,6185,66988,6180,103603
2020-06-02 10:17:08.790000,6192.01,6190,155963,6195,112413,6185,66988,6180,103603
2020-06-02 10:17:09.500000,6192.01,6190,155963,6195,112413,6185,65262,6180,103603
2020-06-02 10:17:10.130000,6192.01,6190,155910,6195,112413,6185,65956,6180,102803
2020-06-02 10:17:10.520000,6192.01,6190,155910,6195,112413,6185,66289,6180,102803
2020-06-02 10:17:12.080000,6192.01,6190,155910,6195,112413,6185,66289,6180,102803
2020-06-02 10:17:12.570000,6192.01,6185,27225,6190,168868,6180,97803,6175,127719
2020-06-02 10:17:13.190000,6192.01,6185,32225,6190,168868,6180,102803,6175,122719
2020-06-02 10:17:13.490000,6192.01,6185,33225,6190,168858,6180,97803,6175,127719
2020-06-02 10:17:14.220000,6192.01,6185,32491,6190,168858,6180,103803,6175,122719
2020-06-02 10:17:15.160000,6192.01,6185,32490,6190,191858,6180,103803,6175,122719
2020-06-02 10:17:15.490000,6192.01,6185,32690,6190,191858,6180,103803,6175,122719
2020-06-02 10:17:16.350000,6192.01,6185,32690,6190,191858,6180,103803,6175,122719
2020-06-02 10:17:16.550000,6192.01,6185,41068,6190,191858,6180,88803,6175,127719
2020-06-02 10:17:16.890000,6192.01,6185,46138,6190,201858,6180,88803,6175,127719
2020-06-02 10:17:17.280000,6190.9,6185,41301,6190,201858,6180,87413,6175,129109
2020-06-02 10:17:18.030000,6188.66,6185,41301,6190,201858,6180,87413,6175,129109
2020-06-02 10:17:18.270000,6188.66,6185,41311,6190,201858,6180,87413,6175,129109
2020-06-02 10:17:19.330000,6187.55,6185,41311,6190,201858,6180,92396,6175,129109
2020-06-02 10:17:20.100000,6187.55,6185,41311,6190,201858,6180,88786,6175,127719
2020-06-02 10:17:20.270000,6187.55,6185,41310,6190,201858,6180,88791,6175,127719
2020-06-02 10:17:20.410000,6187.55,6185,40242,6190,201858,6180,88792,6175,127719
2020-06-02 10:17:21.020000,6187.55,6185,40241,6190,201858,6180,88792,6175,127719
2020-06-02 10:17:21.390000,6187.55,6185,40240,6190,201858,6180,98792,6175,127719
2020-06-02 10:17:22.300000,6187.55,6185,40239,6190,201858,6180,98792,6175,127719
2020-06-02 10:17:22.590000,6187.55,6185,40239,6190,191858,6180,98792,6175,127719
2020-06-02 10:17:23.090000,6187.55,6185,41239,6190,191858,6180,98792,6175,127719
2020-06-02 10:17:23.670000,6187.55,6185,41279,6190,191858,6180,98792,6175,127721
2020-06-02 10:17:24.090000,6187.55,6185,41289,6190,191858,6180,98792,6175,127721
2020-06-02 10:17:26.310000,6187.55,6185,41339,6190,191858,6180,98792,6175,127721
2020-06-02 10:17:26.560000,6187.55,6185,22901,6190,179314,6180,103892,6175,122721
2020-06-02 10:17:27.370000,6187.55,6185,24446,6190,191858,6180,98872,6175,127721
2020-06-02 10:17:27.590000,6187.55,6185,24446,6190,191858,6180,98872,6175,127721
2020-06-02 10:17:28.480000,6188.11,6185,7543,6190,179314,6180,103872,6175,122721
2020-06-02 10:17:29.330000,6188.11,6185,9303,6190,179314,6180,103872,6175,122721
2020-06-02 10:17:29.530000,6189.78,6185,26206,6190,179314,6180,103872,6175,122721
2020-06-02 10:17:29.640000,6189.78,6185,26206,6190,179314,6180,104372,6175,122721
2020-06-02 10:17:30.440000,6189.78,6185,26206,6190,191858,6180,99372,6175,127721
2020-06-02 10:17:30.560000,6189.78,6185,26106,6190,179314,6180,104372,6175,122721
2020-06-02 10:17:31.690000,6189.78,6185,26083,6190,179314,6180,104372,6175,122722
2020-06-02 10:17:32.580000,6189.78,6185,26083,6190,179314,6180,99372,6175,127722
2020-06-02 10:17:32.890000,6189.78,6185,15083,6190,179314,6180,99372,6175,127722
2020-06-02 10:17:34.000000,6189.78,6185,13462,6190,179314,6180,99372,6175,127722
2020-06-02 10:17:34.220000,6189.78,6185,13462,6190,176314,6180,99372,6175,127722
2020-06-02 10:17:35.090000,6189.78,6185,13462,6190,176314,6180,99372,6175,127922
2020-06-02 10:17:37.290000,6189.22,6185,14062,6190,176314,6180,99372,6175,127922
2020-06-02 10:17:39.210000,6189.22,6185,600,6190,176314,6180,119916,6175,122922
2020-06-02 10:17:39.700000,6191.45,6190,167334,6195,118993,6185,18169,6180,119916
2020-06-02 10:17:40.120000,6191.45,6190,167334,6195,118993,6185,18169,6180,119916
2020-06-02 10:17:40.790000,6191.45,6190,167334,6195,118993,6185,18801,6180,119916
2020-06-02 10:17:41.230000,6191.45,6190,167334,6195,118993,6185,18791,6180,119916
2020-06-02 10:17:41.730000,6191.45,6190,159334,6195,118993,6185,24191,6180,119916
2020-06-02 10:17:42.670000,6191.45,6190,156920,6195,120993,6185,22166,6180,119916
2020-06-02 10:17:43.530000,6191.45,6190,156920,6195,110993,6185,28620,6180,118526
2020-06-02 10:17:43.730000,6191.45,6190,156920,6195,120993,6185,17166,6180,119916
2020-06-02 10:17:44.620000,6191.45,6190,156920,6195,120993,6185,17137,6180,119916
2020-06-02 10:17:44.850000,6191.45,6190,158920,6195,118993,6185,17137,6180,119916
2020-06-02 10:17:45.840000,6191.45,6190,158920,6195,118993,6185,17242,6180,119916
2020-06-02 10:17:46.620000,6191.45,6190,163920,6195,119093,6185,105,6180,119916
2020-06-02 10:17:46.880000,6192.01,6190,163920,6195,119093,6185,105,6180,119921
2020-06-02 10:17:47.570000,6192.01,6190,163915,6195,119093,6185,105,6180,119921
2020-06-02 10:17:47.770000,6192.57,6185,14903,6190,163915,6180,119921,6175,122927
2020-06-02 10:17:48.130000,6192.57,6185,33673,6190,172895,6180,99377,6175,127927
2020-06-02 10:17:48.630000,6191.45,6185,23145,6190,172895,6180,104377,6175,122927
2020-06-02 10:17:49.790000,6191.45,6185,22645,6190,172895,6180,104377,6175,122927
2020-06-02 10:17:50.020000,6191.45,6185,22685,6190,175895,6180,104377,6175,122927
2020-06-02 10:17:50.740000,6191.45,6185,23485,6190,175895,6180,104377,6175,122927
2020-06-02 10:17:52.320000,6191.45,6185,23485,6190,175895,6180,104377,6175,122927
2020-06-02 10:17:52.850000,6191.45,6185,23485,6190,175895,6180,104378,6175,122927
2020-06-02 10:17:53.330000,6191.45,6185,23495,6190,175895,6180,104378,6175,122927
2020-06-02 10:17:53.760000,6191.45,6185,4725,6190,166915,6180,119922,6175,122927
2020-06-02 10:17:54.510000,6191.45,6185,4625,6190,166915,6180,119922,6175,122927
2020-06-02 10:17:55.620000,6191.45,6185,4625,6190,163915,6180,119922,6175,122907
2020-06-02 10:17:55.990000,6191.45,6185,4625,6190,163915,6180,107378,6175,122907
2020-06-02 10:17:56.400000,6191.45,6185,4625,6190,163915,6180,107378,6175,122908
2020-06-02 10:17:57.050000,6191.45,6185,4625,6190,163915,6180,107389,6175,122908
2020-06-02 10:17:57.210000,6191.45,6185,6025,6190,163915,6180,107313,6175,122908
2020-06-02 10:17:58.110000,6189.78,6185,6023,6190,175895,6180,104313,6175,122908
2020-06-02 10:17:58.220000,6189.78,6185,8023,6190,175895,6180,104338,6175,122908
2020-06-02 10:17:58.540000,6189.78,6185,8023,6190,175895,6180,115882,6175,122911
2020-06-02 10:17:59.630000,6190.34,6185,8023,6190,175895,6180,115878,6175,122911
2020-06-02 10:18:00.350000,6190.34,6185,8023,6190,175895,6180,118878,6175,122911
2020-06-02 10:18:01.440000,6190.34,6185,8023,6190,175895,6180,106334,6175,122922
2020-06-02 10:18:01.770000,6190.34,6185,8023,6190,163915,6180,118878,6175,122922
2020-06-02 10:18:02.360000,6190.34,6185,7923,6190,172895,6180,118878,6175,122922
2020-06-02 10:18:02.860000,6190.34,6185,7923,6190,163915,6180,118878,6175,122922
2020-06-02 10:18:03.280000,6190.34,6185,7923,6190,163915,6180,118878,6175,122927
2020-06-02 10:18:03.940000,6190.34,6185,7923,6190,175895,6180,118878,6175,122927
2020-06-02 10:18:04.380000,6190.34,6185,7919,6190,175895,6180,106354,6175,122927
2020-06-02 10:18:05.100000,6190.34,6185,9519,6190,175895,6180,106364,6175,122927
2020-06-02 10:18:05.360000,6190.34,6185,7919,6190,175895,6180,106364,6175,122932
2020-06-02 10:18:06.100000,6190.34,6185,7919,6190,175895,6180,103364,6175,122932
2020-06-02 10:18:06.350000,6190.34,6185,7919,6190,175895,6180,103364,6175,122932
2020-06-02 10:18:07.560000,6190.34,6185,7919,6190,175895,6180,115908,6175,122932
2020-06-02 10:18:08.420000,6190.34,6185,7909,6190,175895,6180,118908,6175,122932
2020-06-02 10:18:08.780000,6190.34,6185,7909,6190,175895,6180,118968,6175,122932
2020-06-02 10:18:09.100000,6190.34,6185,9009,6190,175895,6180,119268,6175,122932
2020-06-02 10:18:09.920000,6190.34,6185,30279,6190,175895,6180,106725,6175,122932
2020-06-02 10:18:10.130000,6190.34,6185,27779,6190,175895,6180,101725,6175,127932
2020-06-02 10:18:10.770000,6190.34,6185,27779,6190,175895,6180,106725,6175,122932
2020-06-02 10:18:10.880000,6190.34,6185,27779,6190,175895,6180,103725,6175,122931
2020-06-02 10:18:11.330000,6190.34,6185,9009,6190,175895,6180,116269,6175,122931
2020-06-02 10:18:12.470000,6190.34,6185,30429,6190,175895,6180,103725,6175,122928
2020-06-02 10:18:13.420000,6190.34,6185,32429,6190,175895,6180,103725,6175,122928
2020-06-02 10:18:13.670000,6190.34,6185,37094,6190,188439,6180,98745,6175,127928
2020-06-02 10:18:14.140000,6190.34,6185,42094,6190,188439,6180,103745,6175,122928
2020-06-02 10:18:16.080000,6190.34,6185,41910,6190,188439,6180,103745,6175,122928
2020-06-02 10:18:17.010000,6190.34,6185,36910,6190,175895,6180,107327,6175,122928
2020-06-02 10:18:17.650000,6190.34,6185,36910,6190,175895,6180,110327,6175,122928
2020-06-02 10:18:17.730000,6189.78,6185,36910,6190,175895,6180,110327,6175,122928
2020-06-02 10:18:18.760000,6189.78,6185,28143,6190,175895,6180,110727,6175,122928
2020-06-02 10:18:18.900000,6189.78,6185,28143,6190,175895,6180,110827,6175,122928
2020-06-02 10:18:19.670000,6189.78,6185,30643,6190,175895,6180,108827,6175,122928
2020-06-02 10:18:19.810000,6189.78,6185,28143,6190,175895,6180,108827,6175,122958
2020-06-02 10:18:20.150000,6189.78,6185,28143,6190,175895,6180,108837,6175,122958
2020-06-02 10:18:20.590000,6189.78,6185,30743,6190,177895,6180,108837,6175,122958
2020-06-02 10:18:21.330000,6189.78,6185,28743,6190,177895,6180,108837,6175,122958
2020-06-02 10:18:21.470000,6189.78,6185,26143,6190,177895,6180,109710,6175,123158
2020-06-02 10:18:21.830000,6189.78,6185,27143,6190,177895,6180,109710,6175,123158
2020-06-02 10:18:22.830000,6189.78,6185,29813,6190,177895,6180,109710,6175,123158
2020-06-02 10:18:23.060000,6189.78,6185,29813,6190,190439,6180,104710,6175,128158
2020-06-02 10:18:23.310000,6189.78,6185,32362,6190,190439,6180,104710,6175,128158
2020-06-02 10:18:23.970000,6189.78,6185,29662,6190,177895,6180,109710,6175,123158
2020-06-02 10:18:25.110000,6189.78,6185,29662,6190,177895,6180,109710,6175,123158
2020-06-02 10:18:25.420000,6189.78,6185,29662,6190,177895,6180,109720,6175,123158
2020-06-02 10:18:26.560000,6189.78,6185,29662,6190,177901,6180,109720,6175,123158
2020-06-02 10:18:26.680000,6189.78,6185,29672,6190,177901,6180,109720,6175,123158
2020-06-02 10:18:27.060000,6189.78,6185,27123,6190,177901,6180,114549,6175,123158
2020-06-02 10:18:29.120000,6190.9,6185,27113,6190,177901,6180,114549,6175,123158
2020-06-02 10:18:29.310000,6190.9,6185,27113,6190,177901,6180,114549,6175,123158
2020-06-02 10:18:29.670000,6190.9,6185,30513,6190,177901,6180,106549,6175,128158
2020-06-02 10:18:29.920000,6189.22,6185,30513,6190,177901,6180,106549,6175,128158
2020-06-02 10:18:30.790000,6189.22,6185,30513,6190,177901,6180,106549,6175,128159
2020-06-02 10:18:31.650000,6189.22,6185,27713,6190,177901,6180,107802,6175,128159
2020-06-02 10:18:31.710000,6189.22,6185,27713,6190,177901,6180,107802,6175,128159
2020-06-02 10:18:32.060000,6189.22,6185,28113,6190,180901,6180,107802,6175,128159
2020-06-02 10:18:32.760000,6189.22,6185,28113,6190,180901,6180,107802,6175,128159
2020-06-02 10:18:33.010000,6189.22,6185,36484,6190,193445,6180,107802,6175,128159
2020-06-02 10:18:34.400000,6189.22,6185,36485,6190,193446,6180,107802,6175,128159
2020-06-02 10:18:34.810000,6189.22,6185,41485,6190,193446,6180,107802,6175,128159
2020-06-02 10:18:35.230000,6189.22,6185,36485,6190,193446,6180,107802,6175,128159
2020-06-02 10:18:35.850000,6189.22,6185,33685,6190,193446,6180,107802,6175,128159
2020-06-02 10:18:35.960000,6189.22,6185,33665,6190,193446,6180,107802,6175,128159
2020-06-02 10:18:36.200000,6189.22,6185,33665,6190,193446,6180,110895,6175,128159
2020-06-02 10:18:36.850000,6189.22,6185,31665,6190,193446,6180,110895,6175,128159
2020-06-02 10:18:36.990000,6189.22,6185,31961,6190,193446,6180,110895,6175,128159
2020-06-02 10:18:37.260000,6189.22,6185,39661,6190,193446,6180,106895,6175,128159
2020-06-02 10:18:38.070000,6189.22,6185,42233,6190,193446,6180,107672,6175,128159
2020-06-02 10:18:38.270000,6189.22,6185,43233,6190,193446,6180,107672,6175,128159
2020-06-02 10:18:39.040000,6189.22,6185,45733,6190,193446,6180,107672,6175,128159
2020-06-02 10:18:39.130000,6189.22,6185,45733,6190,193446,6180,107672,6175,128159
2020-06-02 10:18:40.410000,6188.11,6185,45733,6190,193446,6180,107672,6175,128160
2020-06-02 10:18:41.080000,6188.11,6185,45733,6190,193446,6180,107672,6175,128160
2020-06-02 10:18:42.080000,6188.11,6185,45733,6190,193446,6180,107632,6175,128200
2020-06-02 10:18:42.270000,6188.11,6185,43033,6190,193446,6180,107633,6175,128200
2020-06-02 10:18:42.550000,6188.11,6185,43033,6190,193446,6180,107633,6175,127003
2020-06-02 10:18:43.790000,6188.11,6185,38033,6190,193446,6180,107633,6175,127003
2020-06-02 10:18:44.040000,6188.11,6185,16763,6190,180902,6180,112633,6175,122003
2020-06-02 10:18:44.740000,6188.11,6185,35586,6190,180902,6180,112653,6175,122003
2020-06-02 10:18:44.880000,6188.11,6185,35556,6190,180902,6180,112653,6175,122003
2020-06-02 10:18:46.290000,6188.11,6185,16786,6190,180902,6180,112653,6175,122003
2020-06-02 10:18:46.770000,6188.11,6185,8348,6190,177902,6180,112653,6175,122003
2020-06-02 10:18:48.000000,6189.78,6190,168922,6195,116094,6185,18770,6180,125197
2020-06-02 10:18:48.860000,6190.9,6190,163922,6195,106094,6185,24170,6180,128197
2020-06-02 10:18:49.710000,6190.9,6190,163922,6195,106094,6185,24170,6180,128297
2020-06-02 10:18:50.580000,6193.13,6190,163922,6195,106094,6185,24170,6180,128297
2020-06-02 10:18:50.820000,6193.13,6190,168922,6195,106094,6185,18770,6180,128297
2020-06-02 10:18:51.640000,6193.13,6190,168922,6195,106094,6185,18770,6180,128297
2020-06-02 10:18:51.780000,6193.13,6190,168922,6195,106094,6185,18770,6180,128297
2020-06-02 10:18:51.890000,6193.13,6190,168922,6195,106094,6185,17170,6180,128297
2020-06-02 10:18:52.670000,6193.13,6190,168922,6195,106094,6185,17170,6180,128297
2020-06-02 10:18:52.820000,6193.13,6190,168912,6195,106094,6185,17170,6180,128497
2020-06-02 10:18:53.630000,6193.13,6190,168912,6195,106094,6180,128497,6175,122003
2020-06-02 10:18:53.920000,6193.13,6190,180892,6195,112514,6180,128497,6175,122003
2020-06-02 10:18:54.720000,6193.13,6190,180892,6195,112514,6180,132667,6175,122003
2020-06-02 10:18:55.810000,6193.13,6185,18782,6190,180892,6180,120123,6175,122003
2020-06-02 10:18:55.850000,6193.13,6185,18832,6190,180892,6180,117123,6175,122003
2020-06-02 10:18:56.270000,6193.13,6185,20312,6190,180892,6180,117123,6175,122003
2020-06-02 10:18:57.190000,6193.13,6185,20311,6190,181198,6180,117124,6175,122003
2020-06-02 10:18:58.380000,6190.9,6185,20311,6190,181198,6180,117106,6175,122003
2020-06-02 10:18:59.500000,6190.9,6185,20211,6190,181198,6180,117106,6175,122003
2020-06-02 10:19:00.700000,6190.9,6185,1550,6190,181198,6180,132650,6175,122003
2020-06-02 10:19:00.910000,6190.9,6185,1550,6190,181198,6180,132650,6175,122003
2020-06-02 10:19:01.720000,6190.9,6185,1550,6190,181198,6180,120106,6175,122003
2020-06-02 10:19:01.920000,6190.9,6185,1550,6190,181198,6180,132650,6175,122003
2020-06-02 10:19:02.770000,6190.9,6185,1550,6190,181198,6180,132650,6175,122003
2020-06-02 10:19:03.310000,6190.9,6190,181198,6195,112514,6185,1683,6180,117106
