time,nav,sell1,sell1_cnt,sell2,sell2_cnt,buy1,buy1_cnt,buy2,buy2_cnt
2020-06-08 09:24:26.100000,0.0,11800,3866,11805,9675,11795,6596,11790,8040
2020-06-08 09:24:26.840000,0.0,11800,3866,11805,9675,11795,6596,11790,8040
2020-06-08 09:24:27.370000,0.0,11800,3866,11805,9975,11795,6596,11790,10055
2020-06-08 09:24:27.980000,0.0,11800,3866,11805,9975,11795,6596,11790,8040
2020-06-08 09:24:28.850000,0.0,11800,3866,11805,9975,11795,6596,11790,8040
2020-06-08 09:24:29.610000,0.0,11800,10903,11805,9975,11795,6596,11790,8040
2020-06-08 09:24:30.340000,0.0,11805,9967,11810,9724,11795,6596,11790,8040
2020-06-08 09:24:31.040000,0.0,11805,9967,11810,9724,11795,6596,11790,8040
2020-06-08 09:24:31.780000,0.0,11805,9967,11810,9724,11795,6592,11790,8040
2020-06-08 09:24:33.590000,11870.17,11805,9967,11810,9724,11795,6592,11790,10085
2020-06-08 09:24:34.270000,11870.17,11805,9967,11810,9724,11800,30,11795,6592
2020-06-08 09:24:35.140000,11870.17,11805,734,11810,9724,11800,5933,11795,6622
2020-06-08 09:24:36.200000,11870.17,11805,624,11810,9724,11800,6933,11795,9076
2020-06-08 09:24:37.230000,11870.17,11805,1140,11810,7975,11800,7432,11795,11592
2020-06-08 09:24:38.270000,11870.17,11805,2140,11810,10052,11800,7432,11795,11779
2020-06-08 09:24:39.320000,11870.17,11805,9380,11810,10052,11800,7432,11795,11779
2020-06-08 09:24:40.360000,11870.17,11805,12401,11810,10052,11795,11779,11790,10615
2020-06-08 09:24:40.880000,11870.17,11805,3340,11810,10052,11800,6403,11795,11779
2020-06-08 09:24:42.920000,11870.57,11805,10380,11810,10052,11800,500,11795,11779
2020-06-08 09:24:43.490000,11870.57,11800,1000,11805,12901,11795,11209,11790,8100
2020-06-08 09:24:44.490000,11870.57,11800,9137,11805,12901,11795,11808,11790,8100
2020-06-08 09:24:45.470000,11870.57,11800,9607,11805,12901,11795,5816,11790,8100
2020-06-08 09:24:45.740000,11870.57,11800,9547,11805,12901,11795,5816,11790,8100
2020-06-08 09:24:46.630000,11870.57,11800,9547,11805,12901,11795,5846,11790,8100
2020-06-08 09:24:47.680000,11870.57,11800,9547,11805,12901,11795,11838,11790,8130
2020-06-08 09:24:48.140000,11870.57,11800,9547,11805,12901,11795,11838,11790,8130
2020-06-08 09:24:49.230000,11870.57,11800,9547,11805,12901,11795,5346,11790,8130
2020-06-08 09:24:49.650000,11870.57,11800,9547,11805,12901,11795,5346,11790,8130
2020-06-08 09:24:50.380000,11870.57,11800,9547,11805,12901,11795,5346,11790,8131
2020-06-08 09:24:51.340000,11870.57,11800,9535,11805,12901,11795,5346,11790,8631
2020-06-08 09:24:52.370000,11867.63,11800,9535,11805,12901,11795,5346,11790,9881
2020-06-08 09:24:52.840000,11867.63,11800,1998,11805,12901,11795,11338,11790,9881
2020-06-08 09:24:53.980000,11867.63,11800,898,11805,13041,11795,11440,11790,9881
2020-06-08 09:24:54.440000,11867.63,11805,13041,11810,10052,11795,11440,11790,9881
2020-06-08 09:24:56.040000,11867.63,11800,8537,11805,13241,11795,11350,11790,9881
2020-06-08 09:24:57.090000,11867.63,11800,7287,11805,13241,11795,5358,11790,9881
2020-06-08 09:24:58.120000,11867.63,11800,7287,11805,13241,11795,5109,11790,9881
2020-06-08 09:24:58.450000,11867.63,11800,7287,11805,13241,11795,5109,11790,9881
2020-06-08 09:24:59.190000,11867.63,11800,7287,11805,13241,11795,4699,11790,9881
2020-06-08 09:25:00.260000,11867.63,11800,7287,11805,13241,11795,4093,11790,9881
2020-06-08 09:25:00.770000,11867.63,11800,7287,11805,13241,11795,4093,11790,9881
2020-06-08 09:25:01.840000,11867.63,11800,9467,11805,13241,11790,9881,11785,10561
2020-06-08 09:25:02.890000,11865.14,11800,11489,11805,13241,11790,9881,11785,10561
2020-06-08 09:25:04.450000,11865.14,11800,11487,11805,13361,11790,9881,11785,10561
2020-06-08 09:25:04.940000,11865.14,11800,1000,11805,11340,11795,1000,11790,9881
2020-06-08 09:25:06.020000,11865.14,11805,10840,11810,7603,11800,1000,11795,7492
2020-06-08 09:25:06.990000,11865.14,11805,3728,11810,7603,11800,8340,11795,7492
2020-06-08 09:25:07.440000,11865.14,11805,3128,11810,9680,11800,7040,11795,7492
2020-06-08 09:25:08.640000,11865.14,11805,11068,11810,9680,11795,7492,11790,11606
2020-06-08 09:25:08.990000,11865.14,11805,11068,11810,9680,11795,7492,11790,11606
2020-06-08 09:25:10.210000,11865.14,11805,11068,11810,9680,11800,100,11795,7492
2020-06-08 09:25:10.570000,11865.14,11805,11078,11810,9680,11795,7582,11790,11606
2020-06-08 09:25:11.800000,11865.14,11805,11073,11810,9680,11795,7582,11790,11606
2020-06-08 09:25:12.850000,11867.13,11805,11073,11810,9680,11800,30,11795,7582
2020-06-08 09:25:13.280000,11867.13,11805,11065,11810,9680,11800,30,11795,7582
2020-06-08 09:25:14.450000,11867.13,11800,1012,11805,13086,11795,7682,11790,11606
2020-06-08 09:25:14.840000,11867.13,11800,2312,11805,13086,11795,7682,11790,11606
2020-06-08 09:25:15.550000,11867.13,11800,7049,11805,13086,11795,7682,11790,11606
2020-06-08 09:25:17.580000,11867.13,11800,7177,11805,13086,11795,1190,11790,8851
2020-06-08 09:25:18.610000,11867.13,11800,9477,11805,13086,11795,190,11790,8851
2020-06-08 09:25:19.180000,11867.13,11800,1012,11805,13086,11795,6182,11790,8951
2020-06-08 09:25:20.150000,11867.13,11800,1000,11805,13086,11795,6182,11790,10966
2020-06-08 09:25:20.540000,11867.13,11800,2250,11805,13086,11795,6182,11790,10966
2020-06-08 09:25:21.740000,11867.13,11800,2250,11805,13086,11795,6182,11790,10966
2020-06-08 09:25:22.150000,11867.13,11800,1250,11805,11065,11795,7182,11790,10966
2020-06-08 09:25:23.300000,11866.47,11805,11065,11810,9680,11800,94,11795,7182
2020-06-08 09:25:23.550000,11866.47,11805,11065,11810,9680,11800,154,11795,7182
2020-06-08 09:25:24.360000,11866.47,11805,11065,11810,9680,11800,154,11795,7182
2020-06-08 09:25:25.370000,11866.47,11805,11065,11810,9680,11800,154,11795,7182
2020-06-08 09:25:25.720000,11866.47,11805,11065,11810,9680,11795,7182,11790,10966
2020-06-08 09:25:26.480000,11866.47,11805,11065,11810,9680,11800,172,11795,7282
2020-06-08 09:25:27.530000,11866.47,11805,11065,11810,9680,11800,7040,11795,7282
2020-06-08 09:25:28.570000,11866.47,11805,11065,11810,9680,11795,7782,11790,10466
2020-06-08 09:25:28.940000,11866.47,11805,11065,11810,9680,11795,7782,11790,10466
2020-06-08 09:25:30.130000,11866.47,11805,11065,11810,9680,11795,7782,11790,10466
2020-06-08 09:25:30.460000,11866.47,11800,100,11805,11065,11795,7782,11790,10466
2020-06-08 09:25:31.270000,11866.47,11800,1516,11805,13086,11795,7782,11790,10466
2020-06-08 09:25:33.380000,11865.18,11800,1516,11805,13146,11795,7782,11790,10466
2020-06-08 09:25:34.360000,11865.18,11800,1516,11805,13146,11795,7782,11790,10466
2020-06-08 09:25:34.640000,11865.18,11800,1516,11805,13146,11795,7692,11790,10466
2020-06-08 09:25:35.440000,11865.18,11800,1516,11805,13146,11795,7692,11790,10466
2020-06-08 09:25:36.800000,11865.18,11805,11125,11810,9680,11800,2,11795,7692
2020-06-08 09:25:37.540000,11865.18,11805,11125,11810,9680,11795,7692,11790,10466
2020-06-08 09:25:38.530000,11865.18,11805,11125,11810,9680,11795,7692,11790,10466
2020-06-08 09:25:38.990000,11865.18,11805,11124,11810,9680,11795,7692,11790,10466
2020-06-08 09:25:40.220000,11865.18,11805,11124,11810,9275,11800,172,11795,7692
2020-06-08 09:25:40.540000,11865.18,11805,11124,11810,9275,11795,7692,11790,10466
2020-06-08 09:25:41.290000,11865.18,11805,11124,11810,9275,11795,7692,11790,10466
2020-06-08 09:25:43.310000,11865.57,11800,7165,11805,13145,11795,7192,11790,8451
2020-06-08 09:25:43.740000,11865.57,11800,8447,11805,13145,11795,1200,11790,8451
2020-06-08 09:25:44.490000,11865.57,11800,8047,11805,13145,11795,1200,11790,8451
2020-06-08 09:25:45.440000,11865.57,11800,7147,11805,13145,11795,1200,11790,8451
2020-06-08 09:25:46.470000,11865.57,11800,7147,11805,13145,11795,1200,11790,8451
2020-06-08 09:25:46.720000,11865.57,11800,8347,11805,13145,11795,1200,11790,8451
2020-06-08 09:25:47.520000,11865.57,11800,8447,11805,13145,11795,1200,11790,8451
2020-06-08 09:25:48.570000,11865.57,11800,8457,11805,13135,11790,8451,11785,10756
2020-06-08 09:25:48.940000,11865.57,11800,7157,11805,13135,11795,1000,11790,8451
2020-06-08 09:25:50.150000,11865.57,11800,8457,11805,13135,11795,1000,11790,8451
2020-06-08 09:25:50.540000,11865.57,11800,7162,11805,13135,11795,1000,11790,8451
2020-06-08 09:25:51.750000,11865.57,11800,7162,11805,13135,11795,1000,11790,8451
2020-06-08 09:25:52.800000,11866.46,11805,10314,11810,9477,11800,47,11795,6992
2020-06-08 09:25:53.850000,11866.46,11805,2646,11810,7400,11800,7087,11795,9508
2020-06-08 09:25:54.340000,11866.46,11805,1646,11810,7400,11800,7087,11795,9508
2020-06-08 09:25:55.410000,11866.46,11805,1736,11810,9419,11800,7087,11795,9508
2020-06-08 09:25:56.420000,11866.46,11805,1736,11810,9419,11800,7087,11795,9508
2020-06-08 09:25:56.840000,11866.46,11805,2036,11810,9419,11800,7087,11795,9508
2020-06-08 09:25:58.030000,11866.46,11805,3036,11810,9419,11800,7087,11795,7492
2020-06-08 09:25:58.440000,11866.46,11805,8776,11810,9419,11800,7087,11795,7492
2020-06-08 09:25:59.620000,11866.46,11805,8776,11810,9419,11800,6454,11795,9508
2020-06-08 09:25:59.950000,11866.46,11805,8776,11810,9419,11800,6454,11795,7492
2020-06-08 09:26:00.740000,11866.46,11805,1736,11810,9419,11800,6454,11795,7492
2020-06-08 09:26:01.730000,11868.86,11805,1736,11810,7400,11800,6454,11795,9508
2020-06-08 09:26:03.810000,11868.86,11805,1736,11810,7400,11800,6484,11795,9508
2020-06-08 09:26:04.250000,11868.86,11805,1736,11810,7400,11800,6473,11795,9538
2020-06-08 09:26:05.400000,11868.86,11805,1736,11810,9419,11800,6473,11795,9538
2020-06-08 09:26:05.780000,11868.86,11805,1731,11810,7400,11800,6473,11795,9538
2020-06-08 09:26:06.570000,11868.86,11810,7400,11815,10016,11805,500,11800,6473
2020-06-08 09:26:07.520000,11868.86,11810,7400,11815,10016,11800,6473,11795,9538
2020-06-08 09:26:08.560000,11868.86,11810,7400,11815,10016,11805,1000,11800,6473
2020-06-08 09:26:09.170000,11868.86,11810,10719,11815,10016,11800,6473,11795,9538
2020-06-08 09:26:10.140000,11868.86,11810,7400,11815,10016,11805,500,11800,6473
2020-06-08 09:26:11.200000,11868.86,11810,7400,11815,10016,11805,7570,11800,6473
2020-06-08 09:26:11.640000,11868.86,11810,7382,11815,10016,11805,7570,11800,6473
2020-06-08 09:26:12.720000,11870.69,11810,7382,11815,10016,11805,7570,11800,6473
2020-06-08 09:26:13.340000,11870.69,11810,7382,11815,10016,11805,7570,11800,6473
2020-06-08 09:26:14.310000,11870.69,11815,7539,11820,6921,11810,7040,11805,7570
2020-06-08 09:26:15.330000,11870.69,11815,7539,11820,6921,11810,15023,11805,7570
2020-06-08 09:26:16.500000,11870.69,11815,7539,11820,9110,11810,8040,11805,7570
2020-06-08 09:26:17.340000,11870.69,11815,7539,11820,9110,11810,8040,11805,7570
2020-06-08 09:26:18.550000,11870.69,11815,499,11820,9110,11810,15023,11805,7570
2020-06-08 09:26:19.080000,11870.69,11820,8321,11825,11123,11810,15023,11805,9589
2020-06-08 09:26:20.070000,11870.69,11820,6921,11825,11123,11810,15023,11805,9589
2020-06-08 09:26:21.130000,11870.69,11820,8321,11825,11123,11810,15023,11805,9589
2020-06-08 09:26:21.440000,11870.69,11815,30,11820,8321,11810,15023,11805,7570
2020-06-08 09:26:22.210000,11885.01,11820,6921,11825,9488,11815,1030,11810,15493
2020-06-08 09:26:23.250000,11885.01,11820,8321,11825,9487,11815,1028,11810,15493
2020-06-08 09:26:23.730000,11885.01,11820,7921,11825,9487,11810,15493,11805,7070
2020-06-08 09:26:24.830000,11885.01,11815,1000,11820,7921,11810,15493,11805,9146
2020-06-08 09:26:25.380000,11885.01,11815,996,11820,6921,11810,15493,11805,9146
2020-06-08 09:26:26.450000,11885.01,11820,6922,11825,9487,11810,15493,11805,9146
2020-06-08 09:26:26.870000,11885.01,11820,10339,11825,9487,11810,15493,11805,9146
2020-06-08 09:26:27.990000,11885.01,11820,6922,11825,9487,11810,15493,11805,9146
2020-06-08 09:26:28.380000,11885.01,11820,7921,11825,9487,11810,15493,11805,9146
2020-06-08 09:26:29.560000,11885.01,11820,6921,11825,9487,11810,15493,11805,9146
2020-06-08 09:26:29.850000,11885.01,11820,6921,11825,9487,11815,88,11810,15493
2020-06-08 09:26:30.650000,11885.01,11820,1566,11825,7472,11815,7126,11810,17513
2020-06-08 09:26:31.620000,11885.01,11825,7472,11830,9686,11815,7126,11810,17513
2020-06-08 09:26:32.240000,11887.44,11825,7472,11830,9686,11820,470,11815,7126
2020-06-08 09:26:33.170000,11887.44,11825,415,11830,7415,11820,6462,11815,9148
2020-06-08 09:26:34.180000,11887.44,11825,7040,11830,8415,11820,6462,11815,9148
2020-06-08 09:26:34.440000,11887.44,11825,3368,11830,10602,11820,6462,11815,7126
2020-06-08 09:26:35.330000,11887.44,11825,1188,11830,10602,11820,5992,11815,7596
2020-06-08 09:26:36.360000,11887.44,11825,1000,11830,10602,11820,1,11815,13796
2020-06-08 09:26:36.640000,11887.44,11825,1000,11830,10602,11820,5993,11815,13796
2020-06-08 09:26:37.950000,11887.44,11820,1029,11825,10055,11815,13796,11810,15023
2020-06-08 09:26:39.020000,11887.44,11820,6380,11825,10055,11815,13326,11810,15493
2020-06-08 09:26:39.470000,11887.44,11820,6380,11825,10055,11815,13326,11810,15493
2020-06-08 09:26:40.580000,11887.44,11820,6380,11825,10055,11815,13326,11810,15493
2020-06-08 09:26:41.620000,11887.44,11820,8397,11825,10055,11815,6288,11810,15493
2020-06-08 09:26:42.050000,11887.44,11820,5336,11825,9055,11810,15493,11805,9089
2020-06-08 09:26:43.170000,11890.67,11820,5336,11825,9055,11810,15493,11805,9089
2020-06-08 09:26:44.580000,11890.67,11820,5336,11825,9055,11815,60,11810,15493
2020-06-08 09:26:45.800000,11890.67,11820,5336,11825,9055,11815,120,11810,15493
2020-06-08 09:26:46.240000,11890.67,11820,6336,11825,9055,11815,120,11810,15523
2020-06-08 09:26:47.350000,11890.67,11820,6336,11825,9055,11815,120,11810,15553
2020-06-08 09:26:47.750000,11890.67,11820,6336,11825,9055,11815,7158,11810,15553
2020-06-08 09:26:48.930000,11890.67,11820,6336,11825,9055,11815,120,11810,15553
2020-06-08 09:26:49.190000,11890.67,11820,6336,11825,9055,11815,7158,11810,15553
2020-06-08 09:26:50.440000,11890.67,11820,6336,11825,9055,11815,120,11810,15553
2020-06-08 09:26:51.750000,11890.67,11820,6331,11825,9055,11815,120,11810,15553
2020-06-08 09:26:52.640000,11891.48,11820,8348,11825,9055,11815,120,11810,15553
2020-06-08 09:26:53.750000,11891.48,11815,7041,11820,9348,11810,15553,11805,7100
2020-06-08 09:26:54.270000,11891.48,11815,1,11820,9348,11810,15553,11805,7100
2020-06-08 09:26:55.320000,11891.48,11820,8436,11825,9060,11815,1,11810,15553
2020-06-08 09:26:56.640000,11891.48,11820,6419,11825,9060,11815,7039,11810,15553
2020-06-08 09:26:57.380000,11891.48,11820,6419,11825,9060,11815,1,11810,15553
2020-06-08 09:26:58.430000,11891.48,11820,6418,11825,9060,11815,7039,11810,15553
2020-06-08 09:26:58.810000,11891.48,11820,6418,11825,9180,11815,7039,11810,15553
2020-06-08 09:26:59.500000,11891.48,11820,6418,11825,9180,11815,1,11810,15553
2020-06-08 09:27:00.500000,11891.48,11825,10147,11830,10577,11820,916,11815,7039
2020-06-08 09:27:00.950000,11891.48,11825,8132,11830,8390,11820,464,11815,7039
2020-06-08 09:27:01.840000,11891.48,11825,1125,11830,8410,11820,6456,11815,7039
2020-06-08 09:27:02.700000,11891.9,11825,1125,11830,8410,11820,3756,11815,7039
2020-06-08 09:27:03.550000,11891.9,11825,1125,11830,10922,11820,3756,11815,7039
2020-06-08 09:27:04.690000,11891.9,11825,1125,11830,10922,11820,60,11815,7039
2020-06-08 09:27:05.140000,11891.9,11825,1125,11830,10922,11820,7100,11815,7039
2020-06-08 09:27:06.300000,11891.9,11825,1125,11830,10922,11820,7099,11815,7039
2020-06-08 09:27:06.780000,11891.9,11825,8137,11830,10922,11820,59,11815,7039
2020-06-08 09:27:07.870000,11891.9,11825,8142,11830,10922,11820,59,11815,7099
2020-06-08 09:27:08.240000,11891.9,11820,351,11825,10182,11815,7099,11810,15083
2020-06-08 09:27:09.430000,11891.9,11820,5687,11825,10182,11815,7099,11810,15083
2020-06-08 09:27:09.870000,11891.9,11820,5687,11825,10182,11815,61,11810,15083
2020-06-08 09:27:11.000000,11891.9,11820,6787,11825,10182,11815,61,11810,15083
2020-06-08 09:27:11.440000,11891.9,11820,6687,11825,10182,11815,61,11810,15083
2020-06-08 09:27:12.570000,11893.2,11820,6782,11825,10182,11815,61,11810,15083
2020-06-08 09:27:12.840000,11893.2,11820,6782,11825,10182,11815,61,11810,15083
2020-06-08 09:27:13.590000,11893.2,11820,6802,11825,10182,11815,7099,11810,15083
2020-06-08 09:27:14.620000,11893.2,11820,6802,11825,10182,11815,61,11810,15083
2020-06-08 09:27:14.980000,11893.2,11820,6902,11825,10182,11815,60,11810,15083
2020-06-08 09:27:15.680000,11893.2,11820,6902,11825,10182,11815,60,11810,15083
2020-06-08 09:27:16.720000,11893.2,11820,8919,11825,10182,11810,15083,11805,9146
2020-06-08 09:27:16.940000,11893.2,11820,8919,11825,10182,11810,15053,11805,9146
2020-06-08 09:27:17.770000,11893.2,11820,8819,11825,10182,11810,15023,11805,9146
2020-06-08 09:27:18.380000,11893.2,11820,6797,11825,10182,11815,7963,11810,15023
2020-06-08 09:27:19.330000,11893.2,11820,8693,11825,10302,11815,925,11810,15023
2020-06-08 09:27:20.740000,11893.2,11820,6676,11825,10302,11815,925,11810,15023
2020-06-08 09:27:21.870000,11893.2,11820,6676,11825,10302,11815,925,11810,15023
2020-06-08 09:27:22.240000,11888.63,11820,8693,11825,10302,11815,925,11810,15023
2020-06-08 09:27:22.970000,11888.63,11820,1340,11825,10302,11815,10663,11810,15023
2020-06-08 09:27:24.020000,11888.63,11820,1340,11825,10302,11815,10663,11810,15023
2020-06-08 09:27:24.280000,11888.63,11820,5676,11825,10302,11815,10663,11810,15023
2020-06-08 09:27:25.070000,11888.63,11820,5676,11825,10302,11815,3625,11810,15023
2020-06-08 09:27:26.110000,11888.63,11820,5676,11825,10302,11815,3625,11810,15023
2020-06-08 09:27:27.190000,11888.63,11820,5676,11825,10302,11815,3705,11810,15023
2020-06-08 09:27:29.290000,11888.63,11820,340,11825,10302,11815,10743,11810,15093
2020-06-08 09:27:30.300000,11888.63,11820,350,11825,10302,11815,10743,11810,15093
2020-06-08 09:27:30.580000,11888.63,11820,5686,11825,10302,11815,3705,11810,15093
2020-06-08 09:27:31.380000,11888.63,11820,5686,11825,10302,11815,3704,11810,15093
2020-06-08 09:27:32.910000,11889.4,11820,5686,11825,10302,11815,10742,11810,15093
2020-06-08 09:27:34.010000,11889.4,11820,5686,11825,10302,11815,3704,11810,15093
2020-06-08 09:27:34.430000,11889.4,11820,5686,11825,10302,11815,3704,11810,15093
2020-06-08 09:27:35.240000,11889.4,11820,5686,11825,10302,11815,3704,11810,15093
2020-06-08 09:27:36.080000,11889.4,11820,5656,11825,10302,11815,3704,11810,15093
2020-06-08 09:27:37.090000,11889.4,11820,5596,11825,10302,11815,3704,11810,15093
2020-06-08 09:27:37.350000,11889.4,11820,8610,11825,10302,11815,3168,11810,15093
2020-06-08 09:27:38.210000,11889.4,11820,6476,11825,10302,11815,3168,11810,15093
2020-06-08 09:27:38.640000,11889.4,11820,6446,11825,10302,11815,3168,11810,15093
2020-06-08 09:27:39.790000,11889.4,11820,8463,11825,10302,11810,15093,11805,9176
2020-06-08 09:27:40.080000,11889.4,11815,1000,11820,8463,11810,8110,11805,7100
2020-06-08 09:27:41.320000,11889.4,11815,8040,11820,8463,11810,8110,11805,7100
2020-06-08 09:27:41.580000,11889.4,11815,8040,11820,8463,11810,8110,11805,7100
2020-06-08 09:27:43.670000,11889.18,11815,8040,11820,8473,11810,8110,11805,7100
2020-06-08 09:27:44.490000,11889.18,11815,8040,11820,8793,11810,8110,11805,7100
2020-06-08 09:27:45.590000,11889.18,11815,8040,11820,8793,11810,15093,11805,7100
2020-06-08 09:27:45.840000,11889.18,11815,1000,11820,8793,11810,15093,11805,7100
2020-06-08 09:27:46.610000,11889.18,11820,8793,11825,10302,11810,15023,11805,7100
2020-06-08 09:27:47.640000,11889.18,11820,8793,11825,10302,11815,1345,11810,15023
2020-06-08 09:27:47.950000,11889.18,11820,8793,11825,10302,11815,930,11810,15023
2020-06-08 09:27:48.640000,11889.18,11820,8793,11825,10302,11810,15023,11805,7100
2020-06-08 09:27:49.340000,11889.18,11820,8793,11825,10302,11810,15023,11805,7100
2020-06-08 09:27:52.080000,11889.73,11820,8793,11825,10302,11810,15023,11805,7100
2020-06-08 09:27:53.960000,11889.73,11820,8793,11825,10302,11810,8040,11805,7100
2020-06-08 09:27:54.220000,11889.73,11815,1000,11820,8793,11810,8040,11805,7100
2020-06-08 09:27:54.990000,11889.73,11815,8039,11820,8803,11810,8040,11805,7100
2020-06-08 09:27:55.950000,11889.73,11815,8039,11820,8803,11810,8040,11805,7100
2020-06-08 09:27:57.080000,11889.73,11815,10057,11820,8803,11810,8040,11805,7100
2020-06-08 09:27:58.210000,11889.73,11815,8039,11820,8803,11810,15023,11805,7100
2020-06-08 09:27:58.630000,11889.73,11815,999,11820,8803,11810,15023,11805,7100
2020-06-08 09:27:59.270000,11889.73,11820,8803,11825,10302,11810,15023,11805,7100
2020-06-08 09:28:00.740000,11889.73,11820,5686,11825,8287,11815,8278,11810,15023
2020-06-08 09:28:02.140000,11889.58,11820,350,11825,8287,11815,8278,11810,15023
2020-06-08 09:28:03.000000,11889.58,11820,20,11825,10360,11815,8278,11810,15023
2020-06-08 09:28:03.690000,11889.58,11825,7287,11830,8440,11815,8278,11810,17043
2020-06-08 09:28:04.440000,11889.58,11825,280,11830,8440,11815,8278,11810,17043
2020-06-08 09:28:05.450000,11889.58,11825,280,11830,10569,11815,8278,11810,17043
2020-06-08 09:28:05.770000,11889.58,11825,280,11830,10569,11815,10300,11810,17043
2020-06-08 09:28:06.550000,11889.58,11825,7287,11830,10569,11815,8278,11810,17043
2020-06-08 09:28:07.610000,11889.58,11825,7286,11830,10569,11815,8278,11810,17043
2020-06-08 09:28:08.580000,11889.58,11825,9301,11830,10569,11820,60,11815,8278
2020-06-08 09:28:08.810000,11889.58,11825,10301,11830,10569,11815,8278,11810,15023
2020-06-08 09:28:09.730000,11889.58,11825,10301,11830,15569,11815,8278,11810,15023
2020-06-08 09:28:10.780000,11889.58,11825,10301,11830,15569,11815,8278,11810,15023
2020-06-08 09:28:11.050000,11889.58,11820,5336,11825,10301,11815,1240,11810,15023
2020-06-08 09:28:12.860000,11889.12,11820,5336,11825,10361,11815,1240,11810,15023
2020-06-08 09:28:13.350000,11889.12,11825,10361,11830,15569,11815,8278,11810,15023
2020-06-08 09:28:14.420000,11889.12,11825,10361,11830,15569,11815,8038,11810,15023
2020-06-08 09:28:17.940000,11889.12,11820,6436,11825,10361,11815,8038,11810,15023
2020-06-08 09:28:18.560000,11889.12,11820,6436,11825,10371,11815,8038,11810,15023
2020-06-08 09:28:19.680000,11889.12,11820,1100,11825,10371,11815,8038,11810,15023
2020-06-08 09:28:19.980000,11889.12,11820,6436,11825,10371,11815,8038,11810,15023
2020-06-08 09:28:20.730000,11889.12,11820,200,11825,10371,11815,8038,11810,15023
2020-06-08 09:28:21.780000,11889.12,11825,10371,11830,15569,11815,8038,11810,17043
2020-06-08 09:28:22.820000,11887.78,11825,10371,11830,15569,11815,8038,11810,17043
2020-06-08 09:28:23.180000,11887.78,11825,9371,11830,15569,11820,7040,11815,8038
2020-06-08 09:28:24.630000,11887.78,11825,469,11830,15569,11820,7000,11815,8038
2020-06-08 09:28:25.480000,11887.78,11830,15569,11835,10398,11825,50,11820,8000
2020-06-08 09:28:26.530000,11887.78,11830,15569,11835,10398,11820,8000,11815,10060
2020-06-08 09:28:26.800000,11887.78,11830,15569,11835,10398,11820,8000,11815,10060
2020-06-08 09:28:27.580000,11887.78,11830,15569,11835,10398,11825,50,11820,8000
2020-06-08 09:28:28.600000,11887.78,11830,15569,11835,10398,11825,80,11820,8000
2020-06-08 09:28:28.780000,11887.78,11830,15569,11835,10398,11825,30,11820,8030
2020-06-08 09:28:29.680000,11887.78,11830,15569,11835,10398,11825,30,11820,8030
2020-06-08 09:28:30.820000,11887.78,11830,13440,11835,8098,11825,30,11820,8030
2020-06-08 09:28:32.050000,11887.78,11830,15512,11835,10455,11820,8030,11815,8068
2020-06-08 09:28:32.810000,11891.58,11825,7007,11830,15512,11820,8030,11815,8068
2020-06-08 09:28:33.380000,11891.58,11825,7007,11830,15512,11820,1030,11815,8068
2020-06-08 09:28:34.370000,11891.58,11825,9022,11830,15512,11820,1030,11815,8068
2020-06-08 09:28:35.440000,11891.58,11825,9017,11830,15512,11820,1030,11815,8068
2020-06-08 09:28:37.960000,11891.58,11825,6997,11830,15512,11820,8030,11815,8068
2020-06-08 09:28:39.840000,11891.58,11830,15512,11835,10455,11820,8030,11815,8068
2020-06-08 09:28:40.670000,11891.58,11830,15512,11835,10460,11820,8030,11815,8068
2020-06-08 09:28:42.200000,11891.58,11825,7997,11830,15512,11820,8030,11815,8068
2020-06-08 09:28:42.380000,11891.83,11825,8000,11830,15512,11820,8030,11815,8068
2020-06-08 09:28:43.540000,11891.83,11825,8000,11830,15512,11820,1030,11815,8068
2020-06-08 09:28:46.640000,11891.83,11825,8000,11830,15512,11820,8030,11815,8068
2020-06-08 09:28:47.380000,11891.83,11825,3,11830,15512,11820,8030,11815,8068
2020-06-08 09:28:48.540000,11891.83,11830,15512,11835,10460,11820,9267,11815,8068
2020-06-08 09:28:49.470000,11891.83,11830,15512,11835,10460,11820,9267,11815,10090
2020-06-08 09:28:50.630000,11891.83,11825,2600,11830,15512,11820,9267,11815,10090
2020-06-08 09:28:51.820000,11891.83,11825,5,11830,15512,11820,9267,11815,10090
2020-06-08 09:28:52.710000,11892.57,11830,15512,11835,10460,11820,9267,11815,10090
2020-06-08 09:28:55.740000,11892.57,11830,15512,11835,10460,11820,9267,11815,10090
2020-06-08 09:28:56.820000,11892.57,11830,15512,11835,10460,11820,9267,11815,10090
2020-06-08 09:28:57.140000,11892.57,11830,15512,11835,10460,11825,2000,11820,9267
2020-06-08 09:28:57.980000,11892.57,11830,15512,11835,10460,11825,2000,11820,9267
2020-06-08 09:28:58.980000,11892.57,11830,14168,11835,10460,11825,2000,11820,9267
2020-06-08 09:28:59.250000,11892.57,11830,14168,11835,10460,11825,2000,11820,9267
2020-06-08 09:28:59.990000,11892.57,11830,14168,11835,10460,11825,2000,11820,9267
2020-06-08 09:29:00.440000,11892.57,11830,5056,11835,10460,11825,8436,11820,9267
2020-06-08 09:29:01.590000,11892.57,11830,5055,11835,10460,11825,9435,11820,8030
2020-06-08 09:29:01.840000,11892.57,11830,5055,11835,10460,11825,9435,11820,8030
2020-06-08 09:29:02.700000,11892.46,11830,5055,11835,10460,11825,9435,11820,8030
2020-06-08 09:29:04.040000,11892.46,11835,10460,11840,9300,11825,10651,11820,10053
2020-06-08 09:29:04.790000,11892.46,11835,10460,11840,9300,11830,7040,11825,10650
2020-06-08 09:29:05.830000,11892.46,11835,1063,11840,9300,11830,8040,11825,10650
2020-06-08 09:29:06.360000,11892.46,11835,9403,11840,9300,11830,8040,11825,10650
2020-06-08 09:29:07.410000,11892.46,11835,11416,11840,9300,11830,1000,11825,10650
2020-06-08 09:29:07.860000,11892.46,11835,11416,11840,9300,11830,1000,11825,10650
2020-06-08 09:29:08.440000,11892.46,11835,11416,11840,9300,11825,10150,11820,8030
2020-06-08 09:29:09.490000,11892.46,11835,11416,11840,9300,11825,9350,11820,8030
2020-06-08 09:29:09.750000,11892.46,11830,7040,11835,11416,11825,9350,11820,8030
2020-06-08 09:29:10.570000,11892.46,11830,7040,11835,11406,11825,2911,11820,8030
2020-06-08 09:29:11.510000,11892.46,11830,7040,11835,11401,11825,9350,11820,8030
2020-06-08 09:29:11.850000,11892.46,11830,5804,11835,11396,11825,9350,11820,8030
2020-06-08 09:29:13.150000,11894.66,11830,5854,11835,11396,11825,9350,11820,8030
2020-06-08 09:29:14.240000,11894.66,11830,50,11835,11396,11825,9350,11820,8030
2020-06-08 09:29:15.260000,11894.66,11830,50,11835,11396,11825,9350,11820,8030
2020-06-08 09:29:16.290000,11894.66,11830,50,11835,10096,11825,9146,11820,8030
2020-06-08 09:29:16.540000,11894.66,11830,7054,11835,10096,11825,9146,11820,8030
2020-06-08 09:29:17.400000,11894.66,11830,9068,11835,10096,11825,2707,11820,8030
2020-06-08 09:29:18.380000,11894.66,11825,133,11830,10068,11820,8030,11815,8069
2020-06-08 09:29:18.740000,11894.66,11830,10068,11835,10096,11825,133,11820,8030
2020-06-08 09:29:19.540000,11894.66,11825,133,11830,10068,11820,8030,11815,8069
2020-06-08 09:29:20.540000,11894.66,11830,8868,11835,10096,11820,8030,11815,8069
2020-06-08 09:29:21.610000,11894.66,11830,8968,11835,10096,11820,8030,11815,8069
2020-06-08 09:29:21.970000,11894.66,11830,50,11835,8083,11825,6572,11820,8030
2020-06-08 09:29:23.730000,11897.05,11830,7054,11835,10153,11825,133,11820,8030
2020-06-08 09:29:24.780000,11897.05,11830,8054,11835,10153,11820,8030,11815,10205
2020-06-08 09:29:25.040000,11897.05,11830,8055,11835,10153,11825,133,11820,8030
2020-06-08 09:29:25.790000,11897.05,11830,8055,11835,10153,11825,133,11820,8030
2020-06-08 09:29:27.170000,11897.05,11830,8055,11835,10153,11825,6572,11820,8030
2020-06-08 09:29:28.400000,11897.05,11830,8055,11835,10153,11825,133,11820,8030
2020-06-08 09:29:28.780000,11897.05,11830,10064,11835,10153,11820,8030,11815,10205
2020-06-08 09:29:29.480000,11897.05,11830,10064,11835,10153,11820,8030,11815,10205
2020-06-08 09:29:31.560000,11897.05,11825,1085,11830,10064,11820,8030,11815,10205
2020-06-08 09:29:32.600000,11895.44,11825,85,11830,10064,11820,8030,11815,10205
2020-06-08 09:29:34.630000,11895.44,11825,1285,11830,8864,11820,8030,11815,8069
2020-06-08 09:29:34.830000,11895.44,11825,9282,11830,8864,11820,30,11815,8069
2020-06-08 09:29:35.770000,11895.44,11820,1000,11825,9282,11815,8069,11810,16073
2020-06-08 09:29:36.820000,11895.44,11825,8092,11830,6850,11820,1000,11815,8069
2020-06-08 09:29:37.830000,11895.44,11825,9492,11830,9094,11815,7965,11810,16073
2020-06-08 09:29:38.140000,11895.44,11825,8092,11830,9094,11815,7965,11810,16073
2020-06-08 09:29:38.850000,11895.44,11825,8092,11830,9094,11815,7965,11810,16073
2020-06-08 09:29:39.930000,11895.44,11825,9492,11830,9094,11815,7965,11810,16073
2020-06-08 09:29:41.020000,11895.44,11820,1800,11825,9492,11815,7965,11810,16073
2020-06-08 09:29:42.030000,11895.44,11820,2440,11825,10607,11815,6565,11810,14053
2020-06-08 09:29:42.430000,11893.63,11820,7776,11825,10607,11815,1000,11810,14053
2020-06-08 09:29:43.580000,11893.63,11820,7836,11825,10607,11815,30,11810,14053
2020-06-08 09:29:43.790000,11893.63,11820,7836,11825,10607,11815,30,11810,14083
2020-06-08 09:29:44.880000,11893.63,11820,8453,11825,10107,11810,15083,11805,9436
2020-06-08 09:29:45.670000,11893.63,11820,6736,11825,10107,11810,15083,11805,9436
2020-06-08 09:29:46.080000,11893.63,11820,6436,11825,10107,11810,15083,11805,9149
2020-06-08 09:29:46.680000,11893.63,11820,6436,11825,8092,11815,6517,11810,15083
2020-06-08 09:29:47.340000,11893.63,11820,1000,11825,8092,11815,6517,11810,15083
2020-06-08 09:29:48.330000,11893.63,11820,1000,11825,8212,11815,6517,11810,15083
2020-06-08 09:29:49.440000,11893.63,11820,1000,11825,8212,11815,6517,11810,15083
2020-06-08 09:29:50.430000,11893.63,11820,1000,11825,8212,11815,6517,11810,17103
2020-06-08 09:29:51.480000,11893.63,11825,8212,11830,9094,11815,6757,11810,17103
2020-06-08 09:29:52.530000,11891.99,11820,1000,11825,8612,11815,6757,11810,15083
2020-06-08 09:29:52.920000,11891.99,11820,1400,11825,8212,11815,6757,11810,15083
2020-06-08 09:29:53.500000,11891.99,11820,11900,11825,8212,11815,6757,11810,15083
2020-06-08 09:29:54.080000,11891.99,11820,11900,11825,8212,11815,6757,11810,15083
2020-06-08 09:29:55.150000,11891.99,11820,11900,11825,8212,11815,6757,11810,15083
2020-06-08 09:29:55.470000,11891.99,11825,8392,11830,9095,11815,6757,11810,17103
2020-06-08 09:29:56.710000,11891.99,11820,5336,11825,10807,11815,493,11810,15083
2020-06-08 09:29:56.980000,11891.99,11820,5336,11825,10807,11810,15053,11805,7130
2020-06-08 09:29:57.760000,11891.99,11820,5736,11825,10407,11810,15053,11805,9149
2020-06-08 09:29:58.830000,11891.99,11825,10407,11830,9095,11815,10564,11810,17073
2020-06-08 09:29:59.240000,11891.99,11820,6336,11825,10707,11815,10564,11810,15053
2020-06-08 09:29:59.940000,11891.99,11820,8652,11825,10407,11815,5000,11810,15053
2020-06-08 09:30:00.960000,11891.99,11820,6635,11825,10407,11810,8013,11805,9089
2020-06-08 09:30:01.990000,11891.99,11820,6535,11825,10407,11810,8043,11805,9089
2020-06-08 09:30:02.450000,11890.74,11820,6535,11825,10407,11815,91,11810,8043
2020-06-08 09:30:03.570000,11890.74,11820,6735,11825,10407,11815,98,11810,8043
2020-06-08 09:30:03.940000,11890.74,11815,400,11820,8352,11810,7043,11805,9119
2020-06-08 09:30:05.610000,11890.74,11820,8352,11825,10407,11810,8043,11805,9119
2020-06-08 09:30:06.050000,11890.74,11820,8650,11825,10407,11810,8043,11805,9119
2020-06-08 09:30:06.680000,11890.74,11815,120,11820,8640,11810,8043,11805,9119
2020-06-08 09:30:07.710000,11890.74,11815,8460,11820,8340,11810,1060,11805,7100
2020-06-08 09:30:08.040000,11890.74,11815,8460,11820,8340,11810,60,11805,7100
2020-06-08 09:30:09.240000,11890.74,11815,8460,11820,8340,11810,60,11805,7100
2020-06-08 09:30:10.240000,11890.74,11810,30,11815,8160,11805,7100,11800,9558
2020-06-08 09:30:10.650000,11890.74,11815,8160,11820,8728,11810,561,11805,8100
2020-06-08 09:30:11.240000,11890.74,11815,10478,11820,8728,11810,779,11805,7100
2020-06-08 09:30:11.950000,11890.74,11810,1000,11815,8160,11805,7100,11800,9558
2020-06-08 09:30:12.870000,11889.4,11815,8160,11820,8819,11810,1000,11805,8100
2020-06-08 09:30:13.340000,11889.4,11815,8260,11820,8819,11805,8100,11800,9558
2020-06-08 09:30:14.040000,11889.4,11810,1000,11815,10578,11805,8100,11800,9558
2020-06-08 09:30:15.020000,11889.4,11810,1400,11815,8260,11805,8100,11800,9558
2020-06-08 09:30:15.440000,11889.4,11810,400,11815,8260,11805,8100,11800,9558
2020-06-08 09:30:16.530000,11889.4,11810,7440,11815,10278,11805,8100,11800,7540
2020-06-08 09:30:16.940000,11889.4,11810,8440,11815,10278,11805,60,11800,7540
2020-06-08 09:30:18.130000,11889.4,11810,8440,11815,10278,11805,60,11800,7540
2020-06-08 09:30:19.190000,11889.4,11805,1000,11810,10459,11800,7540,11795,7039
2020-06-08 09:30:20.240000,11889.4,11810,7040,11815,10178,11805,7640,11800,8540
2020-06-08 09:30:20.750000,11889.4,11815,10178,11820,8909,11805,7640,11800,8540
2020-06-08 09:30:21.790000,11883.95,11810,1000,11815,10178,11805,10,11800,8540
2020-06-08 09:30:22.820000,11883.95,11810,7990,11815,10178,11805,10,11800,8540
2020-06-08 09:30:23.880000,11883.95,11810,8040,11815,10178,11805,10,11800,8510
2020-06-08 09:30:24.240000,11883.95,11810,8040,11815,10178,11805,10,11800,8510
2020-06-08 09:30:25.500000,11883.95,11810,8035,11815,10178,11805,7050,11800,8510
2020-06-08 09:30:25.880000,11883.95,11810,8040,11815,10178,11805,10,11800,8510
2020-06-08 09:30:27.080000,11883.95,11810,8040,11815,10178,11800,8510,11795,9025
2020-06-08 09:30:27.440000,11883.95,11810,8040,11815,10178,11800,8510,11795,9025
2020-06-08 09:30:28.590000,11883.95,11810,8040,11815,10178,11800,8510,11795,9025
2020-06-08 09:30:28.970000,11883.95,11810,8040,11815,10178,11805,1,11800,8510
2020-06-08 09:30:29.670000,11883.95,11805,1,11810,8040,11800,8510,11795,9025
2020-06-08 09:30:30.730000,11883.95,11805,5805,11810,10059,11800,2010,11795,9025
2020-06-08 09:30:31.710000,11883.95,11805,5805,11810,10059,11800,8449,11795,7009
2020-06-08 09:30:32.040000,11883.95,11805,1,11810,10059,11800,8449,11795,7009
2020-06-08 09:30:32.830000,11883.12,11805,1,11810,13059,11800,8449,11795,9025
2020-06-08 09:30:33.880000,11883.12,11810,13059,11815,10178,11800,8449,11795,7009
2020-06-08 09:30:34.340000,11883.12,11810,13059,11815,10178,11800,8449,11795,9025
2020-06-08 09:30:35.420000,11883.12,11810,13059,11815,10178,11800,8449,11795,9025
2020-06-08 09:30:35.840000,11883.12,11810,13060,11815,10178,11800,8449,11795,9025
2020-06-08 09:30:37.550000,11883.12,11810,13070,11815,10179,11800,8449,11795,7009
2020-06-08 09:30:38.620000,11883.12,11805,5804,11810,13070,11800,8449,11795,7009
2020-06-08 09:30:39.680000,11883.12,11805,5804,11810,13070,11800,2010,11795,7009
2020-06-08 09:30:39.930000,11883.12,11805,5804,11810,13070,11800,2010,11795,7009
2020-06-08 09:30:40.690000,11883.12,11805,6804,11810,13070,11800,1010,11795,7009
2020-06-08 09:30:41.830000,11883.12,11805,6804,11810,13070,11800,7449,11795,7009
2020-06-08 09:30:42.750000,11881.43,11805,6804,11810,13070,11800,7449,11795,7009
2020-06-08 09:30:43.150000,11881.43,11805,6804,11810,13070,11800,7459,11795,7009
2020-06-08 09:30:43.840000,11881.43,11805,1000,11810,13070,11800,7759,11795,7009
2020-06-08 09:30:44.960000,11881.43,11805,6804,11810,13070,11800,7759,11795,7009
2020-06-08 09:30:45.250000,11881.43,11805,6804,11810,13070,11800,7759,11795,7009
2020-06-08 09:30:47.150000,11881.43,11805,6804,11810,13070,11800,7759,11795,7009
2020-06-08 09:30:48.070000,11881.43,11805,6804,11810,13070,11800,1320,11795,7009
2020-06-08 09:30:48.600000,11881.43,11805,6804,11810,13070,11800,7759,11795,7009
2020-06-08 09:30:49.630000,11881.43,11805,6804,11810,13070,11800,1320,11795,7009
2020-06-08 09:30:50.030000,11881.43,11805,6804,11810,13070,11800,8759,11795,7009
2020-06-08 09:30:51.180000,11881.43,11810,13070,11815,10179,11800,8759,11795,7009
2020-06-08 09:30:51.540000,11881.43,11810,13070,11815,10179,11800,8759,11795,7009
2020-06-08 09:30:52.240000,11881.26,11810,13070,11815,10179,11800,8759,11795,9025
2020-06-08 09:30:53.280000,11881.26,11810,13070,11815,10179,11805,4235,11800,8759
2020-06-08 09:30:54.340000,11881.26,11810,13070,11815,10179,11805,1472,11800,8759
2020-06-08 09:30:55.380000,11881.26,11810,13070,11815,10179,11800,8759,11795,7009
2020-06-08 09:30:55.840000,11881.26,11810,13070,11815,10179,11800,8759,11795,7009
2020-06-08 09:30:56.570000,11881.26,11810,11051,11815,10179,11800,8759,11795,9025
2020-06-08 09:30:57.490000,11881.26,11810,11051,11815,10179,11805,1000,11800,8759
2020-06-08 09:30:57.640000,11881.26,11810,11051,11815,10179,11805,1000,11800,8759
2020-06-08 09:30:58.460000,11881.26,11810,11051,11815,10179,11805,1000,11800,8759
2020-06-08 09:30:59.630000,11881.26,11810,11051,11815,10179,11800,8759,11795,9025
2020-06-08 09:31:00.630000,11881.26,11810,13070,11815,10179,11805,300,11800,8459
2020-06-08 09:31:00.960000,11881.26,11805,1000,11810,11051,11800,8459,11795,9025
2020-06-08 09:31:02.220000,11881.26,11810,11051,11815,10179,11805,50,11800,8459
2020-06-08 09:31:03.280000,11881.21,11810,11201,11815,10179,11805,7090,11800,8459
2020-06-08 09:31:04.830000,11881.21,11810,11201,11815,10179,11805,50,11800,8459
2020-06-08 09:31:06.930000,11881.21,11810,11501,11815,10179,11805,50,11800,8459
2020-06-08 09:31:07.230000,11881.21,11810,11501,11815,10179,11800,8459,11795,9025
2020-06-08 09:31:07.940000,11881.21,11810,13520,11815,10179,11800,8459,11795,9025
2020-06-08 09:31:08.540000,11881.21,11810,11501,11815,10179,11800,8459,11795,9025
2020-06-08 09:31:09.470000,11881.21,11810,13520,11815,10179,11800,8459,11795,9025
2020-06-08 09:31:10.610000,11881.21,11810,13520,11815,10179,11800,8459,11795,9025
2020-06-08 09:31:11.570000,11881.21,11810,13520,11815,10179,11800,8459,11795,7009
2020-06-08 09:31:11.840000,11881.21,11810,13520,11815,10179,11800,8659,11795,7009
2020-06-08 09:31:13.710000,11883.89,11805,5754,11810,13520,11800,2220,11795,7009
2020-06-08 09:31:14.720000,11883.89,11805,5754,11810,13520,11800,2220,11795,7009
2020-06-08 09:31:15.780000,11883.89,11805,5754,11810,13520,11800,2220,11795,7009
2020-06-08 09:31:16.830000,11883.89,11805,8775,11810,13520,11800,2220,11795,7009
2020-06-08 09:31:17.040000,11883.89,11805,6754,11810,13520,11800,2220,11795,7009
2020-06-08 09:31:17.890000,11883.89,11805,6754,11810,13520,11800,2220,11795,7009
2020-06-08 09:31:18.340000,11883.89,11805,6754,11810,13520,11800,1220,11795,7009
2020-06-08 09:31:20.070000,11883.89,11805,6754,11810,13520,11800,1220,11795,7009
2020-06-08 09:31:21.140000,11883.89,11805,6754,11810,13520,11800,1270,11795,7009
2020-06-08 09:31:22.740000,11881.91,11805,1000,11810,13520,11800,7709,11795,7009
2020-06-08 09:31:23.770000,11881.91,11810,13520,11815,10379,11800,8709,11795,7009
2020-06-08 09:31:24.840000,11881.91,11810,11501,11815,10379,11800,8709,11795,9025
2020-06-08 09:31:25.880000,11881.91,11810,11501,11815,10379,11800,8709,11795,9025
2020-06-08 09:31:26.870000,11881.91,11810,11501,11815,10379,11800,8709,11795,9025
2020-06-08 09:31:27.920000,11881.91,11810,11501,11815,10379,11800,8709,11795,9025
2020-06-08 09:31:28.980000,11881.91,11810,11501,11815,10379,11800,8709,11795,9025
2020-06-08 09:31:29.480000,11881.91,11810,11501,11815,10379,11800,7709,11795,9025
2020-06-08 09:31:30.540000,11881.91,11810,11501,11815,10379,11800,7809,11795,9025
2020-06-08 09:31:30.940000,11881.91,11810,11501,11815,10379,11805,7190,11800,8809
2020-06-08 09:31:32.150000,11881.91,11810,11701,11815,10379,11805,7190,11800,8809
2020-06-08 09:31:32.450000,11882.12,11810,11701,11815,10379,11805,150,11800,8809
2020-06-08 09:31:33.240000,11882.12,11810,11701,11815,10379,11800,8809,11795,9025
2020-06-08 09:31:34.240000,11882.12,11810,11701,11815,10379,11800,8809,11795,9025
2020-06-08 09:31:34.830000,11882.12,11810,11701,11815,10379,11805,7040,11800,8809
2020-06-08 09:31:37.330000,11882.12,11810,11701,11815,10379,11805,7040,11800,8794
2020-06-08 09:31:38.390000,11882.12,11810,11701,11815,10379,11805,7040,11800,8794
2020-06-08 09:31:38.740000,11882.12,11805,1309,11810,11701,11800,8794,11795,9025
2020-06-08 09:31:39.430000,11882.12,11805,9,11810,11701,11800,8794,11795,9025
2020-06-08 09:31:39.940000,11882.12,11805,9,11810,11701,11800,8814,11795,9025
2020-06-08 09:31:40.640000,11882.12,11805,9,11810,11701,11800,8814,11795,9045
2020-06-08 09:31:41.590000,11882.12,11805,9,11810,11701,11800,8814,11795,9045
2020-06-08 09:31:41.970000,11880.47,11805,9,11810,11701,11800,8814,11795,9045
2020-06-08 09:31:43.100000,11880.47,11805,9,11810,13720,11800,8814,11795,7029
2020-06-08 09:31:43.450000,11880.47,11810,13711,11815,10379,11800,8814,11795,9045
2020-06-08 09:31:44.210000,11880.47,11810,13711,11815,10379,11800,8814,11795,7029
2020-06-08 09:31:45.240000,11880.47,11810,13711,11815,10379,11800,8814,11795,7029
2020-06-08 09:31:45.480000,11880.47,11810,13711,11815,10379,11800,8814,11795,7029
2020-06-08 09:31:46.280000,11880.47,11810,13711,11815,10379,11800,7814,11795,7029
2020-06-08 09:31:46.780000,11880.47,11810,13711,11815,10379,11805,20,11800,7814
2020-06-08 09:31:47.860000,11880.47,11810,13711,11815,10379,11800,7814,11795,7029
2020-06-08 09:31:48.150000,11880.47,11810,13711,11815,10379,11800,7814,11795,7029
2020-06-08 09:31:48.880000,11880.47,11810,13711,11815,10379,11805,20,11800,7814
2020-06-08 09:31:49.960000,11880.47,11805,7040,11810,13723,11800,1375,11795,7029
2020-06-08 09:31:50.240000,11880.47,11805,9061,11810,13723,11795,7029,11790,8330
2020-06-08 09:31:50.980000,11880.47,11805,9061,11810,13723,11800,20,11795,7029
2020-06-08 09:31:52.070000,11877.76,11805,9061,11810,13723,11795,3545,11790,6315
2020-06-08 09:31:52.340000,11877.76,11805,9061,11810,14111,11795,40,11790,6315
2020-06-08 09:31:54.130000,11877.76,11805,9061,11810,14111,11795,7080,11790,6315
2020-06-08 09:31:54.340000,11877.76,11805,9061,11810,14111,11795,40,11790,6315
2020-06-08 09:31:56.260000,11877.76,11805,9061,11810,14111,11795,40,11790,6315
2020-06-08 09:31:57.290000,11877.76,11805,9061,11810,14111,11795,40,11790,6315
2020-06-08 09:31:58.320000,11877.76,11805,9061,11810,14094,11795,23,11790,6315
2020-06-08 09:31:58.780000,11877.76,11805,9061,11810,14094,11795,7063,11790,6325
2020-06-08 09:31:59.940000,11877.76,11805,9061,11810,14094,11790,6325,11785,11624
2020-06-08 09:32:00.980000,11877.76,11805,9061,11810,14094,11795,8040,11790,7305
2020-06-08 09:32:02.010000,11877.76,11805,9061,11810,14094,11790,6805,11785,11624
2020-06-08 09:32:02.540000,11880.36,11795,77,11805,9061,11790,6805,11785,11624
2020-06-08 09:32:03.590000,11880.36,11805,9061,11810,14095,11790,6805,11785,11624
2020-06-08 09:32:04.950000,11880.36,11805,9061,11810,14095,11795,7040,11790,6805
2020-06-08 09:32:05.740000,11880.36,11805,7040,11810,12076,11795,7040,11790,6805
2020-06-08 09:32:06.770000,11880.36,11805,9118,11810,14440,11790,6805,11785,11624
2020-06-08 09:32:07.780000,11880.36,11805,9118,11810,14440,11795,1000,11790,6805
2020-06-08 09:32:08.240000,11880.36,11805,9118,11810,14440,11790,6805,11785,11624
2020-06-08 09:32:09.310000,11880.36,11805,9118,11810,14440,11790,6805,11785,11624
2020-06-08 09:32:09.940000,11880.36,11805,9118,11810,14440,11790,6805,11785,11624
2020-06-08 09:32:10.850000,11880.36,11805,9118,11810,14440,11790,6805,11785,11624
2020-06-08 09:32:11.930000,11880.36,11805,9275,11810,14440,11795,1000,11790,6805
2020-06-08 09:32:12.330000,11877.45,11805,9275,11810,14440,11795,8050,11790,6805
2020-06-08 09:32:13.530000,11877.45,11805,9275,11810,14440,11795,8070,11790,6805
2020-06-08 09:32:13.930000,11877.45,11805,9275,11810,14440,11795,1030,11790,6805
2020-06-08 09:32:14.580000,11877.45,11805,9275,11810,14440,11795,8070,11790,6805
2020-06-08 09:32:15.620000,11877.45,11805,9275,11810,14440,11795,8070,11790,6905
2020-06-08 09:32:16.040000,11877.45,11800,151,11805,9218,11795,8070,11790,8920
2020-06-08 09:32:17.230000,11877.45,11800,7148,11805,9218,11795,8070,11790,8920
2020-06-08 09:32:17.580000,11877.45,11800,7148,11805,9218,11795,1030,11790,6905
2020-06-08 09:32:19.760000,11877.45,11800,151,11805,9218,11795,8070,11790,8977
2020-06-08 09:32:20.050000,11877.45,11805,7197,11810,14440,11795,8070,11790,8977
2020-06-08 09:32:21.930000,11877.45,11805,4539,11810,14440,11795,8070,11790,8977
2020-06-08 09:32:22.150000,11878.38,11805,4418,11810,14440,11800,20,11795,8070
2020-06-08 09:32:23.370000,11878.38,11805,5418,11810,14440,11800,20,11795,8090
2020-06-08 09:32:24.500000,11878.38,11805,5418,11810,14440,11800,40,11795,8070
2020-06-08 09:32:24.730000,11878.38,11805,5418,11810,14440,11800,40,11795,8070
2020-06-08 09:32:25.610000,11878.38,11805,5418,11810,14440,11800,40,11795,8070
2020-06-08 09:32:26.710000,11878.38,11805,5418,11810,14440,11800,40,11795,8070
2020-06-08 09:32:26.910000,11878.38,11805,5418,11810,14440,11800,40,11795,8070
2020-06-08 09:32:27.720000,11878.38,11805,5418,11810,14440,11800,40,11795,8070
2020-06-08 09:32:29.230000,11878.38,11805,5418,11810,14440,11800,40,11795,8070
2020-06-08 09:32:30.370000,11878.38,11805,7439,11810,14440,11800,20,11795,7370
2020-06-08 09:32:30.680000,11878.38,11805,7439,11810,14440,11795,330,11790,6925
2020-06-08 09:32:31.880000,11878.38,11800,2022,11805,7439,11790,5925,11785,9267
2020-06-08 09:32:32.340000,11873.56,11800,6997,11805,7439,11795,1,11790,5925
2020-06-08 09:32:33.930000,11873.56,11800,9019,11805,7439,11795,1,11790,5925
2020-06-08 09:32:35.090000,11873.56,11800,6997,11805,7439,11795,1,11790,5925
2020-06-08 09:32:35.340000,11873.56,11800,5653,11805,7439,11795,1,11790,5945
2020-06-08 09:32:36.200000,11873.56,11800,5653,11805,7439,11795,7041,11790,5945
2020-06-08 09:32:37.210000,11873.56,11805,7439,11810,14440,11795,7041,11790,5945
2020-06-08 09:32:37.790000,11873.56,11805,7439,11810,14140,11795,7041,11790,5945
2020-06-08 09:32:38.760000,11873.56,11805,7439,11810,14140,11795,7041,11790,5945
2020-06-08 09:32:39.880000,11873.56,11805,5418,11810,14140,11800,1000,11795,8041
2020-06-08 09:32:40.870000,11873.56,11805,7939,11810,14140,11795,8041,11790,8132
2020-06-08 09:32:41.230000,11873.56,11805,5918,11810,14140,11795,8041,11790,8132
2020-06-08 09:32:42.040000,11869.74,11805,5918,11810,14140,11800,1000,11795,8041
2020-06-08 09:32:43.030000,11869.74,11805,5918,11810,14140,11800,900,11795,8041
2020-06-08 09:32:44.000000,11869.74,11805,1657,11810,14140,11800,7339,11795,8041
2020-06-08 09:32:44.340000,11869.74,11805,657,11810,11776,11800,7439,11795,8041
2020-06-08 09:32:45.140000,11869.74,11805,1257,11810,13853,11800,7471,11795,8041
2020-06-08 09:32:47.190000,11869.74,11805,1257,11810,13853,11800,7471,11795,8041
2020-06-08 09:32:48.200000,11869.74,11805,8297,11810,13853,11800,1032,11795,8041
2020-06-08 09:32:48.430000,11869.74,11805,8297,11810,13853,11800,1032,11795,8041
2020-06-08 09:32:49.280000,11869.74,11805,8297,11810,13853,11800,1032,11795,8141
2020-06-08 09:32:50.310000,11869.74,11805,11375,11810,13853,11795,8141,11790,8132
2020-06-08 09:32:51.320000,11869.74,11805,9297,11810,13853,11795,8141,11790,7960
2020-06-08 09:32:51.840000,11869.47,11805,9297,11810,13853,11800,1000,11795,8141
2020-06-08 09:32:52.890000,11869.47,11805,2257,11810,13853,11800,7459,11795,8141
2020-06-08 09:32:54.350000,11869.47,11805,9297,11810,13853,11800,7459,11795,8141
2020-06-08 09:32:55.730000,11869.47,11805,9297,11810,13853,11800,7459,11795,8141
2020-06-08 09:32:56.540000,11869.47,11805,9307,11810,13853,11800,7459,11795,8141
2020-06-08 09:32:57.000000,11869.47,11805,9307,11810,13853,11800,7459,11795,8141
2020-06-08 09:33:00.230000,11869.47,11805,9307,11810,13853,11800,20,11795,8141
2020-06-08 09:33:00.840000,11869.47,11800,5653,11805,11328,11795,8141,11790,5945
2020-06-08 09:33:02.340000,11865.75,11800,5653,11805,11328,11795,1101,11790,5945
2020-06-08 09:33:03.040000,11865.75,11800,5653,11805,11328,11795,1101,11790,5945
2020-06-08 09:33:03.930000,11865.75,11800,5653,11805,11328,11795,1101,11790,5945
2020-06-08 09:33:04.960000,11865.75,11800,5553,11805,11328,11795,1101,11790,5945
2020-06-08 09:33:05.430000,11865.75,11805,11328,11810,13853,11795,8141,11790,5945
2020-06-08 09:33:06.500000,11865.75,11800,100,11805,11328,11795,8141,11790,5945
2020-06-08 09:33:07.500000,11865.75,11800,5653,11805,11328,11795,8141,11790,5945
2020-06-08 09:33:09.020000,11865.75,11800,5653,11805,11328,11795,8141,11790,5945
2020-06-08 09:33:09.340000,11865.75,11800,5653,11805,11328,11795,8141,11790,5945
2020-06-08 09:33:10.120000,11865.75,11800,100,11805,11328,11795,8141,11790,5945
2020-06-08 09:33:11.150000,11865.75,11800,5653,11805,11328,11795,1101,11790,5945
2020-06-08 09:33:11.730000,11865.75,11800,5653,11805,11328,11795,1101,11790,5945
2020-06-08 09:33:14.280000,11866.97,11800,7675,11805,11328,11795,101,11790,5945
2020-06-08 09:33:15.430000,11866.97,11800,7675,11805,11328,11795,101,11790,5945
2020-06-08 09:33:15.830000,11866.97,11795,2899,11800,5653,11790,6945,11785,11358
2020-06-08 09:33:16.980000,11866.97,11795,2889,11800,7675,11790,6955,11785,11358
2020-06-08 09:33:17.460000,11866.97,11795,8212,11800,7675,11790,6955,11785,11368
2020-06-08 09:33:19.340000,11866.97,11795,8212,11800,7685,11790,6955,11785,11368
2020-06-08 09:33:20.180000,11866.97,11795,8212,11800,7685,11790,6955,11785,9297
2020-06-08 09:33:20.640000,11866.97,11795,8212,11800,7685,11790,1391,11785,9297
2020-06-08 09:33:21.710000,11866.97,11795,9212,11800,7685,11790,391,11785,7147
2020-06-08 09:33:24.340000,11865.74,11795,9212,11800,7685,11785,8147,11780,10848
2020-06-08 09:33:25.750000,11865.74,11795,9452,11800,7685,11790,1000,11785,8147
2020-06-08 09:33:26.480000,11865.74,11795,9452,11800,7685,11785,8147,11780,10848
2020-06-08 09:33:27.550000,11865.74,11795,9452,11800,7685,11785,8147,11780,10858
2020-06-08 09:33:27.840000,11865.74,11795,9452,11800,7685,11785,8147,11780,10858
2020-06-08 09:33:28.520000,11865.74,11795,9452,11800,7685,11785,8147,11780,10858
2020-06-08 09:33:29.610000,11865.74,11795,9452,11800,7685,11785,8147,11780,10858
2020-06-08 09:33:30.610000,11865.74,11795,3129,11800,5663,11790,1000,11785,10161
2020-06-08 09:33:31.050000,11865.74,11800,6563,11805,11116,11790,6564,11785,10151
2020-06-08 09:33:32.540000,11861.84,11800,6563,11805,11116,11790,6564,11785,10151
2020-06-08 09:33:34.840000,11861.84,11800,6563,11805,11116,11795,50,11790,6564
2020-06-08 09:33:35.920000,11861.84,11800,6563,11805,11116,11790,6564,11785,10151
2020-06-08 09:33:37.170000,11861.84,11800,6563,11805,11116,11790,6564,11785,10151
2020-06-08 09:33:39.060000,11861.84,11800,6563,11805,11116,11790,6564,11785,10151
2020-06-08 09:33:40.130000,11861.84,11800,1167,11805,10959,11795,7040,11790,8579
2020-06-08 09:33:40.540000,11861.84,11800,6720,11805,10959,11795,6161,11790,6564
2020-06-08 09:33:41.680000,11861.84,11800,6720,11805,10959,11790,6549,11785,10151
2020-06-08 09:33:43.440000,11862.99,11800,7720,11805,10959,11790,6549,11785,10151
2020-06-08 09:33:44.300000,11862.99,11800,9799,11805,10959,11790,6549,11785,10151
2020-06-08 09:33:47.430000,11862.99,11800,9799,11805,10959,11795,1344,11790,6549
2020-06-08 09:33:47.930000,11862.99,11795,80,11800,9799,11790,5564,11785,10151
2020-06-08 09:33:49.000000,11862.99,11795,62,11800,9800,11790,5564,11785,10151
2020-06-08 09:33:51.100000,11862.99,11795,62,11800,9800,11790,5351,11785,10151
2020-06-08 09:33:52.370000,11859.72,11795,62,11800,7721,11790,6351,11785,10151
2020-06-08 09:33:54.250000,11859.72,11795,5385,11800,9743,11790,6351,11785,8137
2020-06-08 09:33:55.290000,11859.72,11795,5385,11800,9743,11790,1000,11785,8137
2020-06-08 09:33:55.740000,11859.72,11795,5385,11800,9743,11785,8137,11780,10838
2020-06-08 09:33:56.490000,11859.72,11795,5385,11800,9743,11790,1000,11785,8137
2020-06-08 09:33:57.940000,11859.72,11795,5405,11800,9743,11785,8137,11780,10838
2020-06-08 09:33:59.430000,11859.72,11795,5405,11800,9743,11785,8137,11780,10838
2020-06-08 09:34:00.610000,11859.72,11795,5405,11800,9743,11790,1000,11785,8097
2020-06-08 09:34:01.040000,11859.72,11795,82,11800,9743,11790,6351,11785,8097
2020-06-08 09:34:02.780000,11860.95,11795,2,11800,9743,11790,6351,11785,8097
2020-06-08 09:34:03.730000,11860.95,11800,7721,11805,10959,11790,6351,11785,8097
2020-06-08 09:34:04.230000,11860.95,11800,7721,11805,10959,11790,6351,11785,10111
2020-06-08 09:34:05.670000,11860.95,11800,6214,11805,10959,11790,6351,11785,10111
2020-06-08 09:34:06.450000,11860.95,11800,1001,11805,10959,11795,6161,11790,8366
2020-06-08 09:34:07.420000,11860.95,11805,8938,11810,13853,11800,1080,11795,7161
2020-06-08 09:34:08.460000,11860.95,11805,8938,11810,13853,11800,80,11795,7161
2020-06-08 09:34:08.640000,11860.95,11805,8938,11810,13853,11800,80,11795,7161
2020-06-08 09:34:09.520000,11860.95,11800,2,11805,8938,11795,7161,11790,6351
2020-06-08 09:34:09.930000,11860.95,11800,7040,11805,10959,11795,7161,11790,6351
2020-06-08 09:34:10.680000,11860.95,11800,7040,11805,10959,11795,7161,11790,6351
2020-06-08 09:34:11.610000,11860.95,11800,7040,11805,10959,11795,7161,11790,6351
2020-06-08 09:34:13.710000,11857.55,11800,7040,11805,10959,11795,7161,11790,6351
2020-06-08 09:34:14.750000,11857.55,11800,7030,11805,10959,11795,1000,11790,6351
2020-06-08 09:34:15.810000,11857.55,11800,7032,11805,10959,11790,6351,11785,10111
2020-06-08 09:34:16.870000,11857.55,11800,7032,11805,10959,11790,6351,11785,10111
2020-06-08 09:34:17.140000,11857.55,11800,7035,11805,11559,11790,6351,11785,10112
2020-06-08 09:34:17.850000,11857.55,11800,9057,11805,11559,11790,6351,11785,10112
2020-06-08 09:34:18.980000,11857.55,11800,7035,11805,11559,11790,6351,11785,10112
2020-06-08 09:34:19.500000,11857.55,11800,10539,11805,11559,11790,6381,11785,10112
2020-06-08 09:34:20.450000,11857.55,11800,10539,11805,11559,11790,6381,11785,10142
2020-06-08 09:34:20.830000,11857.55,11800,10539,11805,11759,11790,6381,11785,10142
2020-06-08 09:34:21.540000,11857.55,11800,10539,11805,11759,11790,6381,11785,10142
2020-06-08 09:34:22.140000,11857.55,11800,10539,11805,11759,11790,6381,11785,10142
2020-06-08 09:34:23.340000,11861.09,11800,10539,11805,11759,11790,6381,11785,10142
2020-06-08 09:34:25.170000,11861.09,11800,10539,11805,11759,11790,6381,11785,10142
2020-06-08 09:34:26.260000,11861.09,11800,10539,11805,11759,11795,6156,11790,6381
2020-06-08 09:34:26.610000,11861.09,11800,3509,11805,11759,11795,6156,11790,6381
2020-06-08 09:34:27.790000,11861.09,11800,3509,11805,11759,11795,6156,11790,6396
2020-06-08 09:34:28.040000,11861.09,11800,10539,11805,11759,11790,6396,11785,10142
2020-06-08 09:34:28.870000,11861.09,11800,10539,11805,11759,11790,6396,11785,10142
2020-06-08 09:34:30.180000,11861.09,11800,3507,11805,9738,11795,6156,11790,8411
2020-06-08 09:34:31.030000,11861.09,11800,3406,11805,9738,11795,7156,11790,8411
2020-06-08 09:34:32.070000,11861.09,11805,2698,11810,14353,11800,306,11795,7156
2020-06-08 09:34:32.640000,11858.91,11805,9738,11810,12276,11800,6745,11795,7156
2020-06-08 09:34:33.670000,11858.91,11805,2503,11810,14295,11800,6745,11795,7156
2020-06-08 09:34:34.680000,11858.91,11805,2265,11810,14295,11800,6745,11795,9172
2020-06-08 09:34:35.710000,11858.91,11805,2265,11810,14295,11800,6745,11795,7156
2020-06-08 09:34:36.660000,11858.91,11805,2265,11810,14295,11800,6745,11795,9172
2020-06-08 09:34:36.970000,11858.91,11805,2265,11810,14295,11800,6745,11795,9172
2020-06-08 09:34:38.270000,11858.91,11805,2265,11810,14095,11800,6745,11795,9172
2020-06-08 09:34:39.910000,11858.91,11805,1265,11810,14095,11800,6745,11795,9172
2020-06-08 09:34:44.030000,11865.06,11805,1265,11810,12076,11800,6745,11795,9172
2020-06-08 09:34:44.280000,11865.06,11805,1265,11810,14095,11800,6745,11795,9172
2020-06-08 09:34:45.100000,11865.06,11805,1265,11810,12076,11800,6745,11795,9172
2020-06-08 09:34:46.150000,11865.06,11805,8305,11810,14095,11800,6745,11795,7156
2020-06-08 09:34:46.510000,11865.06,11805,8305,11810,14095,11800,306,11795,7156
2020-06-08 09:34:47.730000,11865.06,11805,9305,11810,14095,11800,306,11795,7156
2020-06-08 09:34:48.130000,11865.06,11805,9305,11810,14095,11795,7156,11790,8411
2020-06-08 09:34:49.320000,11865.06,11800,1000,11805,11326,11795,7156,11790,8411
2020-06-08 09:34:49.770000,11865.06,11800,8030,11805,11326,11795,1000,11790,6396
2020-06-08 09:34:51.040000,11865.06,11800,8030,11805,11326,11795,1000,11790,6396
2020-06-08 09:34:51.930000,11865.06,11800,8030,11805,11326,11790,6396,11785,10142
2020-06-08 09:34:52.990000,11865.27,11800,8030,11805,11326,11790,6396,11785,10142
2020-06-08 09:34:53.260000,11865.27,11800,8030,11805,11326,11790,6396,11785,10142
2020-06-08 09:34:54.230000,11865.27,11800,8030,11805,11326,11790,3116,11785,10142
2020-06-08 09:34:55.170000,11865.27,11800,8780,11805,11326,11790,3116,11785,10142
2020-06-08 09:34:57.270000,11865.27,11800,8780,11805,11326,11790,3116,11785,10142
2020-06-08 09:34:58.810000,11865.27,11800,10802,11805,11326,11795,1344,11790,3116
2020-06-08 09:34:59.890000,11865.27,11800,10802,11805,11326,11790,3116,11785,10142
2020-06-08 09:35:00.360000,11865.27,11795,5323,11800,10802,11790,8116,11785,10142
2020-06-08 09:35:01.420000,11865.27,11795,5323,11800,10802,11790,5045,11785,8128
2020-06-08 09:35:01.880000,11865.27,11795,5323,11800,10802,11790,5095,11785,8128
2020-06-08 09:35:03.020000,11862.14,11795,5323,11800,10802,11790,5095,11785,8128
2020-06-08 09:35:03.360000,11862.14,11795,5323,11800,10802,11790,5095,11785,8178
2020-06-08 09:35:05.070000,11862.14,11795,8346,11800,10802,11785,8178,11780,10543
2020-06-08 09:35:06.710000,11862.14,11790,408,11795,8346,11785,8178,11780,10543
2020-06-08 09:35:07.140000,11862.14,11790,7448,11795,8346,11785,1195,11780,8531
2020-06-08 09:35:07.860000,11862.14,11790,7448,11795,8346,11785,1195,11780,8531
2020-06-08 09:35:08.740000,11862.14,11790,7448,11795,8346,11785,8178,11780,8531
2020-06-08 09:35:09.830000,11862.14,11790,7448,11795,8346,11785,1195,11780,8531
2020-06-08 09:35:10.070000,11862.14,11790,8040,11795,8346,11785,195,11780,8531
2020-06-08 09:35:10.810000,11862.14,11790,8040,11795,8346,11785,195,11780,8531
2020-06-08 09:35:11.950000,11862.14,11790,8040,11795,8346,11785,195,11780,8531
2020-06-08 09:35:12.570000,11860.36,11790,8040,11795,8346,11785,95,11780,8531
2020-06-08 09:35:13.520000,11860.36,11790,10215,11795,8346,11780,8531,11775,9062
2020-06-08 09:35:14.570000,11860.36,11790,8190,11795,8346,11780,8531,11775,9062
2020-06-08 09:35:14.780000,11860.36,11790,8190,11795,8346,11780,8531,11775,9062
2020-06-08 09:35:16.600000,11860.36,11790,8190,11795,8346,11780,9531,11775,9062
2020-06-08 09:35:16.760000,11860.36,11790,8190,11795,8346,11780,9431,11775,9062
2020-06-08 09:35:17.730000,11860.36,11790,8190,11795,8346,11785,1000,11780,9431
2020-06-08 09:35:18.240000,11860.36,11790,8190,11795,8346,11785,1000,11780,9431
2020-06-08 09:35:19.320000,11860.36,11790,8190,11795,8346,11785,1010,11780,9431
2020-06-08 09:35:19.550000,11860.36,11790,8190,11795,8346,11785,7993,11780,9431
2020-06-08 09:35:21.490000,11860.36,11790,150,11795,6323,11785,7993,11780,11443
2020-06-08 09:35:22.490000,11858.5,11795,8346,11800,10802,11785,7993,11780,11443
2020-06-08 09:35:23.540000,11858.5,11795,6323,11800,10802,11785,7993,11780,11443
2020-06-08 09:35:23.860000,11858.5,11795,6323,11800,10802,11785,7993,11780,11443
2020-06-08 09:35:25.690000,11858.5,11795,6323,11800,10802,11790,30,11785,7993
2020-06-08 09:35:26.680000,11858.5,11795,6323,11800,10802,11785,7380,11780,11443
2020-06-08 09:35:26.940000,11858.5,11795,6323,11800,10802,11785,7380,11780,11473
2020-06-08 09:35:27.810000,11858.5,11795,8346,11800,10802,11785,7380,11780,9461
2020-06-08 09:35:28.290000,11858.5,11790,1000,11795,8346,11785,397,11780,9461
2020-06-08 09:35:29.340000,11858.5,11790,8040,11795,8346,11785,397,11780,9461
2020-06-08 09:35:29.680000,11858.5,11790,8040,11795,8346,11785,397,11780,9461
2020-06-08 09:35:30.950000,11858.5,11790,10065,11795,8346,11785,90,11780,9461
2020-06-08 09:35:31.230000,11858.5,11790,10065,11795,8946,11785,90,11780,9461
2020-06-08 09:35:32.040000,11858.5,11790,10065,11795,8946,11785,90,11780,9461
2020-06-08 09:35:33.430000,11859.13,11790,1000,11795,6923,11785,7073,11780,9461
2020-06-08 09:35:33.970000,11859.13,11790,1000,11795,6923,11785,7073,11780,11473
2020-06-08 09:35:34.580000,11859.13,11790,1000,11795,8946,11785,8073,11780,11473
2020-06-08 09:35:35.800000,11859.13,11795,6923,11800,10803,11785,8073,11780,11473
2020-06-08 09:35:38.430000,11859.13,11795,6923,11800,10803,11785,8073,11780,11473
2020-06-08 09:35:40.440000,11859.13,11790,1000,11795,8946,11785,8073,11780,11473
2020-06-08 09:35:41.400000,11859.13,11795,6923,11800,10803,11785,8073,11780,11473
2020-06-08 09:35:42.910000,11858.49,11795,6923,11800,10803,11785,8073,11780,11473
2020-06-08 09:35:43.270000,11858.49,11795,8946,11800,10803,11785,8073,11780,9461
2020-06-08 09:35:45.230000,11858.49,11795,8946,11800,10803,11785,8053,11780,9461
2020-06-08 09:35:46.430000,11858.49,11790,503,11795,8946,11785,8053,11780,9461
2020-06-08 09:35:47.040000,11858.49,11790,7543,11795,8946,11785,8053,11780,9461
2020-06-08 09:35:48.720000,11858.49,11790,7543,11795,8946,11785,8053,11780,9461
2020-06-08 09:35:50.110000,11858.49,11790,7543,11795,8946,11785,8053,11780,9461
2020-06-08 09:35:51.200000,11858.49,11790,7543,11795,8946,11785,8053,11780,9461
2020-06-08 09:35:51.840000,11860.67,11790,503,11795,8946,11785,8053,11780,9461
2020-06-08 09:35:52.910000,11860.67,11790,503,11795,8946,11785,8053,11780,11473
2020-06-08 09:35:53.370000,11860.67,11790,503,11795,8946,11785,8053,11780,9461
2020-06-08 09:35:54.030000,11860.67,11790,7543,11795,8946,11785,1070,11780,9461
2020-06-08 09:35:55.040000,11860.67,11790,8543,11795,8946,11785,50,11780,9461
2020-06-08 09:35:57.140000,11860.67,11790,8543,11795,8946,11785,50,11780,9461
2020-06-08 09:35:57.410000,11860.67,11790,1503,11795,8946,11785,7033,11780,9431
2020-06-08 09:35:58.200000,11860.67,11790,1503,11795,8946,11785,7033,11780,9431
2020-06-08 09:35:59.210000,11860.67,11790,8543,11795,8946,11785,7033,11780,9431
2020-06-08 09:35:59.530000,11860.67,11790,8483,11795,8946,11785,50,11780,9431
2020-06-08 09:36:00.300000,11860.67,11785,1000,11790,10508,11780,9431,11775,6622
2020-06-08 09:36:01.350000,11860.67,11785,1000,11790,10508,11780,9431,11775,8633
2020-06-08 09:36:03.840000,11861.4,11790,8483,11795,8946,11780,9431,11775,8633
2020-06-08 09:36:05.010000,11861.4,11790,8483,11795,8946,11780,9431,11775,8633
2020-06-08 09:36:05.260000,11861.4,11790,8483,11795,8946,11780,9431,11775,8633
2020-06-08 09:36:06.080000,11861.4,11790,8483,11795,8946,11780,9431,11775,8603
2020-06-08 09:36:07.540000,11861.4,11790,8483,11795,8946,11785,80,11780,9431
2020-06-08 09:36:11.310000,11861.4,11790,8040,11795,8946,11785,80,11780,9431
2020-06-08 09:36:11.450000,11861.4,11785,1000,11790,8040,11780,9431,11775,8603
2020-06-08 09:36:12.370000,11861.4,11785,1000,11790,10065,11780,8231,11775,6592
2020-06-08 09:36:12.880000,11862.26,11785,8321,11790,10065,11780,191,11775,6592
2020-06-08 09:36:13.930000,11862.26,11785,8321,11790,10065,11775,153,11770,8910
2020-06-08 09:36:14.340000,11862.26,11785,9011,11790,10065,11775,153,11770,8910
2020-06-08 09:36:15.550000,11862.26,11785,9011,11790,10065,11775,153,11770,8910
2020-06-08 09:36:15.970000,11862.26,11780,2027,11785,9011,11775,153,11770,8910
2020-06-08 09:36:17.070000,11862.26,11785,9011,11790,10065,11775,6592,11770,8910
2020-06-08 09:36:17.340000,11862.26,11780,1000,11785,6985,11775,6592,11770,10890
2020-06-08 09:36:18.580000,11862.26,11780,1000,11785,6985,11775,7592,11770,10890
2020-06-08 09:36:19.770000,11862.26,11780,1000,11785,9011,11775,7592,11770,10890
2020-06-08 09:36:20.720000,11862.26,11785,6985,11790,10065,11775,7592,11770,10890
2020-06-08 09:36:21.170000,11862.26,11780,255,11785,9756,11775,7592,11770,8880
2020-06-08 09:36:22.320000,11862.26,11785,9756,11790,10065,11775,7592,11770,10890
2020-06-08 09:36:22.850000,11853.18,11785,9756,11790,10065,11775,7592,11770,10890
2020-06-08 09:36:24.940000,11853.18,11785,9097,11790,10065,11775,7592,11770,10890
2020-06-08 09:36:26.270000,11853.18,11785,7071,11790,10065,11775,7592,11770,10890
2020-06-08 09:36:27.080000,11853.18,11785,7071,11790,10065,11780,1000,11775,7592
2020-06-08 09:36:28.060000,11853.18,11785,6971,11790,10065,11775,7592,11770,10890
2020-06-08 09:36:30.210000,11853.18,11780,255,11785,8997,11775,7592,11770,10890
2020-06-08 09:36:32.750000,11853.73,11780,255,11785,8997,11775,7592,11770,10890
2020-06-08 09:36:34.340000,11853.73,11785,8997,11790,10065,11775,7592,11770,10890
2020-06-08 09:36:37.010000,11853.73,11780,255,11785,8997,11775,7592,11770,10890
2020-06-08 09:36:37.270000,11853.73,11780,7295,11785,8997,11775,7592,11770,8880
2020-06-08 09:36:38.040000,11853.73,11780,7295,11785,8997,11775,1153,11770,8880
2020-06-08 09:36:38.540000,11853.73,11780,7295,11785,8997,11775,1153,11770,8880
2020-06-08 09:36:39.590000,11853.73,11780,7295,11785,8997,11775,1153,11770,8880
2020-06-08 09:36:39.940000,11853.73,11780,7295,11785,9007,11775,1153,11770,8880
2020-06-08 09:36:41.700000,11853.73,11780,7295,11785,9007,11775,153,11770,8880
2020-06-08 09:36:42.760000,11853.73,11780,7295,11785,9007,11775,113,11770,8880
2020-06-08 09:36:43.790000,11852.97,11780,7295,11785,9007,11775,113,11770,8880
2020-06-08 09:36:44.240000,11852.97,11780,7295,11785,9007,11775,313,11770,8880
2020-06-08 09:36:45.280000,11852.97,11780,7295,11785,9007,11775,313,11770,8880
2020-06-08 09:36:47.440000,11852.97,11780,9322,11785,9007,11775,313,11770,8880
2020-06-08 09:36:49.020000,11852.97,11780,7295,11785,9007,11775,6752,11770,8880
2020-06-08 09:36:49.280000,11852.97,11780,255,11785,6981,11775,7752,11770,10890
2020-06-08 09:36:50.110000,11852.97,11785,6981,11790,10065,11775,7752,11770,10890
2020-06-08 09:36:51.360000,11849.62,11785,9007,11790,10065,11780,20,11775,7752
2020-06-08 09:36:52.200000,11849.62,11780,690,11785,8317,11775,7752,11770,10890
2020-06-08 09:36:53.240000,11849.62,11785,8317,11790,10065,11775,7752,11770,10890
2020-06-08 09:36:54.300000,11849.62,11780,235,11785,8317,11775,7752,11770,10890
2020-06-08 09:36:55.350000,11849.62,11785,6291,11790,10065,11775,7752,11770,10890
2020-06-08 09:36:56.430000,11849.62,11785,6291,11790,10065,11780,1000,11775,7752
2020-06-08 09:36:59.380000,11849.62,11785,1010,11790,10065,11780,8040,11775,7752
2020-06-08 09:37:01.140000,11849.62,11785,6291,11790,10065,11780,8040,11775,7752
2020-06-08 09:37:01.780000,11849.62,11780,178,11785,8317,11775,7752,11770,10890
2020-06-08 09:37:02.730000,11846.83,11780,7218,11785,8317,11775,1313,11770,8880
2020-06-08 09:37:03.330000,11846.83,11785,8317,11790,10065,11775,7752,11770,8880
2020-06-08 09:37:04.320000,11846.83,11785,6291,11790,10065,11775,7752,11770,10890
2020-06-08 09:37:05.360000,11846.83,11785,6291,11790,10065,11775,7752,11770,10890
2020-06-08 09:37:06.590000,11846.83,11785,6291,11790,10065,11780,1000,11775,7752
2020-06-08 09:37:07.470000,11846.83,11785,6291,11790,10065,11780,1000,11775,7752
2020-06-08 09:37:07.740000,11846.83,11785,6291,11790,10065,11780,1000,11775,7752
2020-06-08 09:37:08.510000,11846.83,11785,6291,11790,10065,11780,1000,11775,7752
2020-06-08 09:37:09.570000,11846.83,11785,511,11790,10065,11780,8040,11775,7752
2020-06-08 09:37:10.180000,11846.83,11785,4279,11790,10065,11780,8040,11775,7752
2020-06-08 09:37:11.110000,11846.83,11785,400,11790,10065,11780,8040,11775,7752
2020-06-08 09:37:12.160000,11846.83,11790,10065,11795,9334,11785,400,11780,8040
2020-06-08 09:37:12.740000,11843.08,11790,10065,11795,9362,11785,400,11780,8040
2020-06-08 09:37:13.730000,11843.08,11790,8040,11795,9362,11780,8040,11775,7752
2020-06-08 09:37:14.760000,11843.08,11790,8040,11795,9362,11780,8040,11775,7752
2020-06-08 09:37:15.000000,11843.08,11790,10122,11795,9362,11780,8040,11775,7752
2020-06-08 09:37:15.830000,11843.08,11785,1000,11790,10122,11780,8040,11775,7752
2020-06-08 09:37:16.340000,11843.08,11785,7040,11790,10122,11780,1000,11775,7752
2020-06-08 09:37:17.440000,11843.08,11790,10122,11795,9362,11780,8040,11775,7752
2020-06-08 09:37:18.480000,11843.08,11785,1000,11790,10122,11780,8040,11775,7752
2020-06-08 09:37:19.470000,11843.08,11785,7040,11790,10122,11780,8040,11775,7755
2020-06-08 09:37:19.690000,11843.08,11790,10122,11795,9362,11780,1000,11775,7755
2020-06-08 09:37:20.590000,11843.08,11785,1000,11790,10122,11780,1000,11775,7755
2020-06-08 09:37:20.780000,11843.08,11785,8040,11790,10122,11780,1000,11775,7755
2020-06-08 09:37:21.580000,11843.08,11785,8040,11790,10122,11780,1000,11775,7755
2020-06-08 09:37:23.150000,11848.75,11785,6695,11790,10122,11780,1000,11775,7755
2020-06-08 09:37:26.800000,11848.75,11785,6695,11790,10122,11780,1000,11775,7755
2020-06-08 09:37:27.200000,11848.75,11785,6686,11790,10122,11780,1000,11775,7755
2020-06-08 09:37:28.170000,11848.75,11785,6686,11790,10122,11780,1000,11775,7755
2020-06-08 09:37:28.980000,11848.75,11785,6686,11790,10122,11780,1000,11775,7755
2020-06-08 09:37:29.490000,11848.75,11785,9712,11790,10122,11775,7755,11770,8880
2020-06-08 09:37:32.120000,11848.45,11780,526,11785,9712,11775,1316,11770,8880
2020-06-08 09:37:33.170000,11848.45,11780,9593,11785,9712,11775,1316,11770,8880
2020-06-08 09:37:33.550000,11848.45,11780,10067,11785,9712,11770,8880,11765,9806
2020-06-08 09:37:34.740000,11848.45,11780,10067,11785,9712,11770,9880,11765,9806
2020-06-08 09:37:35.760000,11848.45,11780,10067,11785,9712,11775,9,11770,9880
2020-06-08 09:37:38.890000,11848.45,11780,10067,11785,9712,11775,9,11770,9880
2020-06-08 09:37:39.110000,11848.45,11780,8040,11785,9712,11775,9,11770,9880
2020-06-08 09:37:39.980000,11848.45,11780,8040,11785,9712,11775,8802,11770,9880
2020-06-08 09:37:40.440000,11848.45,11780,8040,11785,9712,11775,10802,11770,9880
2020-06-08 09:37:41.550000,11848.45,11785,9712,11790,10122,11775,11802,11770,11956
2020-06-08 09:37:42.040000,11848.59,11785,9712,11790,10122,11780,1000,11775,11802
2020-06-08 09:37:43.140000,11848.59,11785,9712,11790,10122,11775,11802,11770,11956
2020-06-08 09:37:43.570000,11848.59,11785,7686,11790,10122,11780,1000,11775,11802
2020-06-08 09:37:44.190000,11848.59,11785,7686,11790,10122,11780,8040,11775,11802
2020-06-08 09:37:45.270000,11848.59,11785,1000,11790,10122,11780,8040,11775,11802
2020-06-08 09:37:45.480000,11848.59,11790,8040,11795,9362,11780,8040,11775,11802
2020-06-08 09:37:46.270000,11848.59,11790,8040,11795,9362,11780,8040,11775,13813
2020-06-08 09:37:46.440000,11848.59,11790,10122,11795,9362,11780,8040,11775,11802
2020-06-08 09:37:46.880000,11848.59,11785,1000,11790,10122,11780,1000,11775,11802
2020-06-08 09:37:47.890000,11848.59,11785,7686,11790,10122,11780,1000,11775,11802
2020-06-08 09:37:49.970000,11848.59,11780,1150,11785,7686,11775,11802,11770,11956
2020-06-08 09:37:50.330000,11848.59,11785,7686,11790,10122,11780,200,11775,11802
2020-06-08 09:37:52.370000,11849.22,11785,9769,11790,10122,11775,11802,11770,11956
2020-06-08 09:37:53.220000,11849.22,11780,7040,11785,9769,11775,11802,11770,9889
2020-06-08 09:37:55.270000,11849.22,11785,9769,11790,10122,11775,11802,11770,9889
2020-06-08 09:37:56.300000,11849.22,11785,9769,11790,10122,11775,11802,11770,9889
2020-06-08 09:37:58.440000,11849.22,11785,7686,11790,10122,11775,11802,11770,11899
2020-06-08 09:37:59.900000,11849.22,11785,6686,11790,10122,11775,11802,11770,11899
2020-06-08 09:38:01.020000,11849.22,11790,10122,11795,9362,11775,11802,11770,11899
2020-06-08 09:38:01.340000,11850.66,11785,1000,11790,10122,11775,9802,11770,11899
2020-06-08 09:38:02.140000,11850.66,11785,7686,11790,10122,11775,9802,11770,11899
2020-06-08 09:38:04.180000,11850.66,11785,7686,11790,10122,11775,9802,11770,11899
2020-06-08 09:38:04.560000,11850.66,11785,7686,11790,10122,11775,9802,11770,11899
2020-06-08 09:38:05.730000,11850.66,11785,7686,11790,10122,11775,9802,11770,11899
2020-06-08 09:38:05.970000,11850.66,11785,7686,11790,10122,11775,9802,11770,11899
2020-06-08 09:38:08.280000,11850.66,11785,9712,11790,10122,11775,9802,11770,11899
2020-06-08 09:38:10.410000,11850.66,11785,7686,11790,10122,11775,9802,11770,11899
2020-06-08 09:38:11.450000,11850.66,11785,7786,11790,10122,11775,9802,11770,11899
2020-06-08 09:38:12.040000,11850.66,11785,7786,11790,10122,11775,9802,11770,11899
2020-06-08 09:38:13.030000,11853.94,11785,7786,11790,10122,11775,9802,11770,11899
2020-06-08 09:38:14.140000,11853.94,11785,100,11790,10122,11775,9802,11770,11899
2020-06-08 09:38:15.030000,11853.94,11785,100,11790,10122,11775,11813,11770,11899
2020-06-08 09:38:15.380000,11853.94,11790,8040,11795,9362,11775,11813,11770,11899
2020-06-08 09:38:16.180000,11853.94,11790,10065,11795,9362,11775,11813,11770,11869
2020-06-08 09:38:17.150000,11853.94,11785,1000,11790,10065,11775,9802,11770,11869
2020-06-08 09:38:18.170000,11853.94,11785,7886,11790,10065,11780,6,11775,9802
2020-06-08 09:38:18.600000,11853.94,11785,7886,11790,10065,11775,9802,11770,11869
2020-06-08 09:38:19.820000,11853.94,11785,7886,11790,10065,11775,9802,11770,11869
2020-06-08 09:38:20.880000,11853.94,11785,9969,11790,10065,11775,9802,11770,9859
2020-06-08 09:38:21.910000,11853.94,11780,7040,11785,10089,11775,9802,11770,9859
2020-06-08 09:38:22.920000,11855.44,11780,7040,11785,10089,11775,9802,11770,9859
2020-06-08 09:38:23.440000,11855.44,11780,7040,11785,10089,11775,3363,11770,9859
2020-06-08 09:38:24.540000,11855.44,11780,8040,11785,10089,11775,3290,11770,9859
2020-06-08 09:38:25.600000,11855.44,11780,1000,11785,10089,11775,9729,11770,9859
2020-06-08 09:38:26.660000,11855.44,11780,1000,11785,10089,11775,9719,11770,9859
2020-06-08 09:38:27.030000,11855.44,11780,8040,11785,10089,11775,9719,11770,9859
2020-06-08 09:38:28.160000,11855.44,11780,8040,11785,10089,11775,9719,11770,9859
2020-06-08 09:38:29.250000,11855.44,11780,8039,11785,10089,11775,9719,11770,9859
2020-06-08 09:38:30.250000,11855.44,11780,8039,11785,10089,11775,9719,11770,9859
2020-06-08 09:38:30.580000,11855.44,11780,999,11785,10089,11775,9719,11770,9859
2020-06-08 09:38:32.290000,11855.44,11780,999,11785,10089,11775,9818,11770,9859
2020-06-08 09:38:33.400000,11854.31,11785,10089,11790,10065,11775,9818,11770,9859
2020-06-08 09:38:33.870000,11854.31,11785,10089,11790,10065,11775,9818,11770,11869
2020-06-08 09:38:35.030000,11854.31,11785,8005,11790,10065,11780,1346,11775,9818
2020-06-08 09:38:36.020000,11854.31,11785,8006,11790,10065,11780,1344,11775,9818
2020-06-08 09:38:36.360000,11854.31,11785,10032,11790,10065,11780,1344,11775,9818
2020-06-08 09:38:36.980000,11854.31,11785,10032,11790,10065,11780,1344,11775,9818
2020-06-08 09:38:37.540000,11854.31,11785,8006,11790,10065,11780,1344,11775,9818
2020-06-08 09:38:38.770000,11854.31,11780,79,11785,10032,11775,9818,11770,9859
2020-06-08 09:38:39.670000,11854.31,11785,10032,11790,10065,11780,2,11775,9818
2020-06-08 09:38:40.150000,11854.31,11785,10032,11790,10065,11775,9818,11770,9859
2020-06-08 09:38:41.230000,11854.31,11780,120,11785,9912,11775,9818,11770,9859
2020-06-08 09:38:42.310000,11853.49,11785,9912,11790,10065,11775,9818,11770,9859
2020-06-08 09:38:43.650000,11853.49,11780,10040,11785,9912,11775,9818,11770,9859
2020-06-08 09:38:45.430000,11853.49,11780,10040,11785,9912,11775,3379,11770,9859
2020-06-08 09:38:47.550000,11853.49,11775,2000,11780,13067,11770,8859,11765,7511
2020-06-08 09:38:47.960000,11853.49,11775,1000,11780,13067,11770,8859,11765,7511
2020-06-08 09:38:48.640000,11853.49,11775,1000,11780,13067,11770,9859,11765,7511
2020-06-08 09:38:49.640000,11853.49,11780,13067,11785,9912,11770,9859,11765,9520
2020-06-08 09:38:50.040000,11853.49,11780,13067,11785,9912,11770,9859,11765,7511
2020-06-08 09:38:50.680000,11853.49,11775,1000,11780,13067,11770,3703,11765,7511
2020-06-08 09:38:51.760000,11853.49,11775,8030,11780,13067,11770,3703,11765,7511
2020-06-08 09:38:53.280000,11850.51,11775,8030,11780,10067,11770,3703,11765,7511
2020-06-08 09:38:53.540000,11850.51,11775,8030,11780,10067,11770,3703,11765,7511
2020-06-08 09:38:55.400000,11850.51,11775,8030,11780,10067,11770,2703,11765,7511
2020-06-08 09:38:55.650000,11850.51,11770,147,11775,10059,11765,7511,11760,10230
2020-06-08 09:38:56.410000,11850.51,11770,5470,11775,10059,11765,7211,11760,7764
2020-06-08 09:38:56.980000,11850.51,11770,147,11775,10059,11765,7211,11760,7764
2020-06-08 09:38:58.240000,11850.51,11770,147,11775,10059,11765,7181,11760,7764
2020-06-08 09:39:00.050000,11850.51,11770,5470,11775,10059,11765,1141,11760,7764
2020-06-08 09:39:01.110000,11850.51,11770,147,11775,10059,11765,8178,11760,7764
2020-06-08 09:39:01.330000,11850.51,11775,10059,11780,10067,11765,8178,11760,7764
2020-06-08 09:39:02.210000,11850.51,11775,10059,11780,10067,11765,8178,11760,9771
2020-06-08 09:39:05.310000,11845.35,11775,10059,11780,10067,11765,6856,11760,9771
2020-06-08 09:39:05.730000,11845.35,11775,10059,11780,10067,11765,6856,11760,9771
2020-06-08 09:39:06.860000,11845.35,11775,10059,11780,10067,11765,6856,11760,7764
2020-06-08 09:39:07.470000,11845.35,11775,10059,11780,10067,11765,6772,11760,9771
2020-06-08 09:39:09.030000,11845.35,11775,10059,11780,10067,11765,6688,11760,9771
2020-06-08 09:39:09.950000,11845.35,11775,10059,11780,10067,11765,6604,11760,9771
2020-06-08 09:39:11.050000,11845.35,11775,8030,11780,10067,11765,7554,11760,9771
2020-06-08 09:39:11.280000,11845.35,11775,8030,11780,10067,11770,1000,11765,7554
2020-06-08 09:39:12.110000,11845.35,11775,1000,11780,8040,11770,7156,11765,9563
2020-06-08 09:39:13.170000,11845.27,11780,8040,11785,10300,11770,7156,11765,9563
2020-06-08 09:39:13.650000,11845.27,11780,8040,11785,10300,11770,7156,11765,9563
2020-06-08 09:39:15.070000,11845.27,11780,8040,11785,10300,11775,6439,11770,7156
2020-06-08 09:39:15.810000,11845.27,11780,10067,11785,10300,11770,7156,11765,9563
2020-06-08 09:39:16.820000,11845.27,11775,1000,11780,10067,11770,7156,11765,7554
2020-06-08 09:39:17.840000,11845.27,11780,10067,11785,10300,11770,7156,11765,7555
2020-06-08 09:39:25.720000,11844.31,11775,1000,11780,10067,11770,7156,11765,7555
2020-06-08 09:39:26.020000,11844.31,11775,8030,11780,10067,11770,7156,11765,7555
2020-06-08 09:39:26.740000,11844.31,11775,8030,11780,10067,11770,1000,11765,7555
2020-06-08 09:39:27.820000,11844.31,11775,8030,11780,10067,11770,1000,11765,7555
2020-06-08 09:39:29.390000,11844.31,11775,8030,11780,10067,11770,7156,11765,7555
2020-06-08 09:39:29.840000,11844.31,11775,8030,11780,10067,11770,7156,11765,7555
2020-06-08 09:39:31.240000,11844.31,11775,8030,11780,10067,11770,1000,11765,7555
2020-06-08 09:39:32.010000,11844.31,11775,10059,11780,10067,11765,7555,11760,9771
2020-06-08 09:39:34.620000,11839.13,11770,5323,11775,10059,11765,7555,11760,7764
2020-06-08 09:39:35.680000,11839.13,11770,5323,11775,10059,11765,1001,11760,7764
2020-06-08 09:39:36.690000,11839.13,11770,6323,11775,10059,11765,1,11760,7764
2020-06-08 09:39:37.140000,11839.13,11770,6323,11775,10059,11765,1,11760,7764
2020-06-08 09:39:41.390000,11839.13,11770,6323,11775,12042,11765,1,11760,7764
2020-06-08 09:39:43.800000,11838.4,11770,8353,11775,12042,11765,1,11760,7764
2020-06-08 09:39:45.010000,11838.4,11765,185,11770,8353,11760,7764,11755,9558
2020-06-08 09:39:45.310000,11838.4,11765,7225,11770,8353,11760,8764,11755,9558
2020-06-08 09:39:47.280000,11838.4,11765,5881,11770,8353,11760,8764,11755,9558
2020-06-08 09:39:48.210000,11838.4,11765,5881,11770,8353,11760,8764,11755,7208
2020-06-08 09:39:48.630000,11838.4,11765,7912,11770,8353,11760,1781,11755,7208
2020-06-08 09:39:49.780000,11838.4,11765,6881,11770,8353,11760,781,11755,7208
2020-06-08 09:39:50.330000,11838.4,11765,6881,11770,8353,11760,781,11755,7208
2020-06-08 09:39:51.350000,11838.4,11765,6881,11770,8353,11760,781,11755,7208
2020-06-08 09:39:52.390000,11838.78,11765,6881,11770,8433,11760,781,11755,7208
2020-06-08 09:39:53.440000,11838.78,11765,6881,11770,8433,11755,7208,11750,10193
2020-06-08 09:39:54.980000,11838.78,11765,8912,11770,8433,11755,7208,11750,10193
2020-06-08 09:39:56.060000,11838.78,11765,6881,11770,8433,11755,7208,11750,10193
2020-06-08 09:39:57.110000,11838.78,11765,8912,11770,8433,11755,7208,11750,8074
2020-06-08 09:39:57.540000,11838.78,11765,8912,11770,8433,11755,7208,11750,8074
2020-06-08 09:39:58.660000,11838.78,11765,8912,11770,8433,11755,8208,11750,8074
2020-06-08 09:39:59.160000,11838.78,11765,6881,11770,8433,11760,1000,11755,8208
2020-06-08 09:40:00.270000,11838.78,11765,1000,11770,8433,11760,7983,11755,10214
2020-06-08 09:40:00.680000,11838.78,11765,5881,11770,6403,11760,1000,11755,8208
2020-06-08 09:40:01.840000,11838.78,11765,5881,11770,8433,11760,7983,11755,8208
2020-06-08 09:40:02.250000,11837.1,11765,80,11770,8433,11760,7983,11755,8208
2020-06-08 09:40:03.400000,11837.1,11765,6081,11770,8433,11760,7983,11755,8208
2020-06-08 09:40:04.980000,11837.1,11765,200,11770,8433,11760,7983,11755,8208
2020-06-08 09:40:05.310000,11837.1,11770,8433,11775,12042,11760,7983,11755,10214
2020-06-08 09:40:06.530000,11837.1,11770,8433,11775,12042,11760,7983,11755,10214
2020-06-08 09:40:06.870000,11837.1,11770,3110,11775,12042,11765,6554,11760,7983
2020-06-08 09:40:08.070000,11837.1,11770,3108,11775,12042,11765,6554,11760,7983
2020-06-08 09:40:08.380000,11837.1,11770,1078,11775,12042,11765,7554,11760,7983
2020-06-08 09:40:09.100000,11837.1,11775,12042,11780,10455,11765,7554,11760,9990
2020-06-08 09:40:10.180000,11837.1,11775,12042,11780,10455,11765,7554,11760,9990
2020-06-08 09:40:10.540000,11837.1,11775,12042,11780,10455,11765,7536,11760,7983
2020-06-08 09:40:11.750000,11836.78,11775,10013,11780,10455,11765,7536,11760,9990
2020-06-08 09:40:12.330000,11836.78,11775,10013,11780,10455,11765,7536,11760,9990
2020-06-08 09:40:13.330000,11836.78,11775,10013,11780,10455,11765,9536,11760,9990
2020-06-08 09:40:14.730000,11836.78,11775,12042,11780,10455,11765,9536,11760,9990
2020-06-08 09:40:15.910000,11836.78,11775,10013,11780,10455,11765,9536,11760,9990
2020-06-08 09:40:16.970000,11836.78,11775,10013,11780,10455,11765,9536,11760,9990
2020-06-08 09:40:18.540000,11836.78,11775,10013,11780,10455,11765,9543,11760,9990
2020-06-08 09:40:20.640000,11836.78,11775,10013,11780,10455,11765,9543,11760,9990
2020-06-08 09:40:20.970000,11836.78,11775,12042,11780,10455,11765,9543,11760,9990
2020-06-08 09:40:22.220000,11836.78,11775,12042,11780,10455,11765,9543,11760,10040
2020-06-08 09:40:22.600000,11832.57,11775,12042,11780,10455,11765,9543,11760,8033
2020-06-08 09:40:25.880000,11832.57,11770,5323,11775,12042,11765,3007,11760,8033
2020-06-08 09:40:27.990000,11832.57,11770,5323,11775,12042,11765,3007,11760,8033
2020-06-08 09:40:28.370000,11832.57,11770,5323,11775,12042,11765,2867,11760,8033
2020-06-08 09:40:29.550000,11832.57,11775,12042,11780,10455,11765,9403,11760,8033
2020-06-08 09:40:31.110000,11832.57,11775,12042,11780,10455,11765,9683,11760,8033
2020-06-08 09:40:31.540000,11832.57,11770,5323,11775,12042,11765,9683,11760,8033
2020-06-08 09:40:32.700000,11831.89,11770,5323,11775,12042,11765,3147,11760,8033
2020-06-08 09:40:33.120000,11831.89,11770,5323,11775,12042,11760,8033,11755,10264
2020-06-08 09:40:34.770000,11831.89,11770,7353,11775,12042,11760,8033,11755,10204
2020-06-08 09:40:35.130000,11831.89,11770,8353,11775,12042,11760,1050,11755,8198
2020-06-08 09:40:36.290000,11831.89,11765,1000,11770,8353,11760,1050,11755,8198
2020-06-08 09:40:36.550000,11831.89,11765,6881,11770,8353,11760,1050,11755,8198
2020-06-08 09:40:37.400000,11831.89,11760,7686,11765,8912,11755,1158,11750,8074
2020-06-08 09:40:37.870000,11831.89,11760,6018,11765,8912,11755,8198,11750,8074
2020-06-08 09:40:38.530000,11831.89,11760,6016,11765,8942,11755,1158,11750,8074
2020-06-08 09:40:39.530000,11831.89,11760,7016,11765,8942,11755,1158,11750,8074
2020-06-08 09:40:40.500000,11831.89,11760,7016,11765,8942,11755,1158,11750,8074
2020-06-08 09:40:41.630000,11831.89,11755,2000,11760,9049,11750,8074,11745,6340
2020-06-08 09:40:42.240000,11831.07,11755,7040,11760,9049,11750,8674,11745,6340
2020-06-08 09:40:43.210000,11831.07,11755,7040,11760,9049,11750,2235,11745,6340
2020-06-08 09:40:44.270000,11831.07,11755,7040,11760,9049,11750,2235,11745,6340
2020-06-08 09:40:45.310000,11831.07,11755,8040,11760,9049,11745,6332,11740,9064
2020-06-08 09:40:46.440000,11831.07,11755,8040,11760,9049,11745,7332,11740,9064
2020-06-08 09:40:47.400000,11831.07,11755,8040,11760,9049,11745,7332,11740,9064
2020-06-08 09:40:48.440000,11831.07,11755,8040,11760,9049,11745,7332,11740,9064
2020-06-08 09:40:51.080000,11831.07,11755,8040,11760,9049,11745,7332,11740,9064
2020-06-08 09:40:52.110000,11831.07,11755,8040,11760,9049,11745,7332,11740,9064
2020-06-08 09:40:52.530000,11825.7,11755,8040,11760,9049,11745,7342,11740,9064
2020-06-08 09:40:53.640000,11825.7,11755,8040,11760,9049,11745,7342,11740,9064
2020-06-08 09:40:53.970000,11825.7,11755,1000,11760,9049,11750,814,11745,7342
2020-06-08 09:40:54.740000,11825.7,11755,1000,11760,9049,11750,7117,11745,7342
2020-06-08 09:40:55.740000,11825.7,11755,1000,11760,9049,11750,7117,11745,9345
2020-06-08 09:40:56.040000,11825.7,11755,1000,11760,9049,11750,7117,11745,9345
2020-06-08 09:40:56.820000,11825.7,11755,1000,11760,9049,11750,7117,11745,9345
2020-06-08 09:40:57.860000,11825.7,11755,1000,11760,9049,11750,7117,11745,9345
2020-06-08 09:40:58.370000,11825.7,11755,1000,11760,9049,11750,7117,11745,7605
2020-06-08 09:40:59.430000,11825.7,11760,9049,11765,8942,11755,276,11750,7439
2020-06-08 09:41:00.480000,11825.7,11755,1000,11760,9049,11750,7439,11745,9608
2020-06-08 09:41:00.840000,11825.7,11755,1000,11760,9049,11750,7439,11745,9608
2020-06-08 09:41:02.050000,11825.7,11760,9049,11765,8942,11750,7439,11745,9608
2020-06-08 09:41:03.110000,11824.13,11755,1983,11760,9049,11750,7449,11745,9608
2020-06-08 09:41:04.830000,11824.13,11755,1983,11760,9049,11750,7449,11745,7605
2020-06-08 09:41:05.650000,11824.13,11755,9003,11760,9049,11750,1010,11745,7605
2020-06-08 09:41:07.820000,11824.13,11755,1963,11760,9049,11750,7449,11745,9608
2020-06-08 09:41:08.230000,11824.13,11760,1000,11765,8942,11755,7516,11750,7449
2020-06-08 09:41:08.980000,11824.13,11765,6911,11770,8353,11755,8420,11750,9511
2020-06-08 09:41:09.910000,11824.13,11765,6911,11770,8353,11755,8420,11750,9511
2020-06-08 09:41:10.920000,11824.13,11765,6911,11770,8353,11755,8420,11750,9511
2020-06-08 09:41:11.460000,11821.85,11765,6911,11770,8353,11755,8420,11750,9511
2020-06-08 09:41:12.510000,11821.85,11765,1030,11770,8353,11755,8420,11750,9511
2020-06-08 09:41:13.530000,11821.85,11765,35,11770,8353,11755,8420,11750,9511
2020-06-08 09:41:14.630000,11821.85,11765,5916,11770,8353,11755,8420,11750,9511
2020-06-08 09:41:15.640000,11821.85,11765,35,11770,8353,11755,10426,11750,9511
2020-06-08 09:41:16.640000,11821.85,11765,35,11770,6323,11755,10426,11750,9511
2020-06-08 09:41:17.690000,11821.85,11765,35,11770,6328,11755,10426,11750,9511
2020-06-08 09:41:19.570000,11821.85,11760,388,11765,35,11755,10426,11750,9511
2020-06-08 09:41:20.350000,11821.85,11765,35,11770,8358,11760,388,11755,10426
2020-06-08 09:41:21.350000,11821.85,11765,35,11770,8358,11760,7467,11755,10426
2020-06-08 09:41:24.570000,11826.12,11770,8358,11775,10484,11760,7467,11755,10426
2020-06-08 09:41:25.600000,11826.12,11770,6328,11775,10484,11760,7467,11755,10426
2020-06-08 09:41:26.070000,11826.12,11770,6328,11775,10484,11760,7467,11755,11426
2020-06-08 09:41:27.470000,11826.12,11765,1,11770,6328,11760,7467,11755,11426
2020-06-08 09:41:28.840000,11826.12,11770,1005,11775,10484,11765,6536,11760,7467
2020-06-08 09:41:29.820000,11826.12,11770,6328,11775,10484,11765,6536,11760,7467
2020-06-08 09:41:30.290000,11826.12,11770,6328,11775,10484,11760,7467,11755,11426
2020-06-08 09:41:31.380000,11826.12,11770,6328,11775,10484,11765,6624,11760,8371
2020-06-08 09:41:31.780000,11826.12,11770,6328,11775,10484,11765,6624,11760,9371
2020-06-08 09:41:32.980000,11825.18,11770,5,11775,10484,11765,7175,11760,9371
2020-06-08 09:41:33.380000,11825.18,11770,5,11775,10484,11765,7175,11760,9371
2020-06-08 09:41:34.490000,11825.18,11775,10484,11780,10494,11765,7175,11760,9371
2020-06-08 09:41:34.870000,11825.18,11775,11484,11780,10494,11765,7175,11760,9371
2020-06-08 09:41:35.590000,11825.18,11770,5323,11775,11484,11765,7175,11760,9371
2020-06-08 09:41:36.600000,11825.18,11775,11484,11780,10494,11765,7175,11760,9371
2020-06-08 09:41:37.670000,11825.18,11775,8422,11780,10494,11765,7175,11760,11436
2020-06-08 09:41:38.230000,11825.18,11775,8422,11780,10494,11765,7175,11760,12436
2020-06-08 09:41:39.130000,11825.18,11770,100,11775,8422,11765,7175,11760,12436
2020-06-08 09:41:39.540000,11825.18,11775,8422,11780,10494,11770,100,11765,8175
2020-06-08 09:41:40.230000,11825.18,11775,8422,11780,10494,11770,100,11765,8175
2020-06-08 09:41:41.230000,11825.18,11775,8422,11780,10494,11770,100,11765,8175
2020-06-08 09:41:41.730000,11834.01,11775,8422,11780,10494,11770,100,11765,8175
2020-06-08 09:41:42.860000,11834.01,11775,8422,11780,10494,11770,5100,11765,8175
2020-06-08 09:41:43.340000,11834.01,11775,8124,11780,10494,11770,11256,11765,8375
2020-06-08 09:41:44.170000,11834.01,11775,392,11780,10494,11770,13256,11765,8375
2020-06-08 09:41:44.960000,11834.01,11780,10494,11785,9468,11770,13256,11765,8375
2020-06-08 09:41:46.010000,11834.01,11780,11494,11785,9468,11770,13256,11765,8375
2020-06-08 09:41:46.540000,11834.01,11780,10493,11785,9468,11775,6439,11770,13256
2020-06-08 09:41:47.560000,11834.01,11780,7433,11785,9468,11770,13256,11765,10384
2020-06-08 09:41:47.970000,11834.01,11780,7433,11785,9468,11775,1000,11770,13256
2020-06-08 09:41:49.360000,11834.01,11780,7421,11785,9468,11775,1000,11770,13256
2020-06-08 09:41:51.200000,11834.01,11780,10447,11785,9468,11770,13256,11765,8375
2020-06-08 09:41:51.660000,11834.01,11775,1000,11780,10502,11770,13256,11765,8375
2020-06-08 09:41:52.770000,11834.09,11775,7505,11780,10502,11770,13256,11765,8375
2020-06-08 09:41:53.340000,11834.09,11775,9534,11780,10502,11770,7100,11765,8375
2020-06-08 09:41:54.970000,11834.09,11775,9534,11780,10502,11770,7100,11765,8375
2020-06-08 09:41:56.970000,11834.09,11775,9534,11780,10502,11770,7100,11765,8375
2020-06-08 09:42:01.370000,11834.09,11775,9534,11780,10502,11770,7100,11765,8375
2020-06-08 09:42:03.630000,11835.91,11775,7505,11780,10502,11770,7100,11765,8375
2020-06-08 09:42:06.140000,11835.91,11775,7605,11780,10502,11770,7100,11765,8375
2020-06-08 09:42:06.860000,11835.91,11775,7605,11780,10502,11770,7100,11765,8375
2020-06-08 09:42:07.940000,11835.91,11775,6605,11780,10502,11770,7100,11765,8375
2020-06-08 09:42:08.280000,11835.91,11775,8634,11780,10502,11770,7100,11765,8375
2020-06-08 09:42:11.130000,11835.91,11775,7290,11780,10502,11770,7100,11765,8375
2020-06-08 09:42:12.100000,11835.91,11775,7290,11780,10502,11770,7503,11765,8375
2020-06-08 09:42:13.140000,11838.83,11775,5261,11780,10502,11770,7503,11765,8375
2020-06-08 09:42:13.620000,11838.83,11775,5261,11780,10502,11770,7503,11765,8375
2020-06-08 09:42:15.770000,11838.83,11775,5261,11780,10502,11770,7513,11765,8375
2020-06-08 09:42:17.740000,11838.83,11780,10502,11785,9468,11770,13669,11765,8375
2020-06-08 09:42:18.930000,11838.83,11775,7040,11780,10502,11770,13669,11765,8375
2020-06-08 09:42:19.230000,11838.83,11780,10502,11785,9468,11775,1000,11770,13669
2020-06-08 09:42:19.930000,11838.83,11780,10502,11785,9468,11770,13669,11765,10384
2020-06-08 09:42:20.540000,11838.83,11780,10502,11785,9468,11775,1000,11770,13669
2020-06-08 09:42:21.540000,11838.83,11780,1435,11785,6409,11775,7439,11770,13669
2020-06-08 09:42:21.940000,11838.93,11780,1435,11785,6409,11775,7439,11770,13669
2020-06-08 09:42:23.140000,11838.93,11780,8475,11785,8550,11775,1000,11770,13669
2020-06-08 09:42:23.570000,11838.93,11775,2000,11780,10502,11770,13669,11765,8375
2020-06-08 09:42:24.730000,11838.93,11780,10502,11785,8550,11770,13669,11765,8375
2020-06-08 09:42:25.750000,11838.93,11775,7040,11780,10502,11770,13669,11765,8375
2020-06-08 09:42:26.280000,11838.93,11775,7040,11780,10502,11770,7513,11765,8375
2020-06-08 09:42:27.670000,11838.93,11775,7095,11780,10447,11770,7513,11765,8375
2020-06-08 09:42:28.360000,11838.93,11775,10124,11780,10447,11770,1712,11765,8375
2020-06-08 09:42:29.470000,11838.93,11775,10124,11780,10447,11765,8728,11760,10371
2020-06-08 09:42:30.520000,11838.93,11775,10124,11780,10447,11770,4,11765,8728
2020-06-08 09:42:31.670000,11838.93,11775,10124,11780,10447,11770,1,11765,8728
2020-06-08 09:42:32.650000,11836.24,11770,1000,11775,10124,11765,8728,11760,10371
2020-06-08 09:42:33.030000,11836.24,11770,8040,11775,10124,11765,8728,11760,10371
2020-06-08 09:42:34.230000,11836.24,11770,10125,11775,10069,11765,2200,11760,10371
2020-06-08 09:42:34.540000,11836.24,11770,10125,11775,10069,11765,1200,11760,10371
2020-06-08 09:42:35.280000,11836.24,11765,5881,11770,10125,11760,10371,11755,8421
2020-06-08 09:42:36.310000,11836.24,11770,10125,11775,10069,11760,10371,11755,8421
2020-06-08 09:42:37.320000,11836.24,11770,8095,11775,10069,11765,7528,11760,10371
2020-06-08 09:42:37.640000,11836.24,11770,1055,11775,10069,11765,7528,11760,10371
2020-06-08 09:42:38.410000,11836.24,11770,55,11775,10069,11765,7529,11760,10371
2020-06-08 09:42:39.450000,11836.24,11770,55,11775,10069,11765,7529,11760,10371
2020-06-08 09:42:39.680000,11836.24,11770,7095,11775,10069,11765,1001,11760,10371
2020-06-08 09:42:40.510000,11836.24,11770,7095,11775,10069,11765,1001,11760,10371
2020-06-08 09:42:41.550000,11836.24,11770,7040,11775,10069,11765,946,11760,10371
2020-06-08 09:42:42.610000,11836.04,11770,7040,11775,10069,11765,7474,11760,10371
2020-06-08 09:42:43.040000,11836.04,11775,10069,11780,10447,11765,7474,11760,10371
2020-06-08 09:42:44.180000,11836.04,11775,8040,11780,10447,11765,7529,11760,12378
2020-06-08 09:42:44.630000,11836.04,11780,10447,11785,8550,11770,6156,11765,7529
2020-06-08 09:42:45.760000,11836.04,11775,1000,11780,10447,11770,6157,11765,7529
2020-06-08 09:42:46.130000,11836.04,11780,10447,11785,8550,11770,7157,11765,7529
2020-06-08 09:42:46.830000,11836.04,11775,1000,11780,10447,11770,7157,11765,7529
2020-06-08 09:42:47.820000,11836.04,11775,8577,11780,10447,11770,1001,11765,7529
2020-06-08 09:42:49.940000,11836.04,11775,8577,11780,10447,11770,1001,11765,7529
2020-06-08 09:42:50.190000,11836.04,11775,8577,11780,10447,11770,7157,11765,7529
2020-06-08 09:42:50.930000,11836.04,11775,6548,11780,10447,11770,1001,11765,7529
2020-06-08 09:42:51.460000,11836.04,11775,6548,11780,10447,11770,1001,11765,7529
2020-06-08 09:42:52.610000,11838.09,11775,8577,11780,10447,11770,1001,11765,7529
2020-06-08 09:42:52.840000,11838.09,11775,6548,11780,10447,11770,1031,11765,7529
2020-06-08 09:42:53.640000,11838.09,11775,8577,11780,10447,11770,1031,11765,7559
2020-06-08 09:42:54.260000,11838.09,11775,6548,11780,10447,11770,1031,11765,7559
2020-06-08 09:42:55.200000,11838.09,11780,10447,11785,8550,11770,7187,11765,7559
2020-06-08 09:42:55.680000,11838.09,11780,10447,11785,8550,11775,100,11770,7187
2020-06-08 09:42:56.760000,11838.09,11780,10447,11785,8550,11775,6539,11770,7187
2020-06-08 09:42:57.230000,11838.09,11780,10447,11785,8550,11775,161,11770,7187
2020-06-08 09:42:57.730000,11838.09,11780,10447,11785,8550,11775,91,11770,7187
2020-06-08 09:42:58.440000,11838.09,11780,10447,11785,8550,11775,91,11770,7187
2020-06-08 09:42:59.410000,11838.09,11780,8420,11785,8550,11775,91,11770,7217
2020-06-08 09:42:59.770000,11838.09,11780,8420,11785,8550,11775,6530,11770,7217
2020-06-08 09:43:00.530000,11838.09,11780,8420,11785,8550,11775,6530,11770,7217
2020-06-08 09:43:01.530000,11838.09,11780,10475,11785,8550,11770,7217,11765,7599
2020-06-08 09:43:02.520000,11842.16,11780,10445,11785,8550,11770,7217,11765,7599
2020-06-08 09:43:02.940000,11842.16,11780,10445,11785,8550,11775,30,11770,7217
2020-06-08 09:43:04.140000,11842.16,11780,10445,11785,8550,11775,61,11770,7217
2020-06-08 09:43:04.460000,11842.16,11780,10445,11785,8550,11775,91,11770,7217
2020-06-08 09:43:05.230000,11842.16,11780,10445,11785,8550,11775,91,11770,7217
2020-06-08 09:43:06.260000,11842.16,11780,10445,11785,8550,11775,91,11770,7217
2020-06-08 09:43:06.640000,11842.16,11780,10445,11785,8550,11775,91,11770,7217
2020-06-08 09:43:11.510000,11842.16,11780,10445,11785,8550,11775,91,11770,7217
2020-06-08 09:43:12.040000,11842.16,11780,10445,11785,8550,11775,91,11770,7227
2020-06-08 09:43:13.050000,11837.67,11780,10445,11785,8550,11775,1028,11770,7230
2020-06-08 09:43:13.430000,11837.67,11780,10441,11785,8550,11775,1028,11770,7230
2020-06-08 09:43:14.040000,11837.67,11780,10641,11785,8550,11775,1028,11770,7230
2020-06-08 09:43:15.150000,11837.67,11780,10641,11785,8550,11770,7230,11765,7609
2020-06-08 09:43:15.430000,11837.67,11775,6548,11780,10641,11770,7230,11765,7609
2020-06-08 09:43:16.210000,11837.67,11775,6548,11780,10641,11770,7230,11765,7609
2020-06-08 09:43:17.540000,11837.67,11780,10641,11785,8550,11770,7230,11765,7609
2020-06-08 09:43:18.260000,11837.67,11780,10641,11785,8550,11775,160,11770,7230
2020-06-08 09:43:18.800000,11837.67,11780,10641,11785,8550,11775,6599,11770,7230
2020-06-08 09:43:19.870000,11837.67,11780,3601,11785,8550,11775,6599,11770,7230
2020-06-08 09:43:20.100000,11837.67,11780,1516,11785,8550,11775,6599,11770,7230
2020-06-08 09:43:21.240000,11837.67,11780,8556,11785,8550,11775,160,11770,7230
2020-06-08 09:43:22.030000,11840.2,11780,8556,11785,8550,11775,160,11770,7230
2020-06-08 09:43:23.040000,11840.2,11780,7211,11785,8550,11775,160,11770,7230
2020-06-08 09:43:24.130000,11840.2,11780,7211,11785,8550,11775,220,11770,7233
2020-06-08 09:43:25.190000,11840.2,11780,7211,11785,8550,11775,6659,11770,7233
2020-06-08 09:43:26.220000,11840.2,11780,7211,11785,8550,11775,7559,11770,7233
2020-06-08 09:43:26.830000,11840.2,11780,7211,11785,8550,11775,7559,11770,7233
2020-06-08 09:43:27.810000,11840.2,11780,9238,11785,8550,11775,1120,11770,7233
2020-06-08 09:43:29.140000,11840.2,11780,9238,11785,8550,11775,1121,11770,7233
2020-06-08 09:43:29.910000,11840.2,11780,9238,11785,8550,11775,1121,11770,7233
2020-06-08 09:43:30.950000,11840.2,11780,9233,11785,8550,11775,1121,11770,7233
2020-06-08 09:43:32.510000,11839.52,11780,9233,11785,8550,11775,1001,11770,7233
2020-06-08 09:43:34.610000,11839.52,11780,9233,11785,8550,11775,1001,11770,7173
2020-06-08 09:43:36.040000,11839.52,11780,10233,11785,8550,11775,1001,11770,7173
2020-06-08 09:43:37.210000,11839.52,11780,10233,11785,8550,11775,1,11770,7173
2020-06-08 09:43:37.570000,11839.52,11780,10233,11785,8550,11775,1,11770,7173
2020-06-08 09:43:40.390000,11839.52,11780,10233,11785,8550,11775,1,11770,7203
2020-06-08 09:43:41.870000,11839.52,11780,10233,11785,8550,11770,7203,11765,7609
2020-06-08 09:43:43.000000,11840.33,11780,10233,11785,8550,11775,1000,11770,1047
2020-06-08 09:43:44.030000,11840.33,11775,1000,11780,10233,11770,1047,11765,7609
2020-06-08 09:43:44.390000,11840.33,11780,9233,11785,8550,11775,100,11770,7203
2020-06-08 09:43:45.070000,11840.33,11780,9233,11785,8550,11775,100,11770,7203
2020-06-08 09:43:46.120000,11840.33,11780,166,11785,8550,11775,6539,11770,7233
2020-06-08 09:43:46.430000,11840.33,11780,166,11785,8550,11775,6539,11770,7233
2020-06-08 09:43:48.150000,11840.33,11785,8550,11790,9374,11775,6539,11770,7233
2020-06-08 09:43:48.490000,11840.33,11785,6409,11790,9374,11775,6540,11770,7233
2020-06-08 09:43:49.280000,11840.33,11780,7039,11785,9607,11775,6570,11770,7233
2020-06-08 09:43:50.680000,11840.33,11780,7039,11785,9607,11775,6570,11770,7233
2020-06-08 09:43:51.450000,11840.33,11780,7039,11785,9607,11775,6570,11770,7233
2020-06-08 09:43:53.450000,11846.31,11780,7339,11785,9607,11775,6570,11770,7233
2020-06-08 09:43:53.830000,11846.31,11780,300,11785,9607,11775,6570,11770,7233
2020-06-08 09:43:55.050000,11846.31,11780,300,11785,9607,11775,6570,11770,7233
2020-06-08 09:43:55.350000,11846.31,11780,300,11785,8607,11775,6570,11770,7233
2020-06-08 09:43:58.170000,11846.31,11785,6409,11790,9374,11775,7370,11770,9243
2020-06-08 09:43:58.800000,11846.31,11785,6408,11790,9374,11775,7370,11770,7233
2020-06-08 09:43:59.050000,11846.31,11785,8491,11790,9374,11775,7370,11770,7233
2020-06-08 09:43:59.530000,11846.31,11785,8491,11790,9374,11780,1,11775,7370
2020-06-08 09:44:00.290000,11846.31,11785,8491,11790,9374,11780,1,11775,7370
2020-06-08 09:44:01.320000,11846.31,11785,8434,11790,9374,11780,1,11775,7370
2020-06-08 09:44:01.730000,11846.31,11785,8434,11790,9374,11780,1,11775,7370
2020-06-08 09:44:02.870000,11850.87,11785,8434,11790,9374,11780,1,11775,7370
2020-06-08 09:44:03.240000,11850.87,11785,8434,11790,9374,11780,1,11775,7370
2020-06-08 09:44:03.950000,11850.87,11785,8434,11790,9374,11780,1,11775,7370
2020-06-08 09:44:05.000000,11850.87,11785,8434,11790,9374,11780,7041,11775,7370
2020-06-08 09:44:05.250000,11850.87,11785,8434,11790,9374,11780,1,11775,7370
2020-06-08 09:44:05.960000,11850.87,11780,7039,11785,9434,11775,6570,11770,7233
2020-06-08 09:44:06.360000,11850.87,11780,7039,11785,9434,11775,6570,11770,7233
