time,nav,sell1,sell1_cnt,sell2,sell2_cnt,buy1,buy1_cnt,buy2,buy2_cnt
2020-06-10 10:38:06.990000,11881.1,11785,9314,11790,13604,11775,9743,11770,7229
2020-06-10 10:38:07.390000,11881.1,11785,9314,11790,13120,11775,9743,11770,7229
2020-06-10 10:38:08.390000,11881.1,11785,9314,11790,13120,11775,9743,11770,7229
2020-06-10 10:38:09.750000,11881.1,11785,9314,11790,13120,11775,9743,11770,7229
2020-06-10 10:38:14.200000,11879.92,11785,9314,11790,13120,11775,9763,11770,7229
2020-06-10 10:38:15.620000,11879.92,11785,3961,11790,13120,11775,9763,11770,7229
2020-06-10 10:38:16.480000,11879.92,11785,2961,11790,10079,11775,9763,11770,7229
2020-06-10 10:38:18.170000,11879.92,11785,2961,11790,12088,11775,9763,11770,7229
2020-06-10 10:38:19.060000,11879.92,11785,2961,11790,12088,11775,9763,11770,7229
2020-06-10 10:38:21.290000,11879.92,11785,6312,11790,12088,11775,9763,11770,7229
2020-06-10 10:38:23.820000,11881.33,11785,6312,11790,12088,11775,9763,11770,7229
2020-06-10 10:38:26.120000,11881.33,11785,6312,11790,10079,11775,9763,11770,7229
2020-06-10 10:38:26.920000,11881.33,11785,6312,11790,12088,11775,9763,11770,7229
2020-06-10 10:38:27.060000,11881.33,11785,11665,11790,12088,11775,9763,11770,7229
2020-06-10 10:38:32.700000,11882.08,11785,11665,11790,12088,11775,9763,11770,7229
2020-06-10 10:38:32.850000,11882.08,11785,11665,11790,12088,11775,9763,11770,7229
2020-06-10 10:38:33.230000,11882.08,11785,11665,11790,12088,11775,9763,11770,7229
2020-06-10 10:38:33.790000,11882.08,11785,11665,11790,12088,11775,9763,11770,7229
2020-06-10 10:38:34.310000,11882.08,11785,11665,11790,12088,11775,9763,11770,7229
2020-06-10 10:38:35.300000,11882.08,11785,6312,11790,12088,11775,9763,11770,7229
2020-06-10 10:38:36.450000,11882.08,11785,6312,11790,12088,11775,9763,11770,7229
2020-06-10 10:38:36.760000,11882.08,11785,11665,11790,12088,11775,9763,11770,7229
2020-06-10 10:38:37.570000,11882.08,11785,11665,11790,12088,11775,9763,11770,7229
2020-06-10 10:38:40.150000,11882.08,11785,11665,11790,12088,11775,9763,11770,7229
2020-06-10 10:38:41.400000,11882.08,11785,11665,11790,12088,11775,9763,11770,7229
2020-06-10 10:38:42.270000,11882.08,11785,11665,11790,12088,11775,9763,11770,7229
2020-06-10 10:38:43.760000,11881.74,11785,11665,11790,12188,11775,9763,11770,7229
2020-06-10 10:38:45.970000,11881.74,11785,12665,11790,12672,11775,9763,11770,7229
2020-06-10 10:38:46.930000,11881.74,11785,14675,11790,12672,11775,9763,11770,11135
2020-06-10 10:38:52.190000,11879.35,11785,14675,11790,12672,11775,9763,11770,11135
2020-06-10 10:38:53.240000,11879.35,11785,14675,11790,12672,11775,9763,11770,11135
2020-06-10 10:38:54.250000,11879.35,11780,1000,11785,14675,11775,9763,11770,11135
2020-06-10 10:38:54.440000,11879.35,11780,7019,11785,14675,11775,3743,11770,11135
2020-06-10 10:38:54.830000,11879.35,11780,7019,11785,14675,11770,11135,11765,7080
2020-06-10 10:38:57.090000,11879.35,11780,7019,11785,14675,11775,6020,11770,11135
2020-06-10 10:38:58.020000,11879.35,11780,7019,11785,14675,11775,6020,11770,11135
2020-06-10 10:38:59.030000,11879.35,11780,7019,11785,14675,11775,6020,11770,11135
2020-06-10 10:38:59.690000,11879.35,11780,1000,11785,14675,11775,6020,11770,11135
2020-06-10 10:39:00.670000,11879.35,11780,1000,11785,14675,11775,6020,11770,11135
2020-06-10 10:39:00.830000,11879.35,11780,1000,11785,14675,11775,6020,11770,11135
2020-06-10 10:39:01.950000,11879.35,11780,1000,11785,14475,11775,6020,11770,11135
2020-06-10 10:39:02.950000,11881.84,11780,7019,11785,14959,11775,6020,11770,11135
2020-06-10 10:39:03.940000,11881.84,11780,7019,11785,15009,11770,11135,11765,7080
2020-06-10 10:39:04.190000,11881.84,11780,7219,11785,15009,11770,11135,11765,7080
2020-06-10 10:39:05.030000,11881.84,11780,7219,11785,15009,11775,6020,11770,11135
2020-06-10 10:39:05.450000,11881.84,11780,7219,11785,15009,11770,11135,11765,7080
2020-06-10 10:39:05.800000,11881.84,11780,7219,11785,15009,11770,11135,11765,7080
2020-06-10 10:39:06.290000,11881.84,11780,7219,11785,15009,11770,11135,11765,7080
2020-06-10 10:39:08.530000,11881.84,11780,7219,11785,15009,11770,7229,11765,7080
2020-06-10 10:39:09.290000,11881.84,11780,7219,11785,15009,11770,7229,11765,7080
2020-06-10 10:39:09.590000,11881.84,11780,9287,11785,15009,11770,7229,11765,7080
2020-06-10 10:39:09.900000,11881.84,11780,7219,11785,15009,11770,7229,11765,7080
2020-06-10 10:39:10.640000,11881.84,11780,7703,11785,14525,11770,7229,11765,7080
2020-06-10 10:39:10.820000,11881.84,11775,5664,11780,7703,11770,7429,11765,7080
2020-06-10 10:39:11.060000,11881.84,11775,5664,11780,9517,11770,7429,11765,7080
2020-06-10 10:39:11.400000,11881.84,11780,10001,11785,14525,11770,7429,11765,7080
2020-06-10 10:39:12.170000,11881.84,11780,10001,11785,14525,11770,6429,11765,7080
2020-06-10 10:39:12.360000,11881.84,11775,5664,11780,10001,11770,409,11765,7080
2020-06-10 10:39:13.180000,11881.38,11775,7148,11780,9517,11770,1000,11765,7080
2020-06-10 10:39:13.340000,11881.38,11775,7148,11780,9517,11770,1000,11765,7080
2020-06-10 10:39:13.590000,11881.38,11775,6664,11780,9517,11770,1000,11765,7080
2020-06-10 10:39:14.340000,11881.38,11775,6664,11780,9517,11770,7020,11765,7080
2020-06-10 10:39:14.510000,11881.38,11780,7219,11785,14525,11770,7020,11765,7080
2020-06-10 10:39:15.420000,11881.38,11780,7219,11785,14525,11770,7020,11765,7080
2020-06-10 10:39:15.920000,11881.38,11780,7219,11785,14525,11775,6020,11770,7020
2020-06-10 10:39:16.350000,11881.38,11780,7419,11785,14525,11770,7020,11765,7080
2020-06-10 10:39:17.530000,11881.38,11780,7419,11785,14525,11770,7020,11765,7080
2020-06-10 10:39:17.700000,11881.38,11780,7419,11785,14525,11770,7020,11765,7080
2020-06-10 10:39:17.820000,11881.38,11775,5664,11780,7419,11770,7020,11765,7080
2020-06-10 10:39:17.990000,11881.38,11775,5664,11780,9430,11770,7020,11765,7080
2020-06-10 10:39:18.380000,11881.38,11780,9430,11785,14525,11770,7020,11765,7080
2020-06-10 10:39:20.270000,11881.38,11780,7419,11785,14525,11770,7020,11765,7080
2020-06-10 10:39:20.510000,11881.38,11780,7419,11785,14525,11775,6020,11770,7020
2020-06-10 10:39:20.790000,11881.38,11780,7419,11785,14525,11770,7020,11765,7080
2020-06-10 10:39:24.760000,11883.15,11780,7569,11785,14525,11770,7020,11765,7080
2020-06-10 10:39:25.160000,11883.15,11780,7569,11785,14525,11770,7020,11765,7080
2020-06-10 10:39:26.320000,11883.15,11780,7669,11785,14525,11770,7020,11765,7080
2020-06-10 10:39:26.990000,11883.15,11780,7719,11785,14525,11770,7020,11765,7080
2020-06-10 10:39:28.050000,11883.15,11780,7718,11785,14525,11770,7020,11765,7080
2020-06-10 10:39:28.790000,11883.15,11780,7718,11785,15009,11770,7020,11765,7080
2020-06-10 10:39:30.100000,11883.15,11780,7718,11785,15009,11770,7020,11765,7080
2020-06-10 10:39:30.400000,11883.15,11780,7719,11785,15009,11770,7020,11765,7080
2020-06-10 10:39:31.330000,11883.15,11780,7719,11785,15009,11775,6020,11770,7020
2020-06-10 10:39:31.600000,11883.15,11780,1700,11785,15009,11775,6020,11770,7020
2020-06-10 10:39:34.830000,11882.71,11780,1700,11785,15009,11775,6020,11770,7020
2020-06-10 10:39:35.400000,11882.71,11780,7719,11785,15009,11770,7020,11765,7080
2020-06-10 10:39:36.520000,11882.71,11780,7719,11785,15009,11775,6020,11770,7020
2020-06-10 10:39:36.800000,11882.71,11780,7519,11785,15209,11775,6020,11770,7020
2020-06-10 10:39:38.830000,11882.71,11780,7519,11785,15209,11775,6020,11770,7020
2020-06-10 10:39:41.220000,11882.71,11780,1500,11785,12715,11775,6020,11770,7020
2020-06-10 10:39:41.690000,11882.71,11780,1500,11785,12715,11775,6020,11770,7020
2020-06-10 10:39:42.810000,11883.94,11780,1500,11785,12715,11775,6020,11770,7020
2020-06-10 10:39:43.000000,11883.94,11780,1500,11785,13199,11775,6020,11770,7020
2020-06-10 10:39:43.860000,11883.94,11780,1500,11785,13199,11775,6070,11770,7020
2020-06-10 10:39:45.420000,11883.94,11780,2000,11785,13199,11775,6070,11770,7020
2020-06-10 10:39:46.840000,11883.94,11780,2000,11785,13199,11775,10316,11770,7020
2020-06-10 10:39:48.390000,11883.94,11780,2000,11785,15209,11775,10316,11770,7020
2020-06-10 10:39:49.270000,11883.94,11780,2000,11785,15209,11775,10316,11770,7020
2020-06-10 10:39:54.800000,11885.55,11780,2000,11785,15209,11775,10316,11770,7020
2020-06-10 10:39:55.580000,11885.55,11780,8019,11785,15209,11775,10316,11770,7020
2020-06-10 10:39:55.790000,11885.55,11780,8019,11785,15209,11775,4296,11770,7020
2020-06-10 10:39:58.660000,11885.55,11780,7519,11785,15209,11775,4296,11770,7020
2020-06-10 10:39:59.400000,11885.55,11780,8503,11785,14725,11775,4296,11770,7020
2020-06-10 10:39:59.790000,11885.55,11780,8503,11785,14725,11775,4159,11770,7020
2020-06-10 10:40:00.760000,11885.55,11780,8019,11785,14725,11775,4159,11770,7020
2020-06-10 10:40:00.990000,11885.55,11780,10145,11785,15610,11775,4159,11770,7020
2020-06-10 10:40:01.400000,11885.55,11780,8503,11785,12715,11775,2069,11770,7020
2020-06-10 10:40:02.290000,11885.55,11780,10514,11785,15069,11775,2069,11770,7020
2020-06-10 10:40:02.440000,11887.07,11780,8502,11785,15069,11775,2069,11770,7020
2020-06-10 10:40:03.820000,11887.07,11780,8502,11785,15069,11775,8089,11770,7020
2020-06-10 10:40:04.220000,11887.07,11780,8502,11785,15069,11775,2069,11770,7020
2020-06-10 10:40:05.020000,11887.07,11780,8502,11785,15069,11775,2069,11770,7020
2020-06-10 10:40:06.110000,11887.07,11780,8502,11785,15069,11775,2069,11770,7020
2020-06-10 10:40:06.350000,11887.07,11780,8018,11785,15069,11775,2069,11770,7020
2020-06-10 10:40:07.100000,11887.07,11780,8018,11785,15553,11775,8089,11770,7020
2020-06-10 10:40:07.250000,11887.07,11780,2139,11785,15553,11775,8589,11770,7020
2020-06-10 10:40:07.600000,11887.07,11780,2139,11785,15553,11775,9589,11770,7020
2020-06-10 10:40:08.110000,11887.07,11780,2137,11785,15553,11775,9589,11770,7020
2020-06-10 10:40:09.130000,11887.07,11780,2137,11785,15553,11775,9589,11770,7020
2020-06-10 10:40:10.110000,11887.07,11785,13199,11790,12038,11780,1220,11775,9589
2020-06-10 10:40:11.390000,11887.07,11785,13199,11790,12038,11775,9589,11770,7020
2020-06-10 10:40:12.490000,11887.8,11785,13199,11790,12038,11775,9589,11770,7020
2020-06-10 10:40:14.520000,11887.8,11785,13199,11790,12038,11775,9097,11770,7020
2020-06-10 10:40:15.030000,11887.8,11785,13299,11790,12038,11775,9097,11770,7020
2020-06-10 10:40:16.160000,11887.8,11785,13299,11790,12038,11775,9297,11770,7020
2020-06-10 10:40:17.080000,11887.8,11785,13299,11790,12038,11775,9297,11770,7020
2020-06-10 10:40:17.310000,11887.8,11785,12815,11790,12522,11775,9297,11770,7020
2020-06-10 10:40:18.160000,11887.8,11785,12815,11790,12522,11775,9771,11770,7020
2020-06-10 10:40:18.340000,11887.8,11785,13299,11790,12138,11775,9821,11770,7020
2020-06-10 10:40:19.220000,11887.8,11785,12815,11790,12622,11775,9821,11770,7020
2020-06-10 10:40:19.450000,11887.8,11785,13299,11790,12138,11775,9821,11770,7020
2020-06-10 10:40:23.920000,11887.8,11785,15309,11790,12138,11775,9821,11770,7020
2020-06-10 10:40:24.310000,11887.8,11785,14825,11790,12622,11775,9821,11770,7020
2020-06-10 10:40:25.050000,11887.8,11785,15309,11790,12138,11775,9821,11770,7020
2020-06-10 10:40:25.190000,11887.8,11780,6019,11785,13299,11775,9821,11770,7020
2020-06-10 10:40:26.090000,11887.8,11785,13299,11790,12138,11775,9821,11770,7020
2020-06-10 10:40:27.150000,11887.8,11785,13299,11790,12138,11775,9821,11770,7020
2020-06-10 10:40:33.010000,11887.3,11785,15309,11790,12138,11775,9821,11770,7020
2020-06-10 10:40:33.200000,11887.3,11780,7016,11785,15309,11775,3801,11770,7020
2020-06-10 10:40:34.010000,11887.3,11780,7016,11785,15309,11775,3801,11770,7020
2020-06-10 10:40:34.210000,11887.3,11780,7016,11785,15309,11775,9821,11770,7020
2020-06-10 10:40:36.210000,11887.3,11780,997,11785,15309,11775,9821,11770,7020
2020-06-10 10:40:36.620000,11887.3,11780,997,11785,13299,11775,9821,11770,7020
2020-06-10 10:40:37.200000,11887.3,11785,13299,11790,11138,11775,9821,11770,7020
2020-06-10 10:40:41.950000,11886.87,11785,13299,11790,11138,11775,9821,11770,7020
2020-06-10 10:40:44.380000,11886.87,11785,13299,11790,11138,11780,6097,11775,9821
2020-06-10 10:40:44.820000,11886.87,11785,14940,11790,11622,11775,9821,11770,7020
2020-06-10 10:40:45.550000,11886.87,11785,12815,11790,11138,11780,1000,11775,9821
2020-06-10 10:40:45.900000,11886.87,11785,12815,11790,11622,11780,1000,11775,9821
2020-06-10 10:40:46.790000,11886.87,11785,12815,11790,11622,11780,6097,11775,9821
2020-06-10 10:40:47.460000,11886.87,11785,7462,11790,11622,11780,6097,11775,9821
2020-06-10 10:40:48.100000,11886.87,11785,7462,11790,11622,11780,6097,11775,9821
2020-06-10 10:40:48.190000,11886.87,11785,7462,11790,11622,11780,6297,11775,9821
2020-06-10 10:40:48.380000,11886.87,11790,9613,11795,10593,11785,1000,11780,6297
2020-06-10 10:40:49.720000,11886.87,11790,10613,11795,10593,11780,6297,11775,9821
2020-06-10 10:40:50.710000,11886.87,11790,12622,11795,10593,11780,6297,11775,9621
2020-06-10 10:40:50.830000,11886.87,11790,12622,11795,10593,11780,6297,11775,9621
2020-06-10 10:40:51.130000,11886.87,11785,5353,11790,12622,11780,6297,11775,9621
2020-06-10 10:40:51.960000,11886.87,11790,12622,11795,10593,11780,6297,11775,9621
2020-06-10 10:40:52.960000,11886.61,11790,10613,11795,10593,11780,6297,11775,9621
2020-06-10 10:40:53.960000,11886.61,11790,10613,11795,10593,11780,6297,11775,9621
2020-06-10 10:40:55.190000,11886.61,11790,10129,11795,11077,11780,6297,11775,9621
2020-06-10 10:40:58.110000,11886.61,11790,10129,11795,11077,11785,5007,11780,6297
2020-06-10 10:40:59.190000,11886.61,11790,10129,11795,11077,11780,6297,11775,9621
2020-06-10 10:40:59.690000,11886.61,11790,10613,11795,10593,11785,200,11780,6297
2020-06-10 10:41:00.770000,11886.61,11790,10613,11795,10593,11780,6297,11775,9621
2020-06-10 10:41:01.220000,11886.61,11790,10613,11795,10593,11780,6097,11775,9621
2020-06-10 10:41:02.360000,11886.61,11790,10613,11795,10593,11780,6097,11775,9571
2020-06-10 10:41:02.690000,11889.81,11785,1000,11790,10813,11780,6097,11775,9571
2020-06-10 10:41:03.850000,11889.81,11790,10813,11795,10593,11785,536,11780,6097
2020-06-10 10:41:04.030000,11889.81,11790,10813,11795,10593,11780,6097,11775,9571
2020-06-10 10:41:04.390000,11889.81,11790,10329,11795,11077,11780,6097,11775,9571
2020-06-10 10:41:05.390000,11889.81,11790,10329,11795,11077,11780,16097,11775,9571
2020-06-10 10:41:08.480000,11889.81,11790,10813,11795,10593,11780,16097,11775,9571
2020-06-10 10:41:09.670000,11889.81,11790,10812,11795,10593,11780,16097,11775,9571
2020-06-10 10:41:09.870000,11889.81,11790,10812,11795,10593,11780,16097,11775,9571
2020-06-10 10:41:14.800000,11889.55,11790,10328,11795,11077,11780,16097,11775,9571
2020-06-10 10:41:15.790000,11889.55,11790,10258,11795,11077,11780,16097,11775,9571
2020-06-10 10:41:16.530000,11889.55,11790,10215,11795,11077,11780,16097,11775,9571
2020-06-10 10:41:16.640000,11889.55,11790,10034,11795,11077,11780,16097,11775,9571
2020-06-10 10:41:16.730000,11889.55,11790,9987,11795,11077,11780,16097,11775,9571
2020-06-10 10:41:17.000000,11889.55,11790,9894,11795,11077,11780,16097,11775,9571
2020-06-10 10:41:17.650000,11889.55,11790,9829,11795,11077,11780,16097,11775,9571
2020-06-10 10:41:17.750000,11889.55,11790,9608,11795,11077,11780,16097,11775,9571
2020-06-10 10:41:18.000000,11889.55,11790,9520,11795,11077,11780,16097,11775,9571
2020-06-10 10:41:18.650000,11889.55,11790,9451,11795,11077,11780,16097,11775,9571
2020-06-10 10:41:18.840000,11889.55,11790,9392,11795,11077,11780,16097,11775,9571
2020-06-10 10:41:19.220000,11889.55,11790,9876,11795,10593,11780,16097,11775,9571
2020-06-10 10:41:19.590000,11889.55,11790,9392,11795,11077,11780,16097,11775,9571
2020-06-10 10:41:20.420000,11889.55,11790,8876,11795,10593,11780,16097,11775,9571
2020-06-10 10:41:21.370000,11889.55,11790,8392,11795,11077,11780,16097,11775,9571
2020-06-10 10:41:21.540000,11889.96,11790,8392,11795,11077,11780,16097,11775,9571
2020-06-10 10:41:21.790000,11889.96,11785,39,11790,8392,11780,16097,11775,9571
2020-06-10 10:41:22.390000,11889.96,11790,8392,11795,11077,11780,16197,11775,9571
2020-06-10 10:41:23.290000,11889.96,11790,8392,11795,11077,11780,16197,11775,9571
2020-06-10 10:41:24.200000,11889.96,11790,8392,11795,11077,11780,16197,11775,9571
2020-06-10 10:41:25.040000,11889.96,11790,8392,11795,11077,11780,16197,11775,9571
2020-06-10 10:41:25.320000,11889.96,11790,8252,11795,11077,11780,16197,11775,9571
2020-06-10 10:41:26.090000,11889.96,11790,8026,11795,11077,11780,16197,11775,9571
2020-06-10 10:41:26.200000,11889.96,11790,7960,11795,11077,11780,16197,11775,9571
2020-06-10 10:41:27.180000,11889.96,11790,7831,11795,11077,11780,16197,11775,9571
2020-06-10 10:41:27.310000,11889.96,11790,7502,11795,11077,11780,16197,11775,9571
2020-06-10 10:41:27.530000,11889.96,11790,7880,11795,10593,11780,16097,11775,9571
2020-06-10 10:41:28.230000,11889.96,11790,7807,11795,10593,11780,16097,11775,9571
2020-06-10 10:41:28.590000,11889.96,11790,7807,11795,10593,11780,16097,11775,9571
2020-06-10 10:41:29.760000,11889.96,11790,7323,11795,11077,11780,16097,11775,9571
2020-06-10 10:41:36.150000,11889.28,11790,7150,11795,11077,11780,16097,11775,9571
2020-06-10 10:41:36.350000,11889.28,11790,6911,11795,11077,11780,16097,11775,9571
2020-06-10 10:41:37.130000,11889.28,11790,6834,11795,11077,11780,16097,11775,9571
2020-06-10 10:41:37.190000,11889.28,11790,6775,11795,11077,11780,16097,11775,9571
2020-06-10 10:41:37.430000,11889.28,11790,7179,11795,10593,11780,16097,11775,9571
2020-06-10 10:41:37.690000,11889.28,11790,6832,11795,10593,11780,16097,11775,9571
2020-06-10 10:41:38.100000,11889.28,11790,6718,11795,10593,11780,16097,11775,9571
2020-06-10 10:41:38.770000,11889.28,11790,6637,11795,10593,11780,16097,11775,9571
2020-06-10 10:41:38.870000,11889.28,11790,8703,11795,10593,11780,16097,11775,9571
2020-06-10 10:41:39.220000,11889.28,11790,8703,11795,10593,11780,16097,11775,9571
2020-06-10 10:41:40.430000,11889.28,11790,8703,11795,10593,11785,2168,11780,16097
2020-06-10 10:41:40.690000,11889.28,11790,8703,11795,10593,11780,16097,11775,9571
2020-06-10 10:41:41.380000,11889.28,11790,8703,11795,10593,11780,16097,11775,9571
2020-06-10 10:41:41.470000,11889.28,11790,8702,11795,10593,11780,16097,11775,9571
2020-06-10 10:41:41.680000,11889.28,11790,8702,11795,10593,11780,16097,11775,9571
2020-06-10 10:41:42.440000,11891.5,11790,8702,11795,10593,11780,16097,11775,9571
2020-06-10 10:41:42.690000,11891.5,11790,8702,11795,10593,11780,16097,11775,9571
2020-06-10 10:41:43.520000,11891.5,11790,9702,11795,10593,11780,16097,11775,9571
2020-06-10 10:41:44.570000,11891.5,11785,1000,11790,9702,11780,11000,11775,9571
2020-06-10 10:41:44.750000,11891.5,11785,6837,11790,9218,11780,11000,11775,9571
2020-06-10 10:41:45.020000,11891.5,11785,6353,11790,9702,11780,11000,11775,9571
2020-06-10 10:41:45.580000,11891.5,11785,6837,11790,9218,11780,11000,11775,9571
2020-06-10 10:41:46.430000,11891.5,11785,8849,11790,9218,11780,11000,11775,9571
2020-06-10 10:41:47.130000,11891.5,11785,8849,11790,9218,11780,11000,11775,9571
2020-06-10 10:41:47.280000,11891.5,11785,6353,11790,9702,11780,11000,11775,9571
2020-06-10 10:41:48.110000,11891.5,11785,6837,11790,9218,11780,11000,11775,9571
2020-06-10 10:41:48.440000,11891.5,11785,6837,11790,9218,11780,16097,11775,9571
2020-06-10 10:41:48.690000,11891.5,11785,5353,11790,9702,11780,16097,11775,9571
2020-06-10 10:41:49.670000,11891.5,11790,9702,11795,10593,11780,16097,11775,9571
2020-06-10 10:41:50.170000,11891.5,11785,1000,11790,9702,11780,16097,11775,9571
2020-06-10 10:41:50.610000,11891.5,11785,6837,11790,9218,11780,11000,11775,9571
2020-06-10 10:41:51.880000,11891.5,11785,6353,11790,9702,11780,11000,11775,9571
2020-06-10 10:41:52.810000,11892.25,11785,6353,11790,9502,11780,11000,11775,9571
2020-06-10 10:41:54.280000,11892.25,11785,6553,11790,9502,11780,11000,11775,9571
2020-06-10 10:41:56.230000,11892.25,11785,7037,11790,9018,11780,11000,11775,9571
2020-06-10 10:41:57.430000,11892.25,11785,6553,11790,9502,11780,11000,11775,9571
2020-06-10 10:41:58.380000,11892.25,11785,7037,11790,9018,11780,11000,11775,9571
2020-06-10 10:41:59.210000,11892.25,11785,6553,11790,9502,11780,11000,11775,9571
2020-06-10 10:42:00.150000,11892.25,11785,7037,11790,9018,11780,11000,11775,9571
2020-06-10 10:42:02.620000,11890.41,11785,9047,11790,9018,11780,11000,11775,9571
2020-06-10 10:42:03.650000,11890.41,11785,7037,11790,9018,11780,11000,11775,9571
2020-06-10 10:42:03.870000,11890.41,11785,9047,11790,9018,11780,4625,11775,9571
2020-06-10 10:42:04.190000,11890.41,11785,7037,11790,9018,11780,4625,11775,9571
2020-06-10 10:42:07.960000,11890.41,11785,7037,11790,9018,11780,4625,11775,9571
2020-06-10 10:42:08.960000,11890.41,11785,7037,11790,9018,11780,4625,11775,9571
2020-06-10 10:42:11.080000,11890.41,11785,6553,11790,9502,11780,4625,11775,9571
2020-06-10 10:42:11.520000,11890.41,11785,6553,11790,9502,11780,9722,11775,9571
2020-06-10 10:42:13.270000,11892.91,11785,6553,11790,9502,11780,10722,11775,9571
2020-06-10 10:42:17.300000,11892.91,11785,5553,11790,9502,11780,10722,11775,9571
2020-06-10 10:42:17.600000,11892.91,11785,5553,11790,9502,11780,10722,11775,9571
2020-06-10 10:42:24.390000,11890.85,11785,5553,11790,9502,11780,5625,11775,9571
2020-06-10 10:42:24.630000,11890.85,11785,6037,11790,9018,11780,5625,11775,9571
2020-06-10 10:42:24.800000,11890.85,11785,6020,11790,9018,11780,5625,11775,9571
2020-06-10 10:42:25.310000,11890.85,11785,8030,11790,9018,11780,5625,11775,9571
2020-06-10 10:42:27.610000,11890.85,11785,8034,11790,9018,11780,5625,11775,9571
2020-06-10 10:42:27.750000,11890.85,11785,6024,11790,9018,11780,5625,11775,9571
2020-06-10 10:42:28.830000,11890.85,11785,6024,11790,9018,11780,10722,11775,9571
2020-06-10 10:42:29.560000,11890.85,11785,6024,11790,9018,11780,10722,11775,9571
2020-06-10 10:42:29.800000,11890.85,11785,6024,11790,9018,11780,5625,11775,9571
2020-06-10 10:42:34.330000,11894.74,11785,6024,11790,9018,11780,5625,11775,9571
2020-06-10 10:42:35.450000,11894.74,11785,6024,11790,9018,11780,10722,11775,9571
2020-06-10 10:42:35.680000,11894.74,11785,5540,11790,9502,11780,10722,11775,9571
2020-06-10 10:42:41.820000,11894.74,11785,5540,11790,9502,11780,10722,11775,9571
2020-06-10 10:42:42.710000,11895.13,11785,5540,11790,9502,11780,5625,11775,9571
2020-06-10 10:42:43.120000,11895.13,11785,5540,11790,9502,11780,10722,11775,9571
2020-06-10 10:42:44.960000,11895.13,11785,204,11790,9502,11780,10722,11775,9571
2020-06-10 10:42:45.230000,11895.13,11790,9502,11795,10593,11780,10722,11775,9571
2020-06-10 10:42:50.200000,11895.13,11790,9502,11795,10593,11780,10722,11775,9571
2020-06-10 10:42:50.710000,11895.13,11790,9502,11795,10593,11780,10722,11775,9571
2020-06-10 10:42:57.510000,11895.05,11790,9502,11795,10593,11780,10722,11775,9571
2020-06-10 10:42:57.820000,11895.05,11790,9485,11795,10593,11780,10722,11775,9571
2020-06-10 10:42:59.610000,11895.05,11790,9485,11795,10593,11780,10722,11775,9571
2020-06-10 10:43:00.570000,11895.05,11790,7419,11795,10593,11780,10722,11775,9571
2020-06-10 10:43:00.720000,11895.05,11790,7419,11795,10593,11785,976,11780,10722
2020-06-10 10:43:01.640000,11895.05,11790,7419,11795,10593,11785,976,11780,10722
2020-06-10 10:43:02.020000,11895.05,11790,6935,11795,11077,11785,5983,11780,10722
2020-06-10 10:43:04.570000,11895.51,11790,7419,11795,10593,11785,976,11780,10722
2020-06-10 10:43:05.110000,11895.51,11790,7419,11795,10593,11785,981,11780,10722
2020-06-10 10:43:05.600000,11895.51,11790,7419,11795,10593,11785,981,11780,10722
2020-06-10 10:43:06.020000,11895.51,11790,6935,11795,11077,11785,981,11780,10722
2020-06-10 10:43:09.190000,11895.51,11790,6935,11795,11077,11785,981,11780,10722
2020-06-10 10:43:09.820000,11895.51,11790,6935,11795,11077,11785,981,11780,10722
2020-06-10 10:43:10.300000,11895.51,11790,6935,11795,11077,11785,5988,11780,10722
2020-06-10 10:43:10.820000,11895.51,11790,6935,11795,11077,11785,5988,11780,10722
2020-06-10 10:43:11.970000,11895.51,11790,6935,11795,11077,11785,5988,11780,10722
2020-06-10 10:43:12.880000,11894.11,11790,6935,11795,11077,11785,5988,11780,10722
2020-06-10 10:43:14.100000,11894.11,11790,6935,11795,11077,11785,981,11780,10722
2020-06-10 10:43:15.130000,11894.11,11790,6935,11795,11077,11785,981,11780,10722
2020-06-10 10:43:15.600000,11894.11,11790,6935,11795,11077,11785,981,11780,10722
2020-06-10 10:43:17.840000,11894.11,11790,6935,11795,11077,11785,5988,11780,10722
2020-06-10 10:43:19.950000,11894.11,11790,6935,11795,11077,11785,5988,11780,10722
2020-06-10 10:43:20.270000,11894.11,11790,6935,11795,11077,11785,981,11780,10722
2020-06-10 10:43:20.980000,11894.11,11790,7419,11795,10593,11785,981,11780,10722
2020-06-10 10:43:22.050000,11894.11,11790,6935,11795,11077,11785,981,11780,10722
2020-06-10 10:43:23.510000,11893.62,11790,7419,11795,10593,11780,10722,11775,9571
2020-06-10 10:43:23.890000,11893.62,11785,6336,11790,9485,11780,5625,11775,9571
2020-06-10 10:43:25.760000,11893.62,11785,6336,11790,9485,11780,5625,11775,9571
2020-06-10 10:43:28.890000,11893.62,11785,6336,11790,9485,11780,5625,11775,9571
2020-06-10 10:43:29.450000,11893.62,11785,1000,11790,9485,11780,10722,11775,9571
2020-06-10 10:43:29.580000,11893.62,11785,100,11790,9485,11780,10722,11775,9571
2020-06-10 10:43:29.610000,11893.62,11785,100,11790,9485,11780,10722,11775,9571
2020-06-10 10:43:31.720000,11893.62,11785,5319,11790,9485,11780,10722,11775,9571
2020-06-10 10:43:37.900000,11894.18,11785,5319,11790,9485,11780,10722,11775,9571
2020-06-10 10:43:38.820000,11894.18,11785,5319,11790,9485,11780,10722,11775,9097
2020-06-10 10:43:39.900000,11894.18,11785,5319,11790,9585,11780,10722,11775,9097
2020-06-10 10:43:41.100000,11894.18,11785,5319,11790,9585,11780,5625,11775,9097
2020-06-10 10:43:42.380000,11894.55,11785,5319,11790,9585,11780,10722,11775,9097
2020-06-10 10:43:43.150000,11894.55,11790,9585,11795,10644,11780,10722,11775,9097
2020-06-10 10:43:43.590000,11894.55,11790,9585,11795,10644,11780,10722,11775,9097
2020-06-10 10:43:44.630000,11894.55,11785,5319,11790,9585,11780,10722,11775,9097
2020-06-10 10:43:44.730000,11894.55,11790,9585,11795,10644,11780,10722,11775,9097
2020-06-10 10:43:45.180000,11894.55,11785,5319,11790,9585,11780,10722,11775,9097
2020-06-10 10:43:45.680000,11894.55,11785,7225,11790,9585,11780,10722,11775,9097
2020-06-10 10:43:47.740000,11894.55,11785,7225,11790,9585,11780,10722,11775,9097
2020-06-10 10:43:51.650000,11894.55,11785,1906,11790,9585,11780,10722,11775,9097
2020-06-10 10:43:52.540000,11895.73,11790,9585,11795,10644,11780,10722,11775,9097
2020-06-10 10:43:55.320000,11895.73,11785,5319,11790,9585,11780,10722,11775,9097
2020-06-10 10:43:56.020000,11895.73,11785,5319,11790,9585,11780,10722,11775,9097
2020-06-10 10:43:56.710000,11895.73,11785,5319,11790,9585,11780,5625,11775,9097
2020-06-10 10:44:00.360000,11895.73,11785,5319,11790,9585,11780,5625,11775,9097
2020-06-10 10:44:00.780000,11895.73,11785,5803,11790,9101,11780,5625,11775,9097
2020-06-10 10:44:01.280000,11895.73,11785,5803,11790,9101,11780,5625,11775,9097
2020-06-10 10:44:03.000000,11894.13,11785,5803,11790,9101,11780,5625,11775,9097
2020-06-10 10:44:04.420000,11894.13,11785,5319,11790,9585,11780,5625,11775,9097
2020-06-10 10:44:05.080000,11894.13,11785,5302,11790,9585,11780,5625,11775,9097
2020-06-10 10:44:05.220000,11894.13,11785,5302,11790,9585,11780,10722,11775,9097
2020-06-10 10:44:06.990000,11894.13,11790,9585,11795,10644,11780,10722,11775,9097
2020-06-10 10:44:08.980000,11894.13,11790,9585,11795,10644,11780,10722,11775,9097
2020-06-10 10:44:09.310000,11894.13,11790,9585,11795,10644,11780,10722,11775,9097
2020-06-10 10:44:13.690000,11895.14,11790,9585,11795,10644,11780,10722,11775,9097
2020-06-10 10:44:17.890000,11895.14,11790,9585,11795,10644,11780,10722,11775,9097
2020-06-10 10:44:18.140000,11895.14,11790,9585,11795,10644,11780,10722,11775,9097
2020-06-10 10:44:18.870000,11895.14,11790,9585,11795,10644,11780,10722,11775,9097
2020-06-10 10:44:21.790000,11895.14,11790,7519,11795,10644,11785,976,11780,10722
2020-06-10 10:44:22.640000,11894.4,11790,7035,11795,11128,11785,976,11780,10722
2020-06-10 10:44:22.890000,11894.4,11790,7035,11795,11128,11785,976,11780,10722
2020-06-10 10:44:23.500000,11894.4,11790,7035,11795,11128,11785,976,11780,10722
2020-06-10 10:44:25.430000,11894.4,11790,9528,11795,10644,11785,976,11780,10722
2020-06-10 10:44:27.390000,11894.4,11790,9528,11795,10644,11780,10722,11775,9097
2020-06-10 10:44:28.400000,11894.4,11785,5302,11790,9528,11780,10722,11775,9097
2020-06-10 10:44:28.710000,11894.4,11785,5302,11790,9528,11780,5625,11775,9097
2020-06-10 10:44:30.560000,11894.4,11785,5302,11790,9528,11780,10722,11775,9097
2020-06-10 10:44:30.790000,11894.4,11790,9528,11795,10644,11780,10722,11775,9097
2020-06-10 10:44:33.100000,11892.57,11790,9528,11795,10644,11780,10722,11775,9097
2020-06-10 10:44:37.590000,11892.57,11790,9511,11795,10644,11780,10722,11775,9097
2020-06-10 10:44:39.500000,11892.57,11790,9511,11795,10644,11785,200,11780,10722
2020-06-10 10:44:41.090000,11892.57,11790,9511,11795,10644,11785,200,11780,10722
2020-06-10 10:44:44.230000,11893.78,11790,9511,11795,10644,11785,200,11780,10722
2020-06-10 10:44:44.390000,11893.78,11785,5102,11790,9511,11780,10722,11775,9097
2020-06-10 10:44:44.530000,11893.78,11785,5102,11790,9511,11780,5625,11775,9097
2020-06-10 10:44:45.250000,11893.78,11785,5102,11790,9511,11780,5625,11775,9097
2020-06-10 10:44:45.370000,11893.78,11790,9511,11795,10644,11780,10722,11775,9097
2020-06-10 10:44:46.390000,11893.78,11790,9511,11795,10644,11780,10722,11775,9097
2020-06-10 10:44:47.340000,11893.78,11790,9711,11795,10644,11780,10722,11775,9097
2020-06-10 10:44:47.530000,11893.78,11785,5102,11790,9711,11780,10722,11775,9097
2020-06-10 10:44:47.860000,11893.78,11785,5102,11790,9711,11780,5625,11775,9097
2020-06-10 10:44:50.080000,11893.78,11785,5102,11790,9711,11780,10722,11775,9097
2020-06-10 10:44:51.040000,11893.78,11790,9711,11795,10644,11780,10722,11775,9097
2020-06-10 10:44:51.610000,11893.78,11785,5102,11790,9711,11780,10722,11775,9097
2020-06-10 10:44:52.120000,11895.0,11785,5102,11790,9711,11780,10722,11775,9097
2020-06-10 10:44:53.170000,11895.0,11785,5102,11790,9711,11780,10722,11775,9097
2020-06-10 10:44:54.310000,11895.0,11785,5102,11790,9711,11780,10722,11775,9097
2020-06-10 10:44:54.510000,11895.0,11790,9711,11795,10644,11780,10722,11775,9097
2020-06-10 10:44:55.180000,11895.0,11790,9711,11795,10644,11780,10722,11775,9097
2020-06-10 10:44:55.290000,11895.0,11785,5102,11790,9711,11780,10722,11775,9097
2020-06-10 10:44:56.280000,11895.0,11785,5102,11790,9711,11780,10722,11775,9097
2020-06-10 10:44:56.400000,11895.0,11785,5102,11790,9711,11780,10722,11775,9097
2020-06-10 10:44:56.730000,11895.0,11785,5102,11790,9711,11780,5625,11775,9097
2020-06-10 10:44:58.870000,11895.0,11785,5586,11790,9227,11780,5625,11775,9097
2020-06-10 10:45:01.010000,11895.0,11785,484,11790,7218,11780,10722,11775,9097
2020-06-10 10:45:01.260000,11895.0,11785,5102,11790,7302,11780,10722,11775,9097
2020-06-10 10:45:02.320000,11891.7,11790,7302,11795,10644,11780,10722,11775,9097
2020-06-10 10:45:03.130000,11891.7,11785,1000,11790,9368,11780,10722,11775,9097
2020-06-10 10:45:03.380000,11891.7,11785,6101,11790,9368,11780,5625,11775,9097
2020-06-10 10:45:05.510000,11891.7,11785,6185,11790,9284,11780,5625,11775,9097
2020-06-10 10:45:06.300000,11891.7,11785,6101,11790,9368,11780,5625,11775,9097
2020-06-10 10:45:06.620000,11891.7,11785,6101,11790,9368,11780,10722,11775,9097
2020-06-10 10:45:08.760000,11891.7,11785,9571,11790,9368,11780,5625,11775,9097
2020-06-10 10:45:09.230000,11891.7,11785,9658,11790,9284,11780,4591,11775,9097
2020-06-10 10:45:09.980000,11891.7,11785,11668,11790,9284,11780,4591,11775,9097
2020-06-10 10:45:11.580000,11891.7,11785,11651,11790,9284,11780,4591,11775,9097
2020-06-10 10:45:13.130000,11890.27,11785,9641,11790,9284,11780,4591,11775,9097
2020-06-10 10:45:18.720000,11890.27,11785,9658,11790,9284,11780,4591,11775,9097
2020-06-10 10:45:19.500000,11890.27,11785,11668,11790,9284,11780,4591,11775,9097
2020-06-10 10:45:19.960000,11890.27,11785,9658,11790,9284,11780,4591,11775,9097
2020-06-10 10:45:25.920000,11894.14,11785,11668,11790,9284,11780,4591,11775,9097
2020-06-10 10:45:26.990000,11894.14,11785,11668,11790,9284,11780,1410,11775,9097
2020-06-10 10:45:35.930000,11892.34,11780,6019,11785,11668,11775,9097,11770,15926
2020-06-10 10:45:36.170000,11892.34,11780,5326,11785,11668,11775,9097,11770,15926
2020-06-10 10:45:38.890000,11892.34,11780,5326,11785,11668,11775,9097,11770,15926
2020-06-10 10:45:39.700000,11892.34,11785,11668,11790,9284,11775,9097,11770,15926
2020-06-10 10:45:41.060000,11892.34,11785,11668,11790,9284,11775,9297,11770,15926
2020-06-10 10:45:42.290000,11892.34,11785,11668,11790,9284,11775,9297,11770,15926
2020-06-10 10:45:43.260000,11890.32,11780,3472,11785,6186,11775,9297,11770,15926
2020-06-10 10:45:43.390000,11890.32,11780,3472,11785,8196,11775,9297,11770,15926
2020-06-10 10:45:43.990000,11890.32,11780,3472,11785,6186,11775,9297,11770,15926
2020-06-10 10:45:44.850000,11890.32,11785,6186,11790,9284,11780,1000,11775,9297
2020-06-10 10:45:45.040000,11890.32,11785,6169,11790,9284,11780,1000,11775,9297
2020-06-10 10:45:45.290000,11890.32,11785,6169,11790,9284,11780,1000,11775,9297
2020-06-10 10:45:46.880000,11890.32,11785,6169,11790,9284,11780,1000,11775,9297
2020-06-10 10:45:47.290000,11890.32,11785,6169,11790,9284,11780,1000,11775,9297
2020-06-10 10:45:47.660000,11890.32,11785,8179,11790,9284,11780,1000,11775,9297
2020-06-10 10:45:49.660000,11890.32,11785,8179,11790,9284,11780,1000,11775,9297
2020-06-10 10:45:51.090000,11890.32,11785,8179,11790,9284,11780,1000,11775,9297
2020-06-10 10:45:51.900000,11894.12,11785,8196,11790,9284,11780,1000,11775,9297
2020-06-10 10:45:53.240000,11894.12,11785,8196,11790,9284,11775,9297,11770,16126
2020-06-10 10:45:54.380000,11894.12,11785,8196,11790,9284,11780,1000,11775,9297
2020-06-10 10:45:55.260000,11894.12,11785,8196,11790,9284,11780,1000,11775,9297
2020-06-10 10:45:55.490000,11894.12,11785,8196,11790,9284,11775,9297,11770,16126
2020-06-10 10:45:56.900000,11894.12,11785,8196,11790,9284,11780,1000,11775,9297
2020-06-10 10:45:57.820000,11894.12,11785,8196,11790,9284,11780,1000,11775,9297
2020-06-10 10:45:59.250000,11894.12,11785,6186,11790,9284,11780,1000,11775,9297
2020-06-10 10:46:00.020000,11894.12,11785,6102,11790,7302,11780,1000,11775,9297
2020-06-10 10:46:00.520000,11894.12,11785,6186,11790,9341,11780,6097,11775,9297
2020-06-10 10:46:01.600000,11894.12,11790,9425,11795,10644,11780,6097,11775,9297
2020-06-10 10:46:01.830000,11894.12,11785,5186,11790,9341,11780,6097,11775,9297
2020-06-10 10:46:02.630000,11893.34,11785,5186,11790,9341,11780,999,11775,9297
2020-06-10 10:46:05.210000,11893.34,11785,5186,11790,9341,11780,999,11775,9297
2020-06-10 10:46:05.380000,11893.34,11785,7112,11790,9425,11780,999,11775,9297
2020-06-10 10:46:05.750000,11893.34,11785,5186,11790,9341,11780,999,11775,9297
2020-06-10 10:46:09.950000,11893.34,11785,5102,11790,9425,11780,6096,11775,9297
2020-06-10 10:46:10.160000,11893.34,11790,9425,11795,10644,11780,6097,11775,9297
2020-06-10 10:46:11.110000,11893.34,11785,1000,11790,9425,11780,6097,11775,9297
2020-06-10 10:46:11.920000,11893.34,11785,6185,11790,9341,11780,1000,11775,9297
2020-06-10 10:46:13.330000,11892.23,11785,8195,11790,9341,11780,1000,11775,9297
2020-06-10 10:46:17.780000,11892.23,11785,8179,11790,9341,11780,1000,11775,9297
2020-06-10 10:46:18.920000,11892.23,11785,8179,11790,9341,11780,1000,11775,9297
2020-06-10 10:46:19.360000,11892.23,11785,6169,11790,9341,11780,1000,11775,9297
2020-06-10 10:46:20.690000,11892.23,11785,6169,11790,9341,11780,1015,11775,9297
2020-06-10 10:46:21.580000,11892.23,11785,6085,11790,9425,11780,1015,11775,9297
2020-06-10 10:46:22.650000,11892.83,11785,6169,11790,9341,11780,1015,11775,9297
2020-06-10 10:46:22.780000,11892.83,11785,6085,11790,9425,11780,1015,11775,9297
2020-06-10 10:46:24.790000,11892.83,11785,6169,11790,9341,11780,1015,11775,9297
2020-06-10 10:46:25.370000,11892.83,11785,6085,11790,9425,11780,1015,11775,9297
2020-06-10 10:46:25.680000,11892.83,11785,6169,11790,9341,11780,1015,11775,9297
2020-06-10 10:46:29.480000,11892.83,11785,6085,11790,9425,11780,6112,11775,9297
2020-06-10 10:46:30.590000,11892.83,11785,6085,11790,9425,11780,6112,11775,9297
2020-06-10 10:46:32.120000,11893.6,11785,6169,11790,9341,11780,6112,11775,9297
2020-06-10 10:46:32.650000,11893.6,11785,6169,11790,9341,11780,1015,11775,9297
2020-06-10 10:46:33.510000,11893.6,11785,6085,11790,9425,11780,6112,11775,9297
2020-06-10 10:46:34.230000,11893.6,11790,9425,11795,10644,11780,6112,11775,9297
2020-06-10 10:46:34.320000,11893.6,11790,9434,11795,10644,11780,6112,11775,9297
2020-06-10 10:46:37.880000,11893.6,11790,9320,11795,10644,11780,6112,11775,9297
2020-06-10 10:46:38.820000,11893.6,11790,7311,11795,10644,11780,6112,11775,9297
2020-06-10 10:46:39.980000,11893.6,11790,9320,11795,10644,11780,6112,11775,9297
2020-06-10 10:46:49.550000,11891.68,11785,5102,11790,9320,11780,6112,11775,9297
2020-06-10 10:46:49.900000,11891.68,11785,5102,11790,9320,11780,6112,11775,9297
2020-06-10 10:46:51.850000,11891.68,11785,5086,11790,9320,11780,6112,11775,9297
2020-06-10 10:46:52.630000,11893.19,11785,5086,11790,11320,11780,6112,11775,9297
2020-06-10 10:46:54.280000,11893.19,11790,11320,11795,10644,11780,6112,11775,9297
2020-06-10 10:47:00.080000,11893.19,11785,38,11790,9311,11780,6112,11775,9297
2020-06-10 10:47:00.240000,11893.19,11790,9311,11795,10644,11780,6112,11775,9297
2020-06-10 10:47:01.160000,11893.19,11790,9227,11795,10728,11780,6112,11775,9297
2020-06-10 10:47:02.610000,11892.09,11790,2592,11795,10728,11785,5007,11780,6112
2020-06-10 10:47:03.800000,11892.09,11790,2592,11795,10728,11785,5007,11780,6112
2020-06-10 10:47:06.030000,11892.09,11790,8227,11795,10728,11785,5007,11780,6112
2020-06-10 10:47:06.800000,11892.09,11790,8227,11795,10728,11780,6112,11775,9297
2020-06-10 10:47:08.480000,11892.09,11790,8227,11795,10728,11785,4746,11780,6112
2020-06-10 10:47:11.730000,11892.09,11790,8099,11795,10728,11785,4746,11780,6112
2020-06-10 10:47:12.120000,11892.09,11790,7772,11795,10728,11785,4746,11780,6112
2020-06-10 10:47:12.860000,11894.06,11790,7599,11795,10728,11780,6112,11775,9297
2020-06-10 10:47:13.040000,11894.06,11790,7448,11795,10728,11780,6112,11775,9297
2020-06-10 10:47:13.860000,11894.06,11790,7337,11795,10728,11780,6112,11775,9297
2020-06-10 10:47:13.950000,11894.06,11790,7234,11795,10728,11780,6112,11775,9297
2020-06-10 10:47:14.180000,11894.06,11790,6908,11795,10728,11780,6112,11775,9297
2020-06-10 10:47:16.990000,11894.06,11790,6908,11795,10728,11785,200,11780,6112
2020-06-10 10:47:20.850000,11894.06,11790,6908,11795,10728,11785,200,11780,6112
2020-06-10 10:47:20.970000,11894.06,11790,6908,11795,10728,11785,200,11780,6112
2020-06-10 10:47:21.780000,11894.34,11790,6908,11795,10728,11785,200,11780,6412
2020-06-10 10:47:23.000000,11894.34,11790,6908,11795,10728,11785,200,11780,6412
2020-06-10 10:47:23.160000,11894.34,11790,6908,11795,10728,11785,4946,11780,6412
2020-06-10 10:47:23.460000,11894.34,11790,1273,11795,10728,11785,4946,11780,6412
2020-06-10 10:47:23.990000,11894.34,11790,1273,11795,10728,11785,4946,11780,6412
2020-06-10 10:47:24.630000,11894.34,11790,6908,11795,10728,11785,4946,11780,6412
2020-06-10 10:47:24.780000,11894.34,11790,6892,11795,10728,11785,200,11780,6412
2020-06-10 10:47:24.990000,11894.34,11790,6892,11795,10728,11785,200,11780,6412
2020-06-10 10:47:28.250000,11894.34,11790,7290,11795,10728,11785,200,11780,6412
2020-06-10 10:47:28.490000,11894.34,11790,7138,11795,10728,11785,200,11780,6412
2020-06-10 10:47:29.200000,11894.34,11790,7079,11795,10728,11785,200,11780,6412
2020-06-10 10:47:29.360000,11894.34,11790,7027,11795,10728,11785,200,11780,6412
2020-06-10 10:47:29.630000,11894.34,11790,6977,11795,10728,11785,200,11780,6412
2020-06-10 10:47:30.360000,11894.34,11790,6718,11795,10728,11785,200,11780,6412
2020-06-10 10:47:30.520000,11894.34,11790,6644,11795,10728,11785,200,11780,6412
2020-06-10 10:47:31.410000,11894.34,11790,6629,11795,10728,11785,200,11780,6412
2020-06-10 10:47:32.420000,11894.34,11790,6589,11795,10728,11785,200,11780,6412
2020-06-10 10:47:34.030000,11894.76,11790,6589,11795,10728,11785,240,11780,6412
2020-06-10 10:47:35.160000,11894.76,11790,6589,11795,10728,11785,240,11780,6452
2020-06-10 10:47:36.510000,11894.76,11790,6589,11795,10728,11785,240,11780,6452
2020-06-10 10:47:37.620000,11894.76,11790,6589,11795,10728,11785,4986,11780,6452
2020-06-10 10:47:38.890000,11894.76,11790,6589,11795,10728,11785,4986,11780,6452
2020-06-10 10:47:39.220000,11894.76,11790,6567,11795,10728,11785,4986,11780,6452
2020-06-10 10:47:39.680000,11894.76,11790,6450,11795,10728,11785,4986,11780,6452
2020-06-10 10:47:40.340000,11894.76,11790,6413,11795,10728,11785,4986,11780,6452
2020-06-10 10:47:40.790000,11894.76,11790,6359,11795,10728,11785,4986,11780,6452
2020-06-10 10:47:41.340000,11894.76,11790,6208,11795,10728,11785,4986,11780,6452
2020-06-10 10:47:42.360000,11894.76,11790,6156,11795,10728,11785,4986,11780,6452
2020-06-10 10:47:42.530000,11895.4,11790,6156,11795,10728,11785,240,11780,6452
2020-06-10 10:47:42.730000,11895.4,11790,6156,11795,10728,11785,240,11780,6452
2020-06-10 10:47:45.450000,11895.4,11790,6156,11795,10728,11785,240,11780,6452
2020-06-10 10:47:48.050000,11895.4,11790,6156,11795,10728,11785,240,11780,6452
2020-06-10 10:47:49.330000,11895.4,11790,6156,11795,10728,11785,240,11780,6452
2020-06-10 10:47:51.360000,11895.4,11790,6156,11795,10728,11785,240,11780,6452
2020-06-10 10:47:51.390000,11895.4,11790,6080,11795,10728,11785,240,11780,6452
2020-06-10 10:47:51.760000,11895.4,11790,5968,11795,10728,11785,240,11780,6452
2020-06-10 10:47:52.090000,11893.94,11790,5930,11795,10728,11785,240,11780,6452
2020-06-10 10:47:52.480000,11893.94,11790,5879,11795,10728,11785,240,11780,6452
2020-06-10 10:47:53.000000,11893.94,11790,5727,11795,10728,11785,240,11780,6452
2020-06-10 10:47:53.510000,11893.94,11790,5643,11795,10728,11785,240,11780,6452
2020-06-10 10:47:53.950000,11893.94,11790,5587,11795,10728,11785,240,11780,6452
2020-06-10 10:47:55.090000,11893.94,11790,7596,11795,10728,11785,240,11780,6452
2020-06-10 10:47:58.680000,11893.94,11790,7596,11795,10728,11785,240,11780,6452
2020-06-10 10:48:01.840000,11893.94,11790,5587,11795,10728,11785,240,11780,6452
2020-06-10 10:48:04.040000,11893.69,11790,5587,11795,10728,11785,240,11780,6452
2020-06-10 10:48:07.260000,11893.69,11790,5587,11795,10728,11785,240,11780,6452
2020-06-10 10:48:09.290000,11893.69,11790,5587,11795,10728,11785,240,11780,6452
2020-06-10 10:48:09.590000,11893.69,11790,5587,11795,10728,11785,240,11780,6452
2020-06-10 10:48:13.570000,11892.76,11790,8596,11795,10728,11785,240,11780,6452
2020-06-10 10:48:13.800000,11892.76,11790,8596,11795,10733,11785,240,11780,6452
2020-06-10 10:48:14.540000,11892.76,11790,8580,11795,10733,11785,240,11780,6452
2020-06-10 10:48:14.930000,11892.76,11790,8580,11795,10733,11785,240,11780,6452
2020-06-10 10:48:18.710000,11892.76,11790,8580,11795,10733,11785,240,11780,6452
2020-06-10 10:48:20.000000,11892.76,11790,8580,11795,10733,11785,240,11780,6452
2020-06-10 10:48:20.930000,11892.76,11790,8580,11795,10733,11785,240,11780,6452
2020-06-10 10:48:25.190000,11894.83,11790,8580,11795,10733,11785,240,11780,6452
2020-06-10 10:48:26.560000,11894.83,11790,8580,11795,10733,11785,240,11780,6452
2020-06-10 10:48:28.670000,11894.83,11790,8580,11795,10733,11780,6452,11775,13041
2020-06-10 10:48:30.280000,11894.83,11790,8580,11795,10733,11780,6452,11775,13041
2020-06-10 10:48:30.690000,11894.83,11790,8780,11795,10733,11780,6452,11775,13041
2020-06-10 10:48:34.550000,11893.58,11790,8780,11795,10733,11780,6453,11775,13041
2020-06-10 10:48:35.890000,11893.58,11785,2,11790,8780,11780,6453,11775,13041
2020-06-10 10:48:36.700000,11893.58,11790,8780,11795,10733,11780,6453,11775,13041
2020-06-10 10:48:36.860000,11893.58,11790,6771,11795,10733,11780,6453,11775,13041
2020-06-10 10:48:41.040000,11893.58,11790,6769,11795,10733,11780,6453,11775,13041
2020-06-10 10:48:46.090000,11894.34,11790,6774,11795,10733,11780,6453,11775,13041
2020-06-10 10:48:48.090000,11894.34,11790,8867,11795,10649,11780,6453,11775,13041
2020-06-10 10:48:51.390000,11894.34,11790,8867,11795,10649,11780,1356,11775,13041
2020-06-10 10:48:51.900000,11894.34,11790,8867,11795,10649,11780,1356,11775,13041
2020-06-10 10:48:52.980000,11892.27,11785,1000,11790,8867,11780,1356,11775,13041
2020-06-10 10:48:53.170000,11892.27,11785,6086,11790,8867,11780,1356,11775,13041
2020-06-10 10:48:58.090000,11892.27,11785,6170,11790,8783,11780,1356,11775,13041
2020-06-10 10:49:00.710000,11892.27,11785,6170,11790,8783,11780,1356,11775,13041
2020-06-10 10:49:01.130000,11892.27,11785,6170,11790,8783,11780,6453,11775,13041
2020-06-10 10:49:04.520000,11895.78,11785,6086,11790,8867,11780,6453,11775,13041
2020-06-10 10:49:06.770000,11895.78,11785,6086,11790,8889,11780,6453,11775,13041
2020-06-10 10:49:07.820000,11895.78,11785,5086,11790,8889,11780,6453,11775,13041
2020-06-10 10:49:09.850000,11895.78,11785,5086,11790,8889,11780,6653,11775,13041
2020-06-10 10:49:10.190000,11895.78,11785,5086,11790,8889,11780,1556,11775,13041
2020-06-10 10:49:10.910000,11895.78,11785,5086,11790,8889,11780,1556,11775,13041
2020-06-10 10:49:11.220000,11895.78,11785,5086,11790,8889,11780,1556,11775,13041
2020-06-10 10:49:15.750000,11894.96,11785,5086,11790,8889,11780,1556,11775,13041
2020-06-10 10:49:16.640000,11894.96,11785,5086,11790,8889,11780,1556,11775,13041
2020-06-10 10:49:17.880000,11894.96,11785,5086,11790,8889,11780,1556,11775,13041
2020-06-10 10:49:19.390000,11894.96,11785,5086,11790,8889,11780,1556,11775,13041
2020-06-10 10:49:20.340000,11894.96,11785,5170,11790,8805,11780,1556,11775,13041
2020-06-10 10:49:21.380000,11894.96,11785,5170,11790,8805,11780,1556,11775,13041
2020-06-10 10:49:21.470000,11894.96,11785,5086,11790,8889,11780,1556,11775,13041
2020-06-10 10:49:21.890000,11894.96,11785,5086,11790,8889,11780,1556,11775,13041
2020-06-10 10:49:22.280000,11895.69,11785,5086,11790,8889,11780,6653,11775,13041
2020-06-10 10:49:24.020000,11895.69,11785,5086,11790,8889,11780,6653,11775,13041
2020-06-10 10:49:24.390000,11895.69,11785,5086,11790,8889,11780,1556,11775,13041
2020-06-10 10:49:25.590000,11895.69,11785,5056,11790,8889,11780,1556,11775,13041
2020-06-10 10:49:26.050000,11895.69,11785,5056,11790,8889,11780,2056,11775,13041
2020-06-10 10:49:26.800000,11895.69,11785,5056,11790,8889,11780,2056,11775,13041
2020-06-10 10:49:27.190000,11895.69,11785,5056,11790,8889,11780,2056,11775,13041
2020-06-10 10:49:28.010000,11895.69,11785,5056,11790,8889,11780,7153,11775,13041
2020-06-10 10:49:32.790000,11892.63,11785,5056,11790,8889,11780,7153,11775,13041
2020-06-10 10:49:37.510000,11892.63,11785,5056,11790,8889,11780,2056,11775,13041
2020-06-10 10:49:38.320000,11892.63,11785,5056,11790,8889,11780,2056,11775,13041
2020-06-10 10:49:38.450000,11892.63,11785,5056,11790,8889,11780,2056,11775,13041
2020-06-10 10:49:38.680000,11892.63,11785,5056,11790,8889,11780,7153,11775,13041
2020-06-10 10:49:44.290000,11894.08,11785,5056,11790,8889,11780,7153,11775,13041
2020-06-10 10:49:44.680000,11894.08,11785,5055,11790,8889,11780,7153,11775,13041
2020-06-10 10:49:45.700000,11894.08,11785,5055,11790,8889,11780,7153,11775,13051
2020-06-10 10:49:47.770000,11894.08,11785,5055,11790,8889,11780,7153,11775,13051
2020-06-10 10:49:49.850000,11894.08,11785,5055,11790,8889,11780,7153,11775,13051
2020-06-10 10:49:52.010000,11894.08,11790,7805,11795,10733,11780,7153,11775,13051
2020-06-10 10:49:52.470000,11893.58,11790,7805,11795,10733,11780,7153,11775,13051
2020-06-10 10:49:53.580000,11893.58,11790,7805,11795,10733,11780,7153,11775,13051
2020-06-10 10:49:54.790000,11893.58,11790,7805,11795,10733,11780,7153,11775,13051
2020-06-10 10:50:01.570000,11893.58,11790,5796,11795,10733,11785,4746,11780,7153
2020-06-10 10:50:02.490000,11893.35,11790,5796,11795,10733,11780,7153,11775,13051
2020-06-10 10:50:04.610000,11893.35,11790,5795,11795,10733,11780,7153,11775,13051
2020-06-10 10:50:05.740000,11893.35,11790,739,11795,10733,11785,4746,11780,7153
2020-06-10 10:50:06.720000,11893.35,11790,739,11795,10733,11785,4747,11780,7153
2020-06-10 10:50:07.890000,11893.35,11790,739,11795,10733,11785,4747,11780,7153
2020-06-10 10:50:09.190000,11893.35,11790,737,11795,10733,11785,4747,11780,7153
2020-06-10 10:50:16.290000,11892.27,11790,737,11795,10733,11785,4747,11780,7153
2020-06-10 10:50:16.620000,11892.27,11790,737,11795,10733,11785,4747,11780,7153
2020-06-10 10:50:17.410000,11892.27,11790,737,11795,10733,11785,4747,11780,7553
2020-06-10 10:50:18.020000,11892.27,11790,5793,11795,10733,11785,1,11780,7553
2020-06-10 10:50:18.350000,11892.27,11790,7802,11795,10733,11785,1,11780,7553
2020-06-10 10:50:23.010000,11893.43,11790,7803,11795,10733,11785,1,11780,7553
2020-06-10 10:50:26.510000,11893.43,11790,8803,11795,10733,11785,1,11780,7553
2020-06-10 10:50:27.990000,11893.43,11790,8903,11795,10633,11785,1,11780,7553
2020-06-10 10:50:31.950000,11893.43,11790,8903,11795,10633,11780,7553,11775,13051
2020-06-10 10:50:36.640000,11893.56,11790,8903,11795,10633,11785,1,11780,7553
2020-06-10 10:50:36.730000,11893.56,11790,8903,11795,10633,11785,1,11780,7553
2020-06-10 10:50:37.790000,11893.56,11790,8903,11795,10633,11785,1,11780,7553
2020-06-10 10:50:42.110000,11893.56,11790,8903,11795,10633,11780,7553,11775,13051
2020-06-10 10:50:43.570000,11892.53,11790,8903,11795,10633,11785,1,11780,7553
2020-06-10 10:50:45.720000,11892.53,11790,8903,11795,10633,11780,7553,11775,13051
2020-06-10 10:50:46.810000,11892.53,11790,8903,11795,10633,11785,1,11780,7553
2020-06-10 10:50:48.190000,11892.53,11790,8903,11795,10633,11785,1,11780,7553
2020-06-10 10:50:48.880000,11892.53,11790,8903,11795,10633,11785,1,11780,7553
2020-06-10 10:50:49.030000,11892.53,11790,8903,11795,10633,11785,1,11780,7553
2020-06-10 10:50:50.440000,11892.53,11790,8903,11795,10633,11785,1,11780,7553
2020-06-10 10:51:03.540000,11896.92,11790,8903,11795,10633,11785,1,11780,7553
2020-06-10 10:51:10.870000,11896.92,11790,8953,11795,10633,11785,1,11780,7553
2020-06-10 10:51:10.990000,11896.92,11790,6944,11795,10633,11785,1,11780,7553
2020-06-10 10:51:20.630000,11894.09,11790,1151,11795,10633,11785,4747,11780,7553
2020-06-10 10:51:21.490000,11894.09,11790,811,11795,10633,11785,4747,11780,7553
2020-06-10 10:51:21.770000,11894.09,11790,811,11795,10633,11785,4747,11780,7553
2020-06-10 10:51:22.520000,11894.81,11790,811,11795,10633,11785,4747,11780,7553
2020-06-10 10:51:23.660000,11894.81,11790,811,11795,10633,11785,5086,11780,7553
2020-06-10 10:51:24.080000,11894.81,11790,811,11795,10633,11785,5286,11780,7553
2020-06-10 10:51:24.790000,11894.81,11790,150,11795,10633,11785,5286,11780,7553
2020-06-10 10:51:29.680000,11894.81,11790,150,11795,10633,11785,5286,11780,7553
2020-06-10 10:51:31.880000,11894.81,11790,154,11795,10633,11785,5286,11780,7553
2020-06-10 10:51:32.550000,11895.78,11790,154,11795,9600,11785,5286,11780,7553
2020-06-10 10:51:35.960000,11895.78,11790,154,11795,9600,11785,5285,11780,7553
2020-06-10 10:51:38.810000,11895.78,11790,154,11795,9600,11785,5275,11780,7553
2020-06-10 10:51:42.580000,11895.64,11795,9600,11800,23690,11785,5275,11780,7053
2020-06-10 10:51:42.920000,11895.64,11795,1617,11800,23774,11785,5275,11780,7053
2020-06-10 10:51:44.720000,11895.64,11795,1617,11800,23774,11785,5275,11780,7053
2020-06-10 10:51:44.840000,11895.64,11795,7514,11800,23774,11785,5275,11780,7053
2020-06-10 10:51:45.090000,11895.64,11795,7514,11800,23774,11790,200,11785,5275
2020-06-10 10:51:45.310000,11895.64,11795,7514,11800,23774,11790,6220,11785,5275
2020-06-10 10:51:46.830000,11895.64,11795,1622,11800,23774,11790,6220,11785,5275
2020-06-10 10:51:46.950000,11895.64,11795,1622,11800,23774,11790,6220,11785,5075
2020-06-10 10:51:47.810000,11895.64,11795,1622,11800,23774,11790,6220,11785,5075
2020-06-10 10:51:48.220000,11895.64,11795,1622,11800,23774,11790,6210,11785,5075
2020-06-10 10:51:48.940000,11895.64,11795,1622,11800,23774,11790,7210,11785,5075
2020-06-10 10:51:49.950000,11895.64,11795,1622,11800,23779,11790,7210,11785,5075
2020-06-10 10:51:53.390000,11896.64,11795,1622,11800,23779,11790,7210,11785,5075
2020-06-10 10:51:54.480000,11896.64,11795,1622,11800,23779,11790,7210,11785,5075
2020-06-10 10:51:55.180000,11896.64,11795,1622,11800,23779,11790,7210,11785,5075
2020-06-10 10:51:58.010000,11896.64,11795,1622,11800,23779,11790,7210,11785,5075
2020-06-10 10:51:58.890000,11896.64,11795,1632,11800,23779,11790,7210,11785,5075
2020-06-10 10:52:02.030000,11896.82,11795,1632,11800,23785,11790,7210,11785,5075
2020-06-10 10:52:06.240000,11896.82,11795,1632,11800,23785,11790,7210,11785,5075
2020-06-10 10:52:10.010000,11896.82,11795,1635,11800,23785,11790,7210,11785,5075
2020-06-10 10:52:12.440000,11896.82,11795,1635,11800,23788,11790,7210,11785,5075
2020-06-10 10:52:13.550000,11897.0,11795,1635,11800,23791,11790,7210,11785,5075
2020-06-10 10:52:14.610000,11897.0,11795,7527,11800,23707,11790,7210,11785,5075
2020-06-10 10:52:14.990000,11897.0,11795,7527,11800,23707,11790,7210,11785,5075
2020-06-10 10:52:16.130000,11897.0,11795,7527,11800,23707,11790,7210,11785,5075
2020-06-10 10:52:16.330000,11897.0,11795,1635,11800,23707,11790,7210,11785,5075
2020-06-10 10:52:17.410000,11897.0,11795,7527,11800,23791,11790,7210,11785,5075
2020-06-10 10:52:18.270000,11897.0,11795,7527,11800,23791,11790,7210,11785,5075
2020-06-10 10:52:19.110000,11897.0,11795,7527,11800,23791,11790,7210,11785,5075
2020-06-10 10:52:19.990000,11897.0,11795,7527,11800,23791,11790,7210,11785,5075
2020-06-10 10:52:20.410000,11897.0,11795,7527,11800,23791,11790,7210,11785,5075
2020-06-10 10:52:20.880000,11897.0,11795,7527,11800,23791,11790,1190,11785,5075
2020-06-10 10:52:21.220000,11897.0,11795,7527,11800,23791,11790,1190,11785,5075
2020-06-10 10:52:21.930000,11897.0,11795,9534,11800,23791,11790,1190,11785,5075
2020-06-10 10:52:22.100000,11898.54,11795,9534,11800,23791,11790,1190,11785,5075
2020-06-10 10:52:22.490000,11898.54,11795,10534,11800,23791,11790,808,11785,5075
2020-06-10 10:52:23.530000,11898.54,11795,10534,11800,23791,11790,6828,11785,5075
2020-06-10 10:52:24.520000,11898.54,11795,10534,11800,23791,11790,808,11785,5075
2020-06-10 10:52:24.990000,11898.54,11795,10534,11800,23791,11790,808,11785,5075
2020-06-10 10:52:25.310000,11898.54,11795,10724,11800,23791,11790,3,11785,5075
2020-06-10 10:52:26.310000,11898.54,11795,10724,11800,23791,11790,3,11785,5075
2020-06-10 10:52:27.270000,11898.54,11795,10724,11800,23791,11790,3,11785,5078
2020-06-10 10:52:31.080000,11898.54,11795,10724,11800,23791,11790,5,11785,5078
2020-06-10 10:52:31.970000,11898.54,11795,10723,11800,23791,11790,5,11785,5078
2020-06-10 10:52:32.140000,11898.54,11795,10723,11800,23791,11785,5078,11780,7053
2020-06-10 10:52:32.480000,11895.5,11795,10723,11800,23791,11785,5078,11780,7053
2020-06-10 10:52:34.620000,11895.5,11795,10723,11800,23791,11790,1,11785,5078
2020-06-10 10:52:34.700000,11895.5,11795,10723,11800,23791,11790,1,11785,5080
2020-06-10 10:52:35.860000,11895.5,11795,10807,11800,23707,11790,1,11785,5080
2020-06-10 10:52:36.830000,11895.5,11795,10807,11800,23707,11790,1,11785,5080
2020-06-10 10:52:37.120000,11895.5,11795,8800,11800,23707,11790,1,11785,5080
2020-06-10 10:52:38.440000,11895.5,11795,8754,11800,23791,11790,1,11785,5080
2020-06-10 10:52:38.780000,11895.5,11795,10761,11800,23791,11790,1,11785,5080
2020-06-10 10:52:44.090000,11896.71,11795,10761,11800,23791,11790,6021,11785,5080
2020-06-10 10:52:47.590000,11896.71,11795,8754,11800,23791,11790,6021,11785,5080
2020-06-10 10:52:48.840000,11896.71,11795,8753,11800,23791,11790,6021,11785,5080
2020-06-10 10:52:55.740000,11896.7,11795,10760,11800,23791,11790,6021,11785,5080
2020-06-10 10:52:56.020000,11896.7,11795,10760,11800,23791,11790,1,11785,5080
2020-06-10 10:52:56.650000,11896.7,11795,10760,11800,23791,11790,1,11785,5080
2020-06-10 10:52:57.020000,11896.7,11795,10760,11800,23791,11790,1,11785,5080
2020-06-10 10:52:58.520000,11896.7,11795,10760,11800,23791,11785,5080,11780,7053
2020-06-10 10:53:01.320000,11896.7,11795,10760,11800,23791,11790,1,11785,5080
2020-06-10 10:53:05.290000,11897.29,11795,10760,11800,23707,11790,1,11785,5080
2020-06-10 10:53:08.300000,11897.29,11795,10760,11800,23707,11785,5080,11780,7053
2020-06-10 10:53:09.780000,11897.29,11795,10760,11800,24707,11790,1,11785,5080
2020-06-10 10:53:11.420000,11897.29,11795,10760,11800,24707,11790,1,11785,5080
2020-06-10 10:53:16.720000,11898.42,11795,10760,11800,23707,11790,1,11785,5080
2020-06-10 10:53:22.950000,11899.15,11795,10760,11800,23707,11790,2,11785,5080
2020-06-10 10:53:28.010000,11899.15,11795,10759,11800,23707,11790,2,11785,5080
2020-06-10 10:53:36.780000,11899.17,11795,8752,11800,23707,11790,6022,11785,5080
2020-06-10 10:53:37.760000,11899.17,11795,8752,11800,23707,11790,6022,11785,5080
2020-06-10 10:53:38.880000,11899.17,11795,8752,11800,23707,11790,6022,11785,5080
2020-06-10 10:53:41.210000,11899.17,11795,2860,11800,23707,11790,6828,11785,5080
2020-06-10 10:53:41.650000,11899.17,11795,1705,11800,23707,11790,6828,11785,5080
2020-06-10 10:53:42.480000,11897.94,11795,1705,11800,23757,11790,6828,11785,5080
2020-06-10 10:53:42.790000,11897.94,11795,7597,11800,23757,11790,6828,11785,5080
2020-06-10 10:53:44.930000,11897.94,11795,7597,11800,23757,11790,6828,11785,5080
2020-06-10 10:53:46.630000,11897.94,11795,7597,11800,23757,11790,6838,11785,5080
2020-06-10 10:53:46.790000,11897.94,11795,7597,11800,23757,11790,6838,11785,5080
2020-06-10 10:53:51.300000,11897.94,11795,7136,11800,23757,11790,6838,11785,5080
2020-06-10 10:53:51.680000,11897.94,11795,6697,11800,23757,11790,818,11785,5080
2020-06-10 10:53:52.580000,11899.12,11795,6161,11800,23757,11790,818,11785,5080
2020-06-10 10:53:53.380000,11899.12,11795,5636,11800,23757,11790,6838,11785,5080
2020-06-10 10:53:53.600000,11899.12,11800,23757,11805,13404,11790,6838,11785,5080
2020-06-10 10:53:54.500000,11899.12,11800,24757,11805,13404,11790,6838,11785,5080
2020-06-10 10:53:54.740000,11899.12,11795,1000,11800,24757,11790,7270,11785,5080
2020-06-10 10:53:56.540000,11899.12,11800,24757,11805,13404,11790,7270,11785,5080
2020-06-10 10:53:56.890000,11899.12,11795,1000,11800,24757,11790,7270,11785,5080
2020-06-10 10:53:57.600000,11899.12,11800,24757,11805,13404,11790,7270,11785,5080
2020-06-10 10:53:59.410000,11899.12,11795,1000,11800,24757,11790,7270,11785,5080
2020-06-10 10:54:00.850000,11899.12,11800,24757,11805,13404,11790,7270,11785,5080
2020-06-10 10:54:01.070000,11899.12,11800,24757,11805,13404,11790,7270,11785,5080
2020-06-10 10:54:02.990000,11897.77,11800,24757,11805,12404,11790,7270,11785,5080
2020-06-10 10:54:03.550000,11897.77,11800,24757,11805,12404,11790,7270,11785,5080
2020-06-10 10:54:05.600000,11897.77,11800,24757,11805,12404,11790,7270,11785,5080
2020-06-10 10:54:07.190000,11897.77,11800,24757,11805,12404,11795,5525,11790,7270
2020-06-10 10:54:07.720000,11897.77,11800,23724,11805,12404,11795,5525,11790,7270
2020-06-10 10:54:08.200000,11897.77,11800,21718,11805,12404,11795,5725,11790,7270
2020-06-10 10:54:10.890000,11897.77,11800,21718,11805,12404,11795,5725,11790,7270
2020-06-10 10:54:13.670000,11900.39,11800,21718,11805,12404,11795,5755,11790,7270
2020-06-10 10:54:15.190000,11900.39,11800,21718,11805,12404,11795,5754,11790,7270
2020-06-10 10:54:16.950000,11900.39,11800,21718,11805,12404,11795,5754,11790,7300
2020-06-10 10:54:18.430000,11900.39,11800,21718,11805,12404,11795,5754,11790,7400
2020-06-10 10:54:19.820000,11900.39,11800,21718,11805,12404,11795,5754,11790,7400
2020-06-10 10:54:21.060000,11900.39,11800,21718,11805,12404,11795,11774,11790,7400
2020-06-10 10:54:22.460000,11901.12,11800,21718,11805,12404,11795,11774,11790,7400
2020-06-10 10:54:23.810000,11901.12,11800,21718,11805,12404,11795,11774,11790,7400
2020-06-10 10:54:24.590000,11901.12,11800,21718,11805,12404,11795,5754,11790,7400
2020-06-10 10:54:25.810000,11901.12,11800,21718,11805,12404,11795,5754,11790,7400
2020-06-10 10:54:26.710000,11901.12,11800,21718,11805,12404,11795,11774,11790,7400
2020-06-10 10:54:27.120000,11901.12,11800,21718,11805,12404,11795,5754,11790,7400
2020-06-10 10:54:27.430000,11901.12,11800,21718,11805,12404,11795,5754,11790,7400
2020-06-10 10:54:28.790000,11901.12,11800,21718,11805,13404,11795,5754,11790,7400
2020-06-10 10:54:29.820000,11901.12,11800,21718,11805,13404,11795,5749,11790,7400
2020-06-10 10:54:30.960000,11901.12,11800,21708,11805,13404,11795,5749,11790,7390
2020-06-10 10:54:32.180000,11901.31,11800,21708,11805,13404,11795,5749,11790,7390
2020-06-10 10:54:33.980000,11901.31,11800,21708,11805,13404,11795,5749,11790,7390
2020-06-10 10:54:34.880000,11901.31,11800,23714,11805,13404,11795,5749,11790,7390
2020-06-10 10:54:35.630000,11901.31,11800,23714,11805,13404,11795,3005,11790,7390
2020-06-10 10:54:39.470000,11901.31,11800,23719,11805,13404,11795,3005,11790,7390
2020-06-10 10:54:43.970000,11902.08,11800,23719,11805,13404,11795,3005,11790,7390
2020-06-10 10:54:44.440000,11902.08,11800,23719,11805,13404,11790,6584,11785,5110
2020-06-10 10:54:44.800000,11902.08,11795,5636,11800,23719,11790,6584,11785,5110
2020-06-10 10:54:45.520000,11902.08,11795,5644,11800,23719,11790,7584,11785,5110
2020-06-10 10:54:45.680000,11902.08,11795,8,11800,23719,11790,7584,11785,5110
2020-06-10 10:54:46.970000,11902.08,11795,6,11800,23719,11790,7584,11785,5110
2020-06-10 10:54:47.680000,11902.08,11795,6,11800,23909,11790,7584,11785,5110
2020-06-10 10:54:47.910000,11902.08,11795,5642,11800,23909,11790,7584,11785,5110
2020-06-10 10:54:48.920000,11902.08,11795,5642,11800,23719,11790,7584,11785,5110
2020-06-10 10:54:49.940000,11902.08,11795,5642,11800,23719,11790,1564,11785,5110
2020-06-10 10:54:51.940000,11902.08,11795,5642,11800,23719,11790,1564,11785,5110
2020-06-10 10:54:52.110000,11903.88,11795,5642,11800,23919,11790,1564,11785,5110
2020-06-10 10:54:52.780000,11903.88,11795,7649,11800,23919,11790,1564,11785,5110
2020-06-10 10:54:55.770000,11903.88,11795,7649,11800,23919,11790,7584,11785,5110
2020-06-10 10:54:56.730000,11903.88,11795,5642,11800,23919,11790,7584,11785,5110
2020-06-10 10:54:58.080000,11903.88,11795,7654,11800,23919,11790,1564,11785,5110
2020-06-10 10:55:00.970000,11903.88,11795,5647,11800,23919,11790,7584,11785,5110
2020-06-10 10:55:01.170000,11903.88,11795,11,11800,23919,11790,7584,11785,5110
2020-06-10 10:55:03.060000,11901.28,11795,5647,11800,23919,11790,7584,11785,5110
2020-06-10 10:55:06.720000,11901.28,11795,5647,11800,23919,11790,7582,11785,5110
2020-06-10 10:55:11.030000,11901.28,11795,5645,11800,23919,11790,7582,11785,5110
2020-06-10 10:55:11.980000,11901.28,11795,5645,11800,23919,11790,7582,11785,5310
2020-06-10 10:55:13.390000,11902.05,11795,7652,11800,23919,11790,1562,11785,5310
2020-06-10 10:55:14.850000,11902.05,11795,5645,11800,23919,11790,7582,11785,5310
2020-06-10 10:55:15.600000,11902.05,11795,9,11800,23919,11790,7582,11785,5310
2020-06-10 10:55:16.120000,11902.05,11795,5645,11800,23919,11790,7582,11785,5310
2020-06-10 10:55:16.570000,11902.05,11795,5644,11800,23919,11790,1562,11785,5310
2020-06-10 10:55:17.790000,11902.05,11795,5644,11800,23919,11790,7582,11785,5310
2020-06-10 10:55:18.710000,11902.05,11795,5644,11800,23919,11790,7582,11785,5310
2020-06-10 10:55:19.210000,11902.05,11795,8,11800,23919,11790,7582,11785,5310
2020-06-10 10:55:20.450000,11902.05,11795,5644,11800,23919,11790,1562,11785,5310
2020-06-10 10:55:20.910000,11902.05,11795,7651,11800,23919,11790,1562,11785,5310
2020-06-10 10:55:21.510000,11902.05,11795,7651,11800,23919,11790,1562,11785,5310
2020-06-10 10:55:22.020000,11902.05,11795,7651,11800,23919,11790,1561,11785,5310
2020-06-10 10:55:22.990000,11903.33,11795,7651,11800,23919,11790,3249,11785,5310
2020-06-10 10:55:23.940000,11903.33,11795,7651,11800,23962,11790,3249,11785,5310
2020-06-10 10:55:27.800000,11903.33,11795,7651,11800,23962,11790,3249,11785,5310
2020-06-10 10:55:29.990000,11903.33,11795,7651,11800,23962,11790,3163,11785,5310
2020-06-10 10:55:30.910000,11903.33,11795,7651,11800,23962,11790,3163,11785,5310
2020-06-10 10:55:32.020000,11901.09,11795,7651,11800,23962,11790,3163,11785,5310
2020-06-10 10:55:34.410000,11901.09,11795,7651,11800,23962,11790,2163,11785,5310
2020-06-10 10:55:35.470000,11901.09,11795,7651,11800,23962,11790,2193,11785,5310
2020-06-10 10:55:36.170000,11901.09,11795,7651,11800,23962,11790,2193,11785,5310
2020-06-10 10:55:37.140000,11901.09,11795,7651,11800,23962,11790,2193,11785,5340
2020-06-10 10:55:37.310000,11901.09,11795,7651,11800,23962,11790,2193,11785,5340
2020-06-10 10:55:38.630000,11901.09,11795,7651,11800,23962,11790,2193,11785,5340
2020-06-10 10:55:39.610000,11901.09,11795,7651,11800,23962,11790,2193,11785,5340
2020-06-10 10:55:41.000000,11901.09,11795,7651,11800,23962,11790,2193,11785,5340
2020-06-10 10:55:41.940000,11901.09,11795,7651,11800,23962,11790,2093,11785,5340
2020-06-10 10:55:43.090000,11903.3,11795,7651,11800,23962,11790,2093,11785,5340
2020-06-10 10:55:43.280000,11903.3,11795,7651,11800,23962,11790,2093,11785,5340
2020-06-10 10:55:45.190000,11903.3,11795,7751,11800,23962,11790,2093,11785,5340
2020-06-10 10:55:46.390000,11903.3,11795,7751,11800,23962,11790,2093,11785,5340
2020-06-10 10:55:47.440000,11903.3,11795,7751,11800,23962,11790,2093,11785,5340
2020-06-10 10:55:48.550000,11903.3,11795,7751,11800,23962,11790,2093,11785,5340
2020-06-10 10:55:57.530000,11903.91,11795,7751,11800,23962,11790,2093,11785,5340
2020-06-10 10:55:58.950000,11903.91,11795,7751,11800,23962,11790,2093,11785,5340
2020-06-10 10:55:59.290000,11903.91,11795,7751,11800,23962,11790,2093,11785,5340
2020-06-10 10:56:00.060000,11903.91,11795,7751,11800,23962,11790,2093,11785,5340
2020-06-10 10:56:05.270000,11902.34,11795,7751,11800,23962,11790,2093,11785,5340
2020-06-10 10:56:07.430000,11902.34,11795,7751,11800,23962,11790,2093,11785,5340
2020-06-10 10:56:08.910000,11902.34,11795,7751,11800,23962,11790,2094,11785,5340
2020-06-10 10:56:13.410000,11901.22,11795,7751,11800,23962,11790,2093,11785,5340
2020-06-10 10:56:16.850000,11901.22,11795,7751,11800,23962,11790,2093,11785,5340
2020-06-10 10:56:18.020000,11901.22,11795,7751,11800,23962,11790,2293,11785,5340
2020-06-10 10:56:19.610000,11901.22,11795,2115,11800,23962,11790,8313,11785,5340
2020-06-10 10:56:20.440000,11901.22,11795,108,11800,23962,11790,9313,11785,5340
2020-06-10 10:56:24.710000,11902.83,11795,5744,11800,23962,11790,3293,11785,5340
2020-06-10 10:56:24.890000,11902.83,11795,5743,11800,23962,11790,9313,11785,5340
2020-06-10 10:56:25.670000,11902.83,11795,107,11800,23962,11790,9313,11785,5340
2020-06-10 10:56:29.080000,11902.83,11795,107,11800,23762,11790,9343,11785,5340
2020-06-10 10:56:31.080000,11902.83,11795,199,11800,23762,11790,9343,11785,5340
2020-06-10 10:56:31.500000,11902.83,11800,23762,11805,13318,11790,9343,11785,5340
2020-06-10 10:56:32.810000,11903.8,11800,23762,11805,13318,11790,9343,11785,5340
2020-06-10 10:56:42.200000,11903.8,11800,23762,11805,13318,11790,9343,11785,5340
2020-06-10 10:56:44.180000,11903.31,11800,23769,11805,13318,11790,9343,11785,5340
2020-06-10 10:56:46.310000,11903.31,11800,23770,11805,13318,11790,9343,11785,5340
2020-06-10 10:56:46.590000,11903.31,11800,23770,11805,13318,11790,9343,11785,5340
2020-06-10 10:56:47.290000,11903.31,11800,16100,11805,13318,11795,7020,11790,9343
2020-06-10 10:56:47.480000,11903.31,11800,16100,11805,12318,11795,7020,11790,9343
2020-06-10 10:56:47.670000,11903.31,11800,21764,11805,12318,11795,7020,11790,9343
2020-06-10 10:56:48.290000,11903.31,11800,21764,11805,12318,11795,7220,11790,9343
2020-06-10 10:56:49.880000,11903.31,11800,21764,11805,12318,11795,7220,11790,9343
2020-06-10 10:56:52.630000,11901.83,11800,16100,11805,12318,11795,7250,11790,9343
2020-06-10 10:56:57.800000,11901.83,11800,15100,11805,12318,11795,7250,11790,9343
2020-06-10 10:57:05.080000,11902.39,11800,20764,11805,12318,11795,7250,11790,9343
2020-06-10 10:57:06.300000,11902.39,11800,20764,11805,12318,11795,1230,11790,9343
2020-06-10 10:57:07.360000,11902.39,11800,20764,11805,12318,11795,1230,11790,9343
2020-06-10 10:57:07.680000,11902.39,11800,20764,11805,12318,11795,7250,11790,9343
2020-06-10 10:57:10.680000,11902.39,11800,20764,11805,12318,11795,7250,11790,9343
2020-06-10 10:57:10.970000,11902.39,11800,20764,11805,12318,11795,7250,11790,9343
2020-06-10 10:57:12.070000,11903.97,11800,20764,11805,12318,11795,7250,11790,9343
2020-06-10 10:57:12.250000,11903.97,11800,20764,11805,12318,11795,7250,11790,9343
2020-06-10 10:57:16.780000,11903.97,11800,20764,11805,12318,11795,1230,11790,9343
2020-06-10 10:57:16.970000,11903.97,11800,22770,11805,12318,11795,1230,11790,9343
2020-06-10 10:57:20.520000,11903.97,11800,23770,11805,12318,11790,9343,11785,5140
2020-06-10 10:57:21.050000,11903.97,11800,23770,11805,12318,11790,9343,11785,5140
2020-06-10 10:57:24.200000,11906.47,11800,23770,11805,12318,11790,9343,11785,5140
2020-06-10 10:57:24.590000,11906.47,11800,23970,11805,12318,11790,9343,11785,5140
2020-06-10 10:57:25.050000,11906.47,11800,26613,11805,12318,11790,9343,11785,5140
2020-06-10 10:57:27.810000,11906.47,11800,26613,11805,12318,11790,9343,11785,5340
2020-06-10 10:57:29.220000,11906.47,11800,26613,11805,12318,11790,9343,11785,5340
2020-06-10 10:57:33.780000,11906.6,11795,277,11800,26613,11790,9343,11785,5340
2020-06-10 10:57:34.310000,11906.6,11800,26613,11805,12318,11790,9343,11785,5340
2020-06-10 10:57:44.120000,11907.0,11800,26614,11805,12318,11790,9343,11785,5340
2020-06-10 10:57:47.930000,11907.0,11800,26614,11805,12319,11790,7655,11785,5340
2020-06-10 10:57:48.230000,11907.0,11795,277,11800,26614,11790,7655,11785,5340
2020-06-10 10:57:48.980000,11907.0,11795,277,11800,26614,11790,7655,11785,5340
2020-06-10 10:57:49.160000,11907.0,11795,277,11800,26614,11790,7655,11785,5340
2020-06-10 10:57:49.620000,11907.0,11795,277,11800,26614,11790,7655,11785,5340
2020-06-10 10:57:52.800000,11908.99,11800,26614,11805,12319,11790,7655,11785,5340
2020-06-10 10:57:55.110000,11908.99,11800,26614,11805,12319,11790,7655,11785,5340
2020-06-10 10:58:01.020000,11908.99,11795,277,11800,26614,11790,7655,11785,5340
2020-06-10 10:58:01.170000,11908.99,11795,5913,11800,26614,11790,1635,11785,5340
2020-06-10 10:58:01.380000,11906.87,11795,7920,11800,26614,11790,635,11785,5340
2020-06-10 10:58:02.550000,11906.87,11795,7920,11800,26614,11790,6655,11785,5340
2020-06-10 10:58:03.610000,11906.87,11795,7919,11800,26614,11790,6655,11785,5340
2020-06-10 10:58:03.810000,11906.87,11795,7919,11800,26614,11790,6655,11785,5340
2020-06-10 10:58:04.020000,11906.87,11795,7919,11800,26614,11790,635,11785,5340
2020-06-10 10:58:04.700000,11906.87,11795,5912,11800,26614,11790,635,11785,5340
2020-06-10 10:58:05.020000,11906.87,11795,7919,11800,26614,11785,5340,11780,8178
2020-06-10 10:58:11.530000,11906.87,11795,7919,11800,26614,11785,6001,11780,8178
2020-06-10 10:58:11.910000,11906.87,11795,7919,11800,26614,11790,1000,11785,5971
2020-06-10 10:58:12.610000,11904.46,11795,5912,11800,26614,11790,7020,11785,5971
2020-06-10 10:58:13.670000,11904.46,11795,5911,11800,26614,11790,7020,11785,5971
2020-06-10 10:58:13.970000,11904.46,11795,5911,11800,27614,11790,9295,11785,5971
2020-06-10 10:58:16.080000,11904.46,11795,5950,11800,27614,11790,9295,11785,5971
2020-06-10 10:58:17.720000,11904.46,11795,5950,11800,26614,11790,9295,11785,5971
2020-06-10 10:58:18.420000,11904.46,11795,5950,11800,26614,11790,9295,11785,5971
2020-06-10 10:58:19.250000,11904.46,11795,8593,11800,23971,11790,3275,11785,5971
2020-06-10 10:58:20.030000,11904.46,11795,8593,11800,23971,11790,3275,11785,5971
2020-06-10 10:58:21.960000,11904.46,11795,8593,11800,23971,11790,9295,11785,5971
2020-06-10 10:58:22.920000,11907.04,11795,2957,11800,23971,11790,9295,11785,5971
2020-06-10 10:58:23.760000,11907.04,11795,2684,11800,23971,11790,9295,11785,5971
2020-06-10 10:58:23.890000,11907.04,11795,2684,11800,23971,11790,9295,11785,5971
2020-06-10 10:58:24.310000,11907.04,11795,2684,11800,23971,11790,9295,11785,5971
2020-06-10 10:58:26.350000,11907.04,11795,2684,11800,23971,11790,9295,11785,5971
2020-06-10 10:58:26.680000,11907.04,11795,2684,11800,23971,11790,9295,11785,5971
2020-06-10 10:58:27.420000,11907.04,11795,2684,11800,23971,11790,9295,11785,5971
2020-06-10 10:58:29.590000,11907.04,11800,23871,11805,12319,11790,9295,11785,5971
2020-06-10 10:58:31.090000,11907.04,11800,23871,11805,12319,11790,9295,11785,5971
2020-06-10 10:58:33.010000,11906.96,11800,23871,11805,12319,11790,9295,11785,5971
2020-06-10 10:58:34.900000,11906.96,11800,23871,11805,12319,11790,9295,11785,5971
2020-06-10 10:58:38.690000,11906.96,11800,23871,11805,12319,11790,9295,11785,5971
2020-06-10 10:58:39.790000,11906.96,11795,1,11800,23871,11790,9295,11785,5971
2020-06-10 10:58:40.410000,11906.96,11800,23871,11805,12319,11790,9295,11785,5971
2020-06-10 10:58:41.260000,11906.96,11800,23871,11805,12319,11790,9295,11785,5971
2020-06-10 10:58:42.300000,11907.77,11800,23871,11805,12319,11790,9295,11785,5971
2020-06-10 10:58:44.150000,11907.77,11800,23871,11805,12319,11790,9295,11785,5971
2020-06-10 10:58:46.720000,11907.77,11800,23871,11805,12319,11790,9295,11785,5971
2020-06-10 10:58:48.990000,11907.77,11800,23871,11805,12319,11790,9295,11785,5971
2020-06-10 10:58:52.770000,11906.12,11800,23871,11805,12319,11790,9295,11785,5971
2020-06-10 10:58:53.780000,11906.12,11800,23871,11805,12319,11790,9295,11785,5971
2020-06-10 10:59:01.380000,11906.12,11800,23871,11805,12319,11790,9295,11785,5971
2020-06-10 10:59:02.230000,11906.12,11800,23871,11805,12319,11795,6020,11790,9295
2020-06-10 10:59:03.120000,11906.38,11800,23871,11805,12319,11790,9295,11785,5971
2020-06-10 10:59:04.120000,11906.38,11800,23871,11805,12319,11790,9295,11785,5971
2020-06-10 10:59:05.820000,11906.38,11800,23871,11805,12319,11790,9295,11785,5971
2020-06-10 10:59:07.100000,11906.38,11795,275,11800,23871,11790,9295,11785,5971
2020-06-10 10:59:08.010000,11906.38,11795,5911,11800,23871,11790,9295,11785,5971
2020-06-10 10:59:09.580000,11906.38,11795,275,11800,23871,11790,9295,11785,5971
2020-06-10 10:59:09.820000,11906.38,11795,275,11800,23871,11790,9295,11785,5971
2020-06-10 10:59:09.990000,11906.38,11795,275,11800,23871,11790,9295,11785,5971
2020-06-10 10:59:10.880000,11906.38,11800,23871,11805,12319,11790,9295,11785,5971
2020-06-10 10:59:12.770000,11906.29,11800,23871,11805,12319,11790,9295,11785,5971
2020-06-10 10:59:13.300000,11906.29,11795,275,11800,23871,11790,9295,11785,5971
2020-06-10 10:59:13.740000,11906.29,11795,5911,11800,23871,11790,9295,11785,5971
2020-06-10 10:59:17.610000,11906.29,11795,5911,11800,23871,11790,3275,11785,5971
2020-06-10 10:59:19.050000,11906.29,11795,7918,11800,23871,11790,3275,11785,5971
2020-06-10 10:59:19.410000,11906.29,11795,7918,11800,23871,11790,2275,11785,5971
2020-06-10 10:59:20.110000,11906.29,11795,7918,11800,23871,11790,2275,11785,5971
2020-06-10 10:59:21.380000,11906.29,11795,7918,11800,23871,11785,5971,11780,7878
2020-06-10 10:59:22.380000,11907.45,11795,7918,11800,23871,11785,5971,11780,7878
2020-06-10 10:59:23.250000,11907.45,11795,7968,11800,23871,11785,5971,11780,7878
2020-06-10 10:59:24.550000,11907.45,11795,5961,11800,23871,11785,5971,11780,7878
2020-06-10 10:59:24.780000,11907.45,11795,7968,11800,23871,11785,5971,11780,7878
2020-06-10 10:59:25.220000,11907.45,11795,7968,11800,23871,11785,5971,11780,7878
2020-06-10 10:59:29.580000,11907.45,11795,7968,11800,23871,11785,5971,11780,7878
2020-06-10 10:59:31.190000,11907.45,11795,7968,11800,23871,11785,5971,11780,7878
2020-06-10 10:59:31.370000,11907.45,11795,7968,11800,23871,11785,5971,11780,7878
2020-06-10 10:59:37.580000,11908.36,11795,7968,11800,23871,11785,5971,11780,7878
2020-06-10 10:59:42.420000,11908.36,11795,7968,11800,23871,11785,5971,11780,7878
2020-06-10 10:59:43.570000,11908.21,11790,4653,11795,7968,11785,5971,11780,7878
2020-06-10 10:59:45.530000,11908.21,11790,4653,11795,7968,11785,5971,11780,7878
2020-06-10 10:59:47.770000,11908.21,11795,7968,11800,23871,11785,5971,11780,7878
2020-06-10 10:59:48.010000,11908.21,11795,7968,11800,23871,11785,5971,11780,7878
2020-06-10 10:59:48.380000,11908.21,11795,7968,11800,23871,11785,5971,11780,7878
2020-06-10 10:59:50.570000,11908.21,11790,6562,11795,7968,11785,1235,11780,7878
2020-06-10 10:59:50.790000,11908.21,11790,4553,11795,7968,11785,5971,11780,7878
2020-06-10 10:59:51.490000,11908.21,11795,7968,11800,23871,11785,5971,11780,7878
2020-06-10 10:59:53.650000,11905.89,11795,7968,11800,23871,11785,5971,11780,7878
2020-06-10 10:59:55.380000,11905.89,11795,7968,11800,23871,11785,5971,11780,7878
2020-06-10 10:59:56.790000,11905.89,11795,7968,11800,23871,11785,6471,11780,7878
2020-06-10 11:00:01.010000,11905.89,11795,7968,11800,23871,11785,6471,11780,7878
2020-06-10 11:00:02.040000,11905.89,11795,7968,11800,23871,11790,1000,11785,6471
2020-06-10 11:00:02.270000,11905.19,11795,7968,11800,23871,11790,1000,11785,6471
2020-06-10 11:00:03.210000,11905.19,11795,7966,11800,23871,11790,1000,11785,6471
2020-06-10 11:00:05.140000,11905.19,11795,7966,11800,23871,11790,995,11785,6471
2020-06-10 11:00:07.910000,11905.19,11795,7940,11800,23871,11790,990,11785,6471
2020-06-10 11:00:08.250000,11905.19,11795,5933,11800,23871,11790,990,11785,6471
2020-06-10 11:00:09.000000,11905.19,11795,5933,11800,23871,11790,990,11785,6471
2020-06-10 11:00:10.160000,11905.19,11795,5933,11800,23871,11790,7010,11785,6471
2020-06-10 11:00:11.130000,11905.19,11795,5933,11800,24371,11790,7010,11785,6471
2020-06-10 11:00:11.360000,11905.19,11795,5624,11800,24371,11790,7510,11785,6971
2020-06-10 11:00:11.580000,11905.19,11795,5624,11800,24371,11790,7510,11785,6971
2020-06-10 11:00:14.170000,11902.91,11795,5624,11800,24371,11790,7510,11785,6971
2020-06-10 11:00:14.520000,11902.91,11795,5624,11800,24371,11790,7510,11785,6971
2020-06-10 11:00:15.420000,11902.91,11795,5050,11800,24371,11790,7520,11785,6971
2020-06-10 11:00:17.160000,11902.91,11795,5050,11800,24371,11790,7520,11785,6971
2020-06-10 11:00:18.020000,11902.91,11795,5055,11800,24371,11790,7520,11785,6971
2020-06-10 11:00:18.480000,11902.91,11795,5055,11800,24371,11790,7520,11785,6971
2020-06-10 11:00:19.550000,11902.91,11795,5055,11800,24371,11790,7520,11785,6971
2020-06-10 11:00:21.610000,11903.5,11795,5055,11800,24371,11790,7520,11785,6971
2020-06-10 11:00:24.860000,11903.5,11795,6780,11800,24371,11790,7520,11785,6971
2020-06-10 11:00:27.040000,11903.5,11795,6780,11800,24371,11790,7520,11785,6971
2020-06-10 11:00:30.040000,11903.5,11795,6780,11800,24371,11790,7520,11785,6971
2020-06-10 11:00:32.120000,11903.5,11795,6780,11800,24371,11790,7520,11785,6971
2020-06-10 11:00:32.590000,11904.57,11800,24371,11805,12668,11795,41090,11790,7520
2020-06-10 11:00:34.210000,11904.57,11800,24371,11805,12668,11795,41085,11790,7520
2020-06-10 11:00:35.340000,11904.57,11800,24371,11805,12668,11795,41085,11790,7520
2020-06-10 11:00:35.600000,11904.57,11800,23371,11805,12668,11795,48105,11790,7520
2020-06-10 11:00:36.380000,11904.57,11800,15701,11805,12668,11795,48605,11790,7520
2020-06-10 11:00:36.510000,11904.57,11800,21365,11805,12668,11795,48605,11790,7520
2020-06-10 11:00:36.810000,11904.57,11800,15701,11805,10261,11795,48605,11790,7520
2020-06-10 11:00:37.090000,11904.57,11800,15701,11805,10261,11795,48105,11790,7520
2020-06-10 11:00:37.270000,11904.57,11800,15701,11805,10261,11795,48105,11790,7520
2020-06-10 11:00:38.100000,11904.57,11800,21365,11805,10261,11795,48105,11790,7520
2020-06-10 11:00:38.980000,11904.57,11800,21365,11805,10261,11795,7020,11790,7520
2020-06-10 11:00:39.070000,11904.57,11800,21365,11805,10261,11795,7020,11790,7520
2020-06-10 11:00:41.510000,11904.57,11800,21365,11805,12438,11795,7020,11790,7520
2020-06-10 11:00:42.210000,11904.75,11800,21365,11805,12438,11795,7020,11790,7520
2020-06-10 11:00:43.260000,11904.75,11805,12438,11810,10893,11800,19703,11795,7520
2020-06-10 11:00:44.330000,11904.75,11805,12438,11810,10893,11800,19703,11795,7520
2020-06-10 11:00:44.570000,11904.75,11805,12438,11810,10893,11800,19703,11795,7520
2020-06-10 11:00:45.320000,11904.75,11805,12438,11810,10893,11800,19703,11795,7520
2020-06-10 11:00:56.100000,11905.39,11805,12438,11810,10893,11800,19703,11795,7520
2020-06-10 11:00:56.220000,11905.39,11805,12438,11810,10893,11800,19703,11795,7520
2020-06-10 11:01:01.110000,11905.39,11805,12438,11810,10893,11800,19703,11795,7520
2020-06-10 11:01:02.190000,11907.69,11805,12438,11810,10893,11800,20203,11795,7520
2020-06-10 11:01:07.690000,11907.69,11805,12438,11810,10893,11800,20203,11795,7520
2020-06-10 11:01:08.080000,11907.69,11805,12438,11810,10893,11800,20203,11795,7520
2020-06-10 11:01:09.220000,11907.69,11805,12438,11810,10893,11800,20203,11795,7520
2020-06-10 11:01:12.670000,11908.09,11805,12111,11810,11220,11800,21203,11795,7520
2020-06-10 11:01:16.340000,11908.09,11805,12111,11810,11220,11800,21203,11795,7520
2020-06-10 11:01:23.680000,11910.24,11805,12111,11810,11220,11800,21198,11795,7520
2020-06-10 11:01:25.340000,11910.24,11805,12110,11810,11220,11800,21198,11795,7520
2020-06-10 11:01:25.680000,11910.24,11805,12115,11810,11220,11800,21198,11795,7520
2020-06-10 11:01:27.590000,11910.24,11805,12115,11810,11225,11800,21198,11795,7520
2020-06-10 11:01:29.620000,11910.24,11805,12115,11810,11225,11800,21198,11795,7520
2020-06-10 11:01:31.120000,11910.24,11805,12115,11810,11225,11800,21198,11795,7520
2020-06-10 11:01:32.830000,11907.88,11805,12115,11810,11225,11800,21198,11795,7520
2020-06-10 11:01:34.910000,11907.88,11805,12115,11810,11225,11800,21198,11795,7520
2020-06-10 11:01:36.180000,11907.88,11805,12115,11810,11225,11800,21198,11795,7520
2020-06-10 11:01:38.100000,11907.88,11805,12115,11810,11225,11800,21198,11795,7520
2020-06-10 11:01:40.100000,11907.88,11805,12115,11810,11225,11800,21198,11795,7520
2020-06-10 11:01:41.440000,11907.88,11805,12115,11810,11225,11800,21198,11795,7520
2020-06-10 11:01:43.350000,11911.54,11805,12115,11810,11225,11800,21198,11795,7520
2020-06-10 11:01:45.220000,11911.54,11805,12115,11810,11225,11800,21198,11795,7520
2020-06-10 11:01:46.800000,11911.54,11805,12115,11810,11225,11800,21198,11795,7520
2020-06-10 11:01:48.580000,11911.54,11805,12115,11810,11225,11800,21198,11795,7520
2020-06-10 11:01:50.610000,11911.54,11805,12115,11810,11225,11800,21198,11795,7520
2020-06-10 11:01:51.800000,11911.92,11805,12115,11810,11225,11800,21198,11795,7520
2020-06-10 11:01:53.200000,11911.92,11805,11615,11810,11225,11800,27218,11795,7520
2020-06-10 11:01:53.330000,11911.92,11805,11615,11810,11225,11800,21198,11795,7520
2020-06-10 11:01:54.280000,11911.92,11805,11615,11810,11225,11800,21198,11795,7520
2020-06-10 11:01:55.390000,11911.92,11805,11615,11810,11225,11800,21198,11795,7520
2020-06-10 11:01:57.390000,11911.92,11805,11615,11810,11225,11800,21198,11795,7520
2020-06-10 11:01:58.920000,11911.92,11805,11615,11810,11225,11800,21198,11795,7520
2020-06-10 11:02:06.360000,11912.53,11805,11765,11810,11225,11800,21198,11795,7520
2020-06-10 11:02:13.710000,11908.93,11805,11765,11810,11225,11800,20698,11795,7520
2020-06-10 11:02:19.680000,11908.93,11805,11765,11810,11225,11800,18692,11795,1500
2020-06-10 11:02:20.550000,11908.93,11805,11765,11810,11225,11800,18228,11795,1500
2020-06-10 11:02:20.760000,11908.93,11805,11765,11810,11225,11800,17764,11795,7520
2020-06-10 11:02:21.680000,11908.93,11805,11765,11810,11225,11800,17764,11795,7520
2020-06-10 11:02:22.740000,11907.33,11805,11765,11810,11225,11800,18264,11795,7520
2020-06-10 11:02:24.290000,11907.33,11805,11765,11810,11225,11800,18264,11795,7520
2020-06-10 11:02:24.680000,11907.33,11805,11765,11810,11225,11800,18264,11795,7520
2020-06-10 11:02:28.910000,11907.33,11805,11765,11810,11225,11800,18264,11795,7520
2020-06-10 11:02:36.050000,11908.2,11805,11765,11810,11225,11800,18264,11795,7520
2020-06-10 11:02:39.060000,11908.2,11805,11765,11810,11225,11800,18264,11795,7520
2020-06-10 11:02:41.130000,11908.2,11805,11765,11810,11225,11800,17948,11795,7520
2020-06-10 11:02:41.220000,11908.2,11805,9588,11810,11225,11800,17948,11795,7520
2020-06-10 11:02:41.420000,11908.2,11805,11600,11810,11225,11800,17948,11795,7520
2020-06-10 11:02:42.230000,11908.2,11805,9588,11810,11225,11800,17948,11795,7520
2020-06-10 11:02:44.780000,11909.0,11805,9588,11810,11225,11800,17943,11795,7520
2020-06-10 11:02:46.500000,11909.0,11805,6845,11810,11225,11800,17943,11795,7520
2020-06-10 11:02:47.610000,11909.0,11805,6524,11810,11225,11800,17943,11795,7520
2020-06-10 11:02:49.400000,11909.0,11805,8536,11810,11225,11800,17943,11795,7520
2020-06-10 11:02:53.470000,11907.68,11805,8536,11810,11225,11800,17943,11795,7520
2020-06-10 11:02:58.280000,11907.68,11805,6524,11810,11225,11800,17943,11795,7520
2020-06-10 11:02:58.990000,11907.68,11805,6524,11810,10225,11800,17943,11795,7520
2020-06-10 11:02:59.180000,11907.68,11810,7762,11815,11954,11805,7024,11800,23963
2020-06-10 11:02:59.480000,11907.68,11810,7762,11815,11954,11805,7024,11800,23963
2020-06-10 11:03:01.060000,11907.68,11810,7762,11815,11954,11805,8024,11800,23963
2020-06-10 11:03:01.240000,11907.68,11810,9773,11815,11954,11805,8024,11800,23963
2020-06-10 11:03:02.100000,11907.68,11810,7435,11815,12281,11805,8024,11800,23963
2020-06-10 11:03:03.650000,11908.39,11810,7435,11815,12281,11805,8024,11800,23973
2020-06-10 11:03:04.650000,11908.39,11810,9446,11815,12281,11805,8024,11800,23973
2020-06-10 11:03:05.620000,11908.39,11810,9446,11815,12281,11805,8024,11800,23973
2020-06-10 11:03:07.380000,11908.39,11810,9446,11815,12281,11805,8024,11800,23973
2020-06-10 11:03:11.210000,11908.39,11810,9446,11815,12281,11805,8024,11800,23974
2020-06-10 11:03:12.220000,11908.39,11810,6470,11815,12281,11805,8024,11800,23974
2020-06-10 11:03:13.290000,11909.81,11810,6470,11815,12281,11805,13121,11800,23974
2020-06-10 11:03:13.580000,11909.81,11810,6470,11815,12281,11805,13121,11800,23974
2020-06-10 11:03:14.400000,11909.81,11810,6470,11815,12281,11805,8024,11800,23974
2020-06-10 11:03:14.680000,11909.81,11810,6470,11815,12281,11805,8024,11800,23974
2020-06-10 11:03:15.470000,11909.81,11815,12281,11820,9873,11805,13121,11800,23974
2020-06-10 11:03:15.820000,11909.81,11810,200,11815,11281,11805,13121,11800,23974
2020-06-10 11:03:16.350000,11909.81,11810,200,11815,11281,11805,13121,11800,23974
2020-06-10 11:03:16.880000,11909.81,11810,200,11815,11281,11805,13121,11800,23974
2020-06-10 11:03:17.180000,11909.81,11810,200,11815,11281,11805,13121,11800,23974
2020-06-10 11:03:18.580000,11909.81,11810,200,11815,11281,11805,13121,11800,23974
2020-06-10 11:03:19.580000,11909.81,11810,200,11815,11281,11805,13121,11800,23974
2020-06-10 11:03:19.740000,11909.81,11815,11281,11820,10873,11805,13121,11800,23973
2020-06-10 11:03:20.110000,11909.81,11815,11281,11820,10873,11810,500,11805,13121
2020-06-10 11:03:20.530000,11909.81,11815,11281,11820,10873,11810,40,11805,13121
2020-06-10 11:03:21.490000,11908.33,11815,11281,11820,10873,11810,240,11805,13121
2020-06-10 11:03:21.680000,11908.33,11815,11281,11820,10873,11810,740,11805,13121
2020-06-10 11:03:22.320000,11908.33,11815,11281,11820,10873,11810,240,11805,13121
2020-06-10 11:03:22.490000,11908.33,11815,11281,11820,10873,11810,740,11805,13121
2020-06-10 11:03:23.580000,11908.33,11815,11281,11820,10873,11810,740,11805,13161
2020-06-10 11:03:24.750000,11908.33,11815,11097,11820,10873,11810,1740,11805,13161
2020-06-10 11:03:26.410000,11908.33,11815,11097,11820,10873,11810,1740,11805,13161
2020-06-10 11:03:27.020000,11908.33,11815,9450,11820,10873,11810,1740,11805,13161
2020-06-10 11:03:27.410000,11908.33,11815,7803,11820,10873,11810,1740,11805,13161
2020-06-10 11:03:27.880000,11908.33,11815,6156,11820,10873,11810,1740,11805,13161
2020-06-10 11:03:28.280000,11908.33,11815,4509,11820,10873,11810,1240,11805,13161
2020-06-10 11:03:29.050000,11908.33,11815,4509,11820,10873,11810,1240,11805,13161
2020-06-10 11:03:29.140000,11908.33,11815,2862,11820,10873,11810,1240,11805,13161
2020-06-10 11:03:29.440000,11908.33,11815,2862,11820,10873,11810,1240,11805,13161
2020-06-10 11:03:29.880000,11908.33,11815,2862,11820,10873,11810,1240,11805,13161
2020-06-10 11:03:31.660000,11908.33,11815,2862,11820,10873,11810,1240,11805,13161
2020-06-10 11:03:31.950000,11908.33,11815,2862,11820,10873,11810,1240,11805,13161
2020-06-10 11:03:33.190000,11910.2,11815,2862,11820,10873,11810,2240,11805,13161
2020-06-10 11:03:40.090000,11910.2,11815,2862,11820,10873,11805,13161,11800,24013
2020-06-10 11:03:40.280000,11910.2,11815,2862,11820,10873,11805,13161,11800,24013
2020-06-10 11:03:42.810000,11910.77,11815,3062,11820,10873,11805,13161,11800,24013
2020-06-10 11:03:45.280000,11910.77,11815,3062,11820,10873,11805,13561,11800,24013
2020-06-10 11:03:51.060000,11910.77,11815,3062,11820,10873,11810,500,11805,13561
2020-06-10 11:03:52.180000,11910.77,11815,3062,11820,10873,11810,500,11805,13561
2020-06-10 11:03:52.400000,11913.25,11815,3062,11820,10873,11810,500,11805,13561
2020-06-10 11:03:53.230000,11913.25,11815,3062,11820,10873,11810,500,11805,13561
2020-06-10 11:03:54.380000,11913.25,11815,3100,11820,10873,11810,500,11805,13561
2020-06-10 11:03:55.320000,11913.25,11815,3100,11820,10873,11810,500,11805,13561
2020-06-10 11:03:56.370000,11913.25,11815,3100,11820,10873,11810,500,11805,13561
2020-06-10 11:03:56.870000,11913.25,11815,3100,11820,10873,11810,500,11805,13561
2020-06-10 11:03:58.980000,11913.25,11815,3100,11820,10873,11810,500,11805,13561
2020-06-10 11:03:59.380000,11913.25,11815,3100,11820,10873,11805,8464,11800,23513
2020-06-10 11:03:59.910000,11913.25,11815,3100,11820,10873,11805,13561,11800,23513
2020-06-10 11:04:00.410000,11913.25,11815,3100,11820,10873,11805,13561,11800,23513
2020-06-10 11:04:01.370000,11913.25,11815,3600,11820,10873,11805,13561,11800,23513
2020-06-10 11:04:02.130000,11913.25,11815,3600,11820,10873,11805,13561,11800,23513
2020-06-10 11:04:02.300000,11915.12,11815,3600,11820,10873,11805,13561,11800,23513
2020-06-10 11:04:03.220000,11915.12,11815,3600,11820,10873,11805,13561,11800,23513
2020-06-10 11:04:04.210000,11915.12,11815,3600,11820,10873,11805,13561,11800,23513
2020-06-10 11:04:05.330000,11915.12,11815,3600,11820,10873,11810,100,11805,13561
2020-06-10 11:04:05.540000,11915.12,11815,3600,11820,10873,11810,100,11805,13561
2020-06-10 11:04:06.320000,11915.12,11815,3600,11820,10873,11810,100,11805,13561
2020-06-10 11:04:09.680000,11915.12,11815,3600,11820,10873,11810,100,11805,13561
2020-06-10 11:04:10.500000,11915.12,11815,3600,11820,10873,11810,100,11805,13561
2020-06-10 11:04:16.890000,11915.91,11815,3600,11820,10873,11810,100,11805,13561
2020-06-10 11:04:23.230000,11916.8,11820,10873,11825,13945,11810,4836,11805,13561
2020-06-10 11:04:23.470000,11916.8,11820,7406,11825,14945,11815,500,11810,4836
2020-06-10 11:04:23.810000,11916.8,11820,1770,11825,14945,11815,7520,11810,4836
2020-06-10 11:04:24.780000,11916.8,11820,28,11825,11223,11815,7520,11810,4836
2020-06-10 11:04:25.030000,11916.8,11825,4203,11830,12263,11820,5992,11815,7520
2020-06-10 11:04:25.220000,11916.8,11825,3703,11830,8542,11820,6992,11815,7020
2020-06-10 11:04:25.480000,11916.8,11825,3703,11830,8542,11820,6992,11815,7020
2020-06-10 11:04:25.870000,11916.8,11825,3262,11830,7542,11820,6992,11815,7020
2020-06-10 11:04:26.110000,11916.8,11825,3262,11830,7542,11820,6992,11815,7020
2020-06-10 11:04:27.080000,11916.8,11830,7542,11835,14017,11820,6992,11815,7020
2020-06-10 11:04:27.200000,11916.8,11830,7542,11835,14017,11820,6992,11815,7020
2020-06-10 11:04:27.510000,11916.8,11830,7542,11835,14017,11820,6992,11815,7020
2020-06-10 11:04:27.890000,11916.8,11830,9548,11835,14017,11820,6992,11815,7020
2020-06-10 11:04:28.220000,11916.8,11830,7542,11835,14017,11820,6992,11815,7020
2020-06-10 11:04:30.040000,11916.8,11830,9548,11835,14017,11820,6992,11815,7020
2020-06-10 11:04:30.540000,11916.8,11830,7542,11835,14017,11820,6992,11815,7020
2020-06-10 11:04:31.010000,11916.8,11830,7542,11835,13017,11820,6992,11815,7020
2020-06-10 11:04:32.140000,11925.3,11830,2216,11835,13017,11825,20,11820,6992
2020-06-10 11:04:32.480000,11925.3,11830,2216,11835,13017,11825,6040,11820,6992
2020-06-10 11:04:33.260000,11925.3,11830,2216,11835,13017,11825,7040,11820,6992
2020-06-10 11:04:34.180000,11925.3,11830,2216,11835,13017,11825,7040,11820,6992
2020-06-10 11:04:37.430000,11925.3,11830,2216,11835,13017,11825,7040,11820,6992
2020-06-10 11:04:37.640000,11925.3,11835,11012,11840,11734,11825,7024,11820,6992
2020-06-10 11:04:38.600000,11925.3,11835,13017,11840,11734,11825,7024,11820,6992
2020-06-10 11:04:39.680000,11925.3,11830,144,11835,13017,11825,7024,11820,6992
2020-06-10 11:04:39.870000,11925.3,11835,14017,11840,11734,11830,157,11825,7024
2020-06-10 11:04:40.570000,11925.3,11835,14017,11840,11734,11825,7024,11820,6992
2020-06-10 11:04:40.740000,11925.3,11835,13825,11840,10586,11825,7024,11820,6992
2020-06-10 11:04:41.620000,11925.3,11835,13826,11840,10586,11825,7024,11820,6992
2020-06-10 11:04:41.980000,11925.49,11835,13824,11840,10586,11825,7024,11820,6992
2020-06-10 11:04:42.680000,11925.49,11835,11819,11840,10586,11825,7024,11820,6992
2020-06-10 11:04:43.760000,11925.49,11835,11919,11840,10586,11825,7024,11820,6992
2020-06-10 11:04:44.740000,11925.49,11835,11919,11840,10586,11830,154,11825,7024
2020-06-10 11:04:45.270000,11925.49,11835,11919,11840,10586,11830,154,11825,7024
2020-06-10 11:04:47.150000,11925.49,11835,5899,11840,10586,11830,5251,11825,7024
2020-06-10 11:04:47.930000,11925.49,11835,4726,11840,8296,11830,5251,11825,7024
2020-06-10 11:04:48.210000,11925.49,11840,9470,11845,26602,11835,2126,11830,5251
2020-06-10 11:04:48.980000,11925.49,11835,7433,11840,11760,11830,175,11825,7020
2020-06-10 11:04:49.190000,11925.49,11835,7606,11840,12587,11830,175,11825,7020
2020-06-10 11:04:50.050000,11925.49,11835,7606,11840,12587,11830,175,11825,7020
2020-06-10 11:04:50.440000,11925.49,11835,7606,11840,11587,11830,5272,11825,7020
2020-06-10 11:04:50.970000,11925.49,11835,1187,11840,11587,11830,5272,11825,7020
2020-06-10 11:04:51.580000,11932.0,11835,1187,11840,11587,11830,5272,11825,7020
2020-06-10 11:04:52.650000,11932.0,11840,11587,11845,26602,11835,907,11830,5272
2020-06-10 11:04:52.830000,11932.0,11840,11587,11845,26602,11830,5272,11825,7020
2020-06-10 11:04:53.720000,11932.0,11840,11987,11845,26602,11830,7172,11825,7020
2020-06-10 11:04:53.910000,11932.0,11840,11987,11845,26602,11830,8172,11825,7020
2020-06-10 11:04:54.210000,11932.0,11840,11987,11845,26602,11830,6272,11825,7020
2020-06-10 11:04:54.580000,11932.0,11835,1000,11840,11987,11830,6272,11825,7020
2020-06-10 11:04:55.110000,11932.0,11835,9425,11840,11587,11830,1175,11825,7020
2020-06-10 11:04:56.320000,11932.0,11835,9425,11840,11587,11830,1175,11825,7020
2020-06-10 11:04:56.470000,11932.0,11835,9425,11840,11587,11830,6272,11825,7020
2020-06-10 11:04:56.640000,11932.0,11835,7420,11840,11587,11830,6272,11825,7020
2020-06-10 11:04:57.360000,11932.0,11835,7420,11840,11587,11830,6272,11825,7020
2020-06-10 11:04:57.780000,11932.0,11835,7420,11840,11587,11830,6272,11825,7020
2020-06-10 11:04:58.110000,11932.0,11835,1400,11840,11587,11830,6272,11825,7020
2020-06-10 11:04:58.890000,11932.0,11835,1400,11840,11587,11830,6272,11825,7020
2020-06-10 11:04:59.180000,11932.0,11840,11587,11845,26602,11830,6972,11825,7020
2020-06-10 11:04:59.960000,11932.0,11840,11887,11845,26602,11830,8272,11825,10020
2020-06-10 11:05:00.170000,11932.0,11840,2277,11845,24141,11835,5736,11830,8372
2020-06-10 11:05:01.050000,11932.0,11840,2277,11845,23141,11835,5736,11830,8372
2020-06-10 11:05:01.330000,11932.0,11840,2277,11845,23141,11835,5740,11830,8368
2020-06-10 11:05:02.110000,11932.0,11840,2675,11845,23141,11835,5739,11830,8368
2020-06-10 11:05:02.500000,11930.56,11840,2675,11845,23141,11835,5739,11830,8368
2020-06-10 11:05:03.110000,11930.56,11840,10698,11845,25315,11835,1004,11830,8368
2020-06-10 11:05:03.610000,11930.56,11835,1000,11840,11298,11830,8368,11825,10105
2020-06-10 11:05:04.080000,11930.56,11835,1000,11840,11298,11830,6368,11825,10105
2020-06-10 11:05:04.470000,11930.56,11835,400,11840,11298,11830,6368,11825,10105
2020-06-10 11:05:04.860000,11930.56,11835,400,11840,11298,11830,6368,11825,10105
2020-06-10 11:05:05.280000,11930.56,11840,11598,11845,25315,11835,4321,11830,6368
2020-06-10 11:05:06.360000,11930.56,11840,9295,11845,25315,11835,4321,11830,6368
2020-06-10 11:05:06.550000,11930.56,11840,9295,11845,25315,11835,4321,11830,6368
2020-06-10 11:05:06.840000,11930.56,11840,9295,11845,25315,11835,4449,11830,6240
2020-06-10 11:05:07.190000,11930.56,11840,9295,11845,25315,11835,4449,11830,6240
2020-06-10 11:05:07.920000,11930.56,11840,9295,11845,25315,11835,5448,11830,6240
2020-06-10 11:05:08.140000,11930.56,11840,9295,11845,25315,11835,5474,11830,6214
2020-06-10 11:05:08.520000,11930.56,11840,9495,11845,25315,11835,5474,11830,6214
2020-06-10 11:05:08.910000,11930.56,11840,9295,11845,25315,11835,5474,11830,6214
2020-06-10 11:05:09.500000,11930.56,11840,3275,11845,25315,11835,5474,11830,6214
2020-06-10 11:05:09.810000,11930.56,11840,9495,11845,25315,11835,5474,11830,6214
2020-06-10 11:05:10.580000,11930.56,11840,11498,11845,25315,11835,1153,11830,6214
2020-06-10 11:05:10.730000,11930.56,11840,11298,11845,9315,11830,6214,11825,10105
2020-06-10 11:05:11.020000,11930.56,11840,11298,11845,9315,11835,100,11830,6114
2020-06-10 11:05:11.480000,11930.56,11840,11298,11845,9315,11835,100,11830,6114
2020-06-10 11:05:12.050000,11930.56,11840,9295,11845,9315,11835,6120,11830,6114
2020-06-10 11:05:13.750000,11933.46,11840,9295,11845,9315,11835,6120,11830,6114
2020-06-10 11:05:14.090000,11933.46,11840,3275,11845,9315,11835,6120,11830,6114
2020-06-10 11:05:14.580000,11933.46,11840,3275,11845,9315,11835,6120,11830,6114
2020-06-10 11:05:15.340000,11933.46,11840,3275,11845,9315,11835,6120,11830,6114
2020-06-10 11:05:17.610000,11933.46,11840,11298,11845,9315,11835,100,11830,6114
2020-06-10 11:05:18.470000,11933.46,11840,11298,11845,9315,11830,6114,11825,10105
2020-06-10 11:05:18.650000,11933.46,11840,11361,11845,9315,11830,6114,11825,10105
2020-06-10 11:05:20.610000,11933.46,11840,11361,11845,9315,11830,6114,11825,10105
2020-06-10 11:05:20.950000,11933.46,11835,90,11840,11361,11830,6114,11825,10105
2020-06-10 11:05:21.510000,11933.46,11840,11361,11845,9315,11830,6114,11825,10105
2020-06-10 11:05:22.290000,11933.91,11840,11361,11845,9315,11835,4199,11830,6114
2020-06-10 11:05:23.230000,11933.91,11840,11361,11845,9315,11835,832,11830,6114
2020-06-10 11:05:23.390000,11933.91,11840,11361,11845,9315,11830,6114,11825,10105
2020-06-10 11:05:24.310000,11933.91,11835,1000,11840,11361,11830,6114,11825,10105
2020-06-10 11:05:24.530000,11933.91,11835,7020,11840,11361,11830,1017,11825,10105
2020-06-10 11:05:25.350000,11933.91,11835,1000,11840,11361,11830,6114,11825,10105
2020-06-10 11:05:25.540000,11933.91,11840,11361,11845,10315,11830,6114,11825,10105
2020-06-10 11:05:26.370000,11933.91,11840,11361,11845,10315,11830,6089,11825,10105
2020-06-10 11:05:27.420000,11933.91,11835,1000,11840,11361,11830,141,11825,10105
2020-06-10 11:05:27.600000,11933.91,11835,7020,11840,11561,11830,141,11825,10105
2020-06-10 11:05:28.460000,11933.91,11835,7020,11840,11561,11830,141,11825,10105
2020-06-10 11:05:30.490000,11933.91,11835,7020,11840,11561,11825,10105,11820,6992
2020-06-10 11:05:30.650000,11933.91,11835,7020,11840,11561,11830,925,11825,10105
2020-06-10 11:05:30.990000,11933.91,11835,7020,11840,11561,11830,925,11825,10105
2020-06-10 11:05:31.480000,11933.91,11835,7020,11840,11561,11830,6945,11825,10105
2020-06-10 11:05:32.650000,11932.34,11835,7020,11840,11561,11830,6945,11825,10105
2020-06-10 11:05:32.830000,11932.34,11840,11561,11845,9315,11830,6945,11825,10105
2020-06-10 11:05:33.180000,11932.34,11840,11561,11845,9315,11830,6945,11825,10105
2020-06-10 11:05:34.260000,11932.34,11835,7020,11840,11561,11830,6945,11825,10105
2020-06-10 11:05:34.680000,11932.34,11835,7020,11840,11561,11830,925,11825,10105
2020-06-10 11:05:35.330000,11932.34,11835,7020,11840,11561,11830,925,11825,10105
2020-06-10 11:05:40.130000,11932.34,11835,7020,11840,11561,11830,6945,11825,10105
2020-06-10 11:05:40.470000,11932.34,11835,1000,11840,11561,11830,6945,11825,10105
2020-06-10 11:05:41.380000,11932.34,11835,7020,11840,11561,11830,6945,11825,10105
2020-06-10 11:05:41.890000,11932.34,11835,7020,11840,11561,11830,925,11825,10105
2020-06-10 11:05:42.430000,11935.31,11835,7020,11840,12561,11825,10105,11820,6992
2020-06-10 11:05:42.880000,11935.31,11835,7020,11840,12561,11830,925,11825,10105
2020-06-10 11:05:43.610000,11935.31,11835,7020,11840,12561,11830,925,11825,10105
2020-06-10 11:05:43.800000,11935.31,11835,7220,11840,12361,11825,10105,11820,6992
2020-06-10 11:05:44.780000,11935.31,11835,9225,11840,12361,11825,10105,11820,6992
