time,nav,sell1,sell1_cnt,sell2,sell2_cnt,buy1,buy1_cnt,buy2,buy2_cnt
2020-06-09 09:06:56.780000,0.0,11780,5122,11785,9033,11775,1000,11770,5497
2020-06-09 09:06:57.750000,0.0,11780,5121,11785,9033,11775,1000,11770,5497
2020-06-09 09:06:58.750000,0.0,11780,5121,11785,9033,11775,1000,11770,6097
2020-06-09 09:06:59.950000,0.0,11780,1001,11785,9033,11775,6020,11770,6097
2020-06-09 09:07:01.040000,0.0,11780,2,11785,9033,11775,6020,11770,8110
2020-06-09 09:07:02.250000,11857.35,11785,8802,11790,6905,11780,2,11775,6020
2020-06-09 09:07:03.450000,11857.35,11785,8802,11790,6905,11780,2,11775,6023
2020-06-09 09:07:04.600000,11857.35,11785,6760,11790,6905,11780,2,11775,6023
2020-06-09 09:07:05.920000,11857.35,11785,6760,11790,6905,11780,5022,11775,6033
2020-06-09 09:07:07.100000,11857.35,11785,6760,11790,6905,11780,5571,11775,6033
2020-06-09 09:07:08.070000,11857.35,11785,6760,11790,6905,11780,7571,11775,6033
2020-06-09 09:07:09.140000,11857.35,11785,1351,11790,6905,11780,7571,11775,6033
2020-06-09 09:07:10.250000,11857.35,11785,1082,11790,6915,11780,7571,11775,6033
2020-06-09 09:07:11.340000,11857.58,11785,1081,11790,6915,11780,7571,11775,6033
2020-06-09 09:07:12.540000,11857.58,11785,1081,11790,4894,11780,7570,11775,7689
2020-06-09 09:07:13.650000,11857.58,11790,4893,11795,6803,11780,7570,11775,7689
2020-06-09 09:07:14.740000,11857.58,11790,4892,11795,6803,11780,7570,11775,7689
2020-06-09 09:07:15.840000,11857.58,11790,4892,11795,6803,11780,7570,11775,7689
2020-06-09 09:07:16.870000,11857.58,11790,4892,11795,6803,11785,2000,11780,7570
2020-06-09 09:07:18.040000,11857.58,11785,4941,11790,7933,11780,3500,11775,6033
2020-06-09 09:07:19.050000,11857.58,11785,4941,11790,7933,11780,3500,11775,6033
2020-06-09 09:07:20.160000,11857.58,11785,4941,11790,7933,11780,3620,11775,6033
2020-06-09 09:07:21.340000,11858.84,11785,4941,11790,7933,11780,8640,11775,6033
2020-06-09 09:07:22.540000,11858.84,11785,4941,11790,7933,11780,8640,11775,6033
2020-06-09 09:07:23.540000,11858.84,11785,4941,11790,7933,11780,8640,11775,6033
2020-06-09 09:07:25.650000,11858.84,11785,4941,11790,7933,11780,3620,11775,6033
2020-06-09 09:07:26.640000,11858.84,11785,4921,11790,7933,11780,3620,11775,6033
2020-06-09 09:07:27.740000,11858.84,11785,4921,11790,7933,11780,3620,11775,6033
2020-06-09 09:07:28.840000,11858.84,11785,5921,11790,7933,11780,3620,11775,6033
2020-06-09 09:07:30.050000,11858.84,11785,5921,11790,7933,11780,3620,11775,6033
2020-06-09 09:07:31.250000,11858.84,11785,5921,11790,7933,11780,3620,11775,6033
2020-06-09 09:07:32.360000,11857.37,11785,5921,11790,7933,11780,3620,11775,6033
2020-06-09 09:07:33.540000,11857.37,11785,5921,11790,7933,11780,3620,11775,6033
2020-06-09 09:07:34.740000,11857.37,11785,5921,11790,7933,11780,8640,11775,6033
2020-06-09 09:07:35.860000,11857.37,11785,8021,11790,7933,11780,3620,11775,6033
2020-06-09 09:07:36.840000,11857.37,11785,7721,11790,7933,11780,2620,11775,6033
2020-06-09 09:07:37.870000,11857.37,11785,7719,11790,7933,11780,2620,11775,6033
2020-06-09 09:07:38.960000,11857.37,11785,7719,11790,7933,11780,3280,11775,6033
2020-06-09 09:07:40.070000,11857.37,11785,7719,11790,7933,11780,3280,11775,6033
2020-06-09 09:07:42.250000,11858.98,11785,7719,11790,7933,11780,3280,11775,6033
2020-06-09 09:07:43.340000,11858.98,11785,7789,11790,7933,11780,3280,11775,6033
2020-06-09 09:07:44.450000,11858.98,11785,5689,11790,7933,11780,3280,11775,6033
2020-06-09 09:07:45.440000,11858.98,11785,5689,11790,7933,11780,8300,11775,6033
2020-06-09 09:07:46.540000,11858.98,11785,5689,11790,7953,11780,8300,11775,6033
2020-06-09 09:07:47.640000,11858.98,11785,5689,11790,7953,11780,3280,11775,6033
2020-06-09 09:07:48.750000,11858.98,11785,5689,11790,7953,11780,3280,11775,6033
2020-06-09 09:07:49.840000,11858.98,11785,5689,11790,8103,11780,3280,11775,6033
2020-06-09 09:07:51.880000,11856.58,11785,6189,11790,8103,11780,3280,11775,6033
2020-06-09 09:07:52.940000,11856.58,11785,6189,11790,8103,11780,3280,11775,6033
2020-06-09 09:07:53.880000,11856.58,11785,6189,11790,8103,11780,8303,11775,6033
2020-06-09 09:07:54.940000,11856.58,11785,6189,11790,8103,11780,8303,11775,6033
2020-06-09 09:07:56.000000,11856.58,11785,6189,11790,8103,11780,8303,11775,6033
2020-06-09 09:07:57.060000,11856.58,11790,8103,11795,7123,11785,50,11780,9303
2020-06-09 09:07:58.100000,11856.58,11790,8102,11795,7123,11785,2550,11780,9303
2020-06-09 09:07:59.190000,11856.58,11790,8102,11795,7123,11785,1930,11780,9303
2020-06-09 09:08:00.250000,11856.58,11790,6060,11795,7123,11785,1930,11780,9303
2020-06-09 09:08:01.310000,11856.83,11790,6060,11795,7123,11785,1930,11780,9303
2020-06-09 09:08:02.380000,11856.83,11790,9277,11795,4050,11785,1930,11780,9304
2020-06-09 09:08:03.440000,11856.83,11790,9277,11795,4050,11785,7493,11780,9304
2020-06-09 09:08:04.140000,11856.83,11790,9277,11795,6204,11785,1943,11780,9304
2020-06-09 09:08:06.060000,11856.83,11790,9277,11795,6204,11780,9304,11775,6036
2020-06-09 09:08:07.120000,11856.83,11785,6550,11790,11318,11780,9304,11775,6036
2020-06-09 09:08:09.250000,11856.83,11785,6550,11790,11318,11780,4284,11775,6036
2020-06-09 09:08:10.290000,11856.83,11785,6550,11790,10790,11780,4284,11775,6036
2020-06-09 09:08:11.360000,11856.83,11785,6550,11790,10790,11780,4284,11775,6036
2020-06-09 09:08:14.540000,11854.1,11785,6560,11790,10790,11780,4284,11775,6036
2020-06-09 09:08:15.170000,11854.1,11785,6559,11790,10790,11780,9304,11775,6036
2020-06-09 09:08:16.070000,11854.1,11785,7098,11790,10790,11780,9304,11775,6036
2020-06-09 09:08:17.140000,11854.1,11785,7098,11790,10790,11780,9304,11775,6036
2020-06-09 09:08:18.230000,11854.1,11785,7097,11790,10790,11780,4281,11775,6036
2020-06-09 09:08:18.780000,11854.1,11785,7099,11790,10790,11780,3281,11775,6036
2020-06-09 09:08:19.840000,11854.1,11785,9141,11790,10790,11775,6036,11770,6102
2020-06-09 09:08:20.980000,11854.1,11785,9141,11790,10790,11775,6033,11770,6102
2020-06-09 09:08:22.140000,11857.95,11780,10,11785,9131,11775,13,11770,6102
2020-06-09 09:08:23.380000,11857.95,11780,5850,11785,9131,11775,13,11770,6102
2020-06-09 09:08:24.480000,11857.95,11780,6850,11785,9131,11775,13,11770,6102
2020-06-09 09:08:25.540000,11857.95,11775,770,11780,8951,11770,1374,11765,3836
2020-06-09 09:08:26.570000,11857.95,11775,6610,11780,8951,11770,1374,11765,3836
2020-06-09 09:08:27.650000,11857.95,11775,5840,11780,7951,11765,4836,11760,6700
2020-06-09 09:08:28.680000,11857.95,11780,7951,11785,8131,11775,2077,11765,4836
2020-06-09 09:08:29.750000,11857.95,11775,1000,11780,6817,11765,4836,11760,6700
2020-06-09 09:08:30.840000,11857.95,11775,6840,11780,6817,11770,1000,11765,5836
2020-06-09 09:08:31.950000,11854.88,11775,6840,11780,6817,11770,1000,11765,5836
2020-06-09 09:08:32.870000,11854.88,11775,1000,11780,6817,11770,6840,11765,5836
2020-06-09 09:08:33.950000,11854.88,11775,6840,11780,6817,11770,1000,11765,5836
2020-06-09 09:08:35.430000,11854.88,11775,6840,11780,6817,11770,6840,11765,5836
2020-06-09 09:08:35.950000,11854.88,11775,6840,11780,6817,11770,6840,11765,5836
2020-06-09 09:08:40.160000,11854.88,11775,1000,11780,6817,11770,6840,11765,5836
2020-06-09 09:08:41.180000,11854.88,11775,1000,11780,6817,11770,6940,11765,5836
2020-06-09 09:08:41.820000,11850.77,11775,6839,11780,6817,11770,6940,11765,5836
2020-06-09 09:08:42.870000,11850.77,11775,6840,11780,6817,11770,100,11765,5836
2020-06-09 09:08:44.940000,11850.77,11775,6840,11780,6817,11770,100,11765,5836
2020-06-09 09:08:45.990000,11850.77,11775,6840,11780,6817,11770,5940,11765,5836
2020-06-09 09:08:47.040000,11850.77,11775,1000,11780,6817,11770,5940,11765,5836
2020-06-09 09:08:50.160000,11850.77,11775,6840,11780,6817,11770,100,11765,5836
2020-06-09 09:08:51.210000,11850.77,11775,8886,11780,6817,11770,1000,11765,5136
2020-06-09 09:08:52.250000,11847.74,11775,8886,11780,6817,11770,6840,11765,5136
2020-06-09 09:08:53.330000,11847.74,11775,1001,11780,6817,11770,6840,11765,5136
2020-06-09 09:08:54.350000,11847.74,11775,1001,11780,6817,11770,6840,11765,5136
2020-06-09 09:08:55.390000,11847.74,11775,1001,11780,6817,11770,6840,11765,5136
2020-06-09 09:08:56.420000,11847.74,11775,1001,11780,6867,11770,6840,11765,5136
2020-06-09 09:08:57.470000,11847.74,11775,1001,11780,6867,11770,9340,11765,5136
2020-06-09 09:08:59.580000,11847.74,11775,1001,11780,6867,11770,9340,11765,5136
2020-06-09 09:09:00.630000,11847.74,11775,6841,11780,6867,11770,9340,11765,5136
2020-06-09 09:09:01.670000,11846.9,11775,6841,11780,6867,11770,9340,11765,5136
2020-06-09 09:09:02.720000,11846.9,11775,1001,11780,6867,11770,9440,11765,5136
2020-06-09 09:09:03.770000,11846.9,11775,1001,11780,6867,11770,9440,11765,5136
2020-06-09 09:09:05.870000,11846.9,11775,1001,11780,6867,11770,9440,11765,5136
2020-06-09 09:09:06.920000,11846.9,11775,1001,11780,6867,11770,9440,11765,5136
2020-06-09 09:09:07.970000,11846.9,11775,1,11780,6867,11770,9440,11765,5136
2020-06-09 09:09:09.080000,11846.9,11780,6867,11785,7743,11770,9440,11765,5136
2020-06-09 09:09:10.240000,11846.9,11780,6866,11785,7743,11770,9440,11765,5136
2020-06-09 09:09:11.440000,11843.24,11780,6866,11785,7743,11770,9440,11765,5136
2020-06-09 09:09:12.640000,11843.24,11780,6866,11785,7743,11775,1,11770,9440
2020-06-09 09:09:13.750000,11843.24,11780,6866,11785,7743,11775,1,11770,9440
2020-06-09 09:09:14.840000,11843.24,11780,6866,11785,7743,11775,1,11770,9440
2020-06-09 09:09:15.770000,11843.24,11780,6866,11785,7743,11770,9440,11765,5436
2020-06-09 09:09:16.880000,11843.24,11780,6866,11785,7743,11770,9440,11765,5487
2020-06-09 09:09:18.940000,11843.24,11780,6865,11785,7743,11775,200,11770,9440
2020-06-09 09:09:20.020000,11843.24,11780,4764,11785,7743,11775,200,11770,9440
2020-06-09 09:09:21.070000,11843.24,11780,4764,11785,7743,11775,200,11770,9440
2020-06-09 09:09:22.120000,11848.99,11780,4764,11785,7743,11775,200,11770,9440
2020-06-09 09:09:23.160000,11848.99,11780,4764,11785,7743,11775,200,11770,9340
2020-06-09 09:09:24.210000,11848.99,11780,4263,11785,7743,11775,200,11770,9340
2020-06-09 09:09:25.240000,11848.99,11780,4263,11785,7743,11775,5220,11770,9340
2020-06-09 09:09:26.250000,11848.99,11780,4263,11785,7743,11775,200,11770,9340
2020-06-09 09:09:27.360000,11848.99,11780,4263,11785,7743,11775,200,11770,9340
2020-06-09 09:09:28.380000,11848.99,11780,4263,11785,7743,11775,200,11770,9340
2020-06-09 09:09:28.970000,11848.99,11780,4803,11785,7743,11775,7000,11770,9340
2020-06-09 09:09:30.050000,11848.99,11780,4803,11785,7743,11775,7000,11770,9340
2020-06-09 09:09:31.070000,11848.99,11780,4803,11785,7743,11775,6950,11770,9340
2020-06-09 09:09:32.110000,11849.83,11780,4803,11785,7743,11775,6950,11770,9340
2020-06-09 09:09:33.100000,11849.83,11780,4803,11785,7743,11775,6950,11770,9340
2020-06-09 09:09:34.210000,11849.83,11780,4802,11785,7743,11775,6950,11770,9340
2020-06-09 09:09:35.740000,11849.83,11780,4802,11785,7743,11775,6950,11770,9340
2020-06-09 09:09:37.910000,11849.83,11780,4795,11785,7743,11775,6950,11770,9340
2020-06-09 09:09:38.970000,11849.83,11780,4795,11785,7743,11775,6950,11770,9340
2020-06-09 09:09:42.140000,11847.56,11780,4795,11785,7743,11775,150,11770,9340
2020-06-09 09:09:44.220000,11847.56,11780,4796,11785,7743,11775,6950,11770,9341
2020-06-09 09:09:45.300000,11847.56,11780,4796,11785,7743,11775,150,11770,9341
2020-06-09 09:09:46.310000,11847.56,11775,1150,11780,6840,11770,9341,11765,5536
2020-06-09 09:09:46.940000,11847.56,11775,1000,11780,6840,11770,9341,11765,5536
2020-06-09 09:09:48.040000,11847.56,11775,1000,11780,6840,11770,9391,11765,5536
2020-06-09 09:09:49.150000,11847.56,11780,6840,11785,7743,11770,9391,11765,5536
2020-06-09 09:09:50.140000,11847.56,11780,4796,11785,7743,11770,9391,11765,5536
2020-06-09 09:09:51.240000,11847.56,11780,4256,11785,7743,11770,9391,11765,5587
2020-06-09 09:09:52.450000,11849.72,11780,4256,11785,7743,11770,9392,11765,5587
2020-06-09 09:09:53.480000,11849.72,11780,4257,11785,7743,11770,9392,11765,5587
2020-06-09 09:09:55.440000,11849.72,11780,4256,11785,7743,11770,9392,11765,5587
2020-06-09 09:09:56.460000,11849.72,11780,3256,11785,7743,11775,6800,11770,9392
2020-06-09 09:09:57.520000,11849.72,11780,152,11785,7743,11775,7528,11770,9392
2020-06-09 09:09:58.580000,11849.72,11780,152,11785,7743,11775,7428,11770,9392
2020-06-09 09:09:59.640000,11849.72,11780,151,11785,7743,11775,7428,11770,9392
2020-06-09 09:10:00.350000,11849.72,11785,7743,11790,9841,11775,7428,11770,9392
2020-06-09 09:10:01.370000,11850.88,11785,8742,11790,9841,11775,7428,11770,9392
2020-06-09 09:10:02.440000,11850.88,11785,8742,11790,9841,11775,7428,11770,9392
2020-06-09 09:10:03.480000,11850.88,11785,9280,11790,9841,11775,7428,11770,9392
2020-06-09 09:10:04.450000,11850.88,11780,1000,11785,9280,11775,7428,11770,9392
2020-06-09 09:10:05.540000,11850.88,11780,8160,11785,9280,11775,7428,11770,9392
2020-06-09 09:10:07.580000,11850.88,11780,8160,11785,9280,11775,728,11770,9392
2020-06-09 09:10:11.800000,11850.88,11780,10204,11785,9280,11770,9392,11765,5587
2020-06-09 09:10:12.900000,11849.1,11780,10204,11785,9331,11770,7487,11765,5536
2020-06-09 09:10:13.960000,11849.1,11780,10208,11785,9331,11770,7487,11765,5536
2020-06-09 09:10:15.250000,11849.1,11780,10208,11785,9331,11770,7487,11765,5536
2020-06-09 09:10:16.250000,11849.1,11780,10208,11785,8791,11770,7487,11765,5536
2020-06-09 09:10:17.340000,11849.1,11780,10209,11785,8791,11770,7487,11765,5536
2020-06-09 09:10:18.340000,11849.1,11780,10209,11785,8792,11770,8216,11765,5536
2020-06-09 09:10:19.330000,11849.1,11780,9890,11785,8792,11770,8487,11765,5536
2020-06-09 09:10:21.470000,11851.5,11780,9889,11785,8792,11770,8487,11765,5536
2020-06-09 09:10:23.550000,11851.5,11780,10949,11785,8792,11770,7487,11765,5536
2020-06-09 09:10:24.680000,11851.5,11780,10949,11785,10792,11770,2552,11765,5536
2020-06-09 09:10:25.740000,11851.5,11775,1000,11780,10101,11770,2552,11765,5536
2020-06-09 09:10:26.740000,11851.5,11770,7160,11775,8943,11765,5236,11760,6700
2020-06-09 09:10:27.830000,11851.5,11775,8943,11780,10101,11765,8666,11760,6700
2020-06-09 09:10:28.940000,11851.5,11775,8943,11780,10101,11765,8666,11760,6700
2020-06-09 09:10:29.940000,11851.5,11770,6631,11775,8943,11765,8666,11760,6700
2020-06-09 09:10:31.460000,11851.5,11775,8943,11780,10101,11765,8666,11760,6700
2020-06-09 09:10:32.050000,11847.03,11770,6631,11775,8943,11765,506,11760,6700
2020-06-09 09:10:33.060000,11847.03,11770,6631,11775,8943,11760,6700,11755,5075
2020-06-09 09:10:36.270000,11847.03,11770,8678,11775,8943,11760,6700,11755,5075
2020-06-09 09:10:37.310000,11847.03,11770,8677,11775,8943,11760,6700,11755,5075
2020-06-09 09:10:38.380000,11847.03,11770,6630,11775,8943,11765,1000,11760,7700
2020-06-09 09:10:39.420000,11847.03,11775,8943,11780,10101,11765,8160,11760,7700
2020-06-09 09:10:40.050000,11847.03,11775,8942,11780,10101,11765,8160,11760,7700
2020-06-09 09:10:42.030000,11844.26,11775,8942,11780,10101,11765,8160,11760,7700
2020-06-09 09:10:43.110000,11844.26,11775,8942,11780,10101,11765,8160,11760,7700
2020-06-09 09:10:44.120000,11844.26,11775,8942,11780,10101,11765,8160,11760,7700
2020-06-09 09:10:45.200000,11844.26,11775,8942,11780,10101,11765,8160,11760,7700
2020-06-09 09:10:46.220000,11844.26,11770,8677,11775,8942,11765,2500,11760,7700
2020-06-09 09:10:46.840000,11844.26,11770,8677,11775,8942,11765,2500,11760,7700
2020-06-09 09:10:47.840000,11844.26,11770,8677,11775,8942,11765,2500,11760,7700
2020-06-09 09:10:48.950000,11844.26,11770,8677,11775,8942,11765,1842,11760,7700
2020-06-09 09:10:49.930000,11844.26,11770,6630,11775,8942,11765,1514,11760,7700
2020-06-09 09:10:50.930000,11841.45,11770,8734,11775,8942,11765,1514,11760,7700
2020-06-09 09:10:52.040000,11841.45,11765,200,11770,8734,11760,7700,11755,5075
2020-06-09 09:10:53.140000,11841.45,11770,9734,11775,8942,11760,7700,11755,5075
2020-06-09 09:10:54.240000,11841.45,11770,9657,11775,8942,11760,7700,11755,5075
2020-06-09 09:10:55.240000,11841.45,11770,7610,11775,8942,11760,7700,11755,6731
2020-06-09 09:10:56.270000,11841.45,11770,9657,11775,8942,11760,7700,11755,5075
2020-06-09 09:10:58.380000,11841.45,11770,9657,11775,8942,11765,1000,11760,7700
2020-06-09 09:10:59.390000,11841.45,11770,3047,11775,8942,11765,8160,11760,7700
2020-06-09 09:11:00.440000,11841.45,11775,8942,11780,9611,11770,1497,11765,8160
2020-06-09 09:11:01.550000,11842.79,11775,8905,11780,9611,11770,7160,11765,8160
2020-06-09 09:11:02.640000,11842.79,11775,999,11780,9611,11770,7160,11765,8160
2020-06-09 09:11:03.580000,11842.79,11780,6706,11785,9076,11775,999,11770,8160
2020-06-09 09:11:04.740000,11842.79,11780,8415,11785,9076,11770,7160,11765,7160
2020-06-09 09:11:05.840000,11842.79,11775,100,11780,10422,11770,8160,11765,7160
2020-06-09 09:11:06.950000,11842.79,11780,10422,11785,9076,11775,1000,11770,8560
2020-06-09 09:11:07.840000,11842.79,11780,10422,11785,9076,11775,7700,11770,8590
2020-06-09 09:11:08.890000,11842.79,11780,8415,11785,9076,11775,7700,11770,8590
2020-06-09 09:11:09.930000,11842.79,11780,10422,11785,9076,11775,30,11770,8593
2020-06-09 09:11:10.980000,11842.79,11775,1000,11780,10422,11770,8193,11765,7190
2020-06-09 09:11:12.040000,11844.57,11780,10422,11785,9076,11770,8193,11765,7190
2020-06-09 09:11:13.090000,11844.57,11775,6840,11780,10422,11770,8193,11765,7190
2020-06-09 09:11:14.130000,11844.57,11775,6840,11780,10422,11770,1233,11765,7190
2020-06-09 09:11:15.180000,11844.57,11775,6840,11780,10422,11770,233,11765,7190
2020-06-09 09:11:16.130000,11844.57,11775,6840,11780,10422,11770,233,11765,7190
2020-06-09 09:11:17.800000,11844.57,11775,8848,11780,10422,11765,7490,11760,6700
2020-06-09 09:11:18.850000,11844.57,11770,100,11775,8848,11765,7490,11760,6700
2020-06-09 09:11:19.440000,11844.57,11770,100,11775,8848,11765,8490,11760,6700
2020-06-09 09:11:20.410000,11844.57,11770,6710,11775,8848,11765,8490,11760,6700
2020-06-09 09:11:21.460000,11844.18,11770,6710,11775,8848,11765,5490,11760,6700
2020-06-09 09:11:22.540000,11844.18,11770,100,11775,8848,11765,5490,11760,6700
2020-06-09 09:11:23.550000,11844.18,11770,99,11775,8848,11765,5490,11760,6700
2020-06-09 09:11:24.570000,11844.18,11770,6709,11775,8848,11765,5490,11760,6700
2020-06-09 09:11:26.690000,11844.18,11770,99,11775,8848,11765,5490,11760,6700
2020-06-09 09:11:27.740000,11844.18,11770,99,11775,8848,11765,6490,11760,6700
2020-06-09 09:11:28.380000,11844.18,11775,8848,11780,10422,11765,6490,11760,6700
2020-06-09 09:11:29.550000,11844.18,11775,9048,11780,12422,11765,6490,11760,6700
2020-06-09 09:11:30.650000,11844.18,11775,9048,11780,10422,11770,3,11765,6490
2020-06-09 09:11:31.950000,11842.42,11775,9048,11780,10422,11765,6490,11760,6700
2020-06-09 09:11:32.540000,11842.42,11775,9048,11780,12422,11765,6490,11760,6700
2020-06-09 09:11:33.510000,11842.42,11775,9048,11780,10622,11765,6590,11760,6700
2020-06-09 09:11:34.560000,11842.42,11775,9048,11780,10622,11765,6590,11760,6700
2020-06-09 09:11:35.610000,11842.42,11775,9148,11780,10622,11765,6690,11760,6700
2020-06-09 09:11:36.670000,11842.42,11775,9148,11780,10722,11765,6693,11760,6700
2020-06-09 09:11:37.710000,11842.42,11775,9148,11780,10722,11770,5,11765,6656
2020-06-09 09:11:38.760000,11842.42,11775,9148,11780,10722,11765,6656,11760,6700
2020-06-09 09:11:40.850000,11842.42,11775,9148,11780,10722,11765,6656,11760,6703
2020-06-09 09:11:41.930000,11840.45,11775,9148,11780,10722,11765,6656,11760,7003
2020-06-09 09:11:42.960000,11840.45,11775,9148,11780,10722,11765,6656,11760,7003
2020-06-09 09:11:44.010000,11840.45,11775,9321,11780,12722,11765,6656,11760,7003
2020-06-09 09:11:45.060000,11840.45,11775,9321,11780,12722,11765,6656,11760,7008
2020-06-09 09:11:46.100000,11840.45,11775,9321,11780,12722,11765,203,11760,7008
2020-06-09 09:11:46.570000,11840.45,11775,9321,11780,12722,11765,203,11760,7008
2020-06-09 09:11:47.710000,11840.45,11775,9321,11780,12722,11765,203,11760,7008
2020-06-09 09:11:48.770000,11840.45,11775,9321,11780,12722,11765,253,11760,7008
2020-06-09 09:11:49.840000,11840.45,11770,2010,11775,9321,11765,361,11760,7008
2020-06-09 09:11:50.900000,11840.45,11770,8620,11775,9321,11765,851,11760,7008
2020-06-09 09:11:51.960000,11840.44,11765,741,11770,10120,11760,7008,11755,5475
2020-06-09 09:11:52.440000,11840.44,11765,264,11770,10120,11760,8008,11755,5475
2020-06-09 09:11:54.570000,11840.44,11770,10120,11775,9321,11760,8013,11755,5475
2020-06-09 09:11:55.630000,11840.44,11770,10120,11775,9321,11760,8013,11755,5475
2020-06-09 09:11:56.070000,11840.44,11770,10120,11775,9321,11760,8013,11755,5475
2020-06-09 09:11:57.260000,11840.44,11765,200,11770,10120,11760,8013,11755,5475
2020-06-09 09:11:58.770000,11840.44,11770,10120,11775,9321,11765,5253,11760,8013
2020-06-09 09:12:00.960000,11840.44,11765,1191,11770,10120,11760,8013,11755,7136
2020-06-09 09:12:02.000000,11839.09,11765,8351,11770,10120,11760,8013,11755,5480
2020-06-09 09:12:03.050000,11839.09,11765,8351,11770,10120,11760,8013,11755,5480
2020-06-09 09:12:04.100000,11839.09,11765,1191,11770,10220,11760,8023,11755,5480
2020-06-09 09:12:05.100000,11839.09,11765,1191,11770,10220,11760,6932,11755,5480
2020-06-09 09:12:07.380000,11839.09,11765,1191,11770,10220,11760,6932,11755,5500
2020-06-09 09:12:08.330000,11839.09,11765,10362,11770,10220,11760,1382,11755,5500
2020-06-09 09:12:09.330000,11839.09,11765,10362,11770,10220,11760,382,11755,5500
2020-06-09 09:12:10.420000,11839.09,11765,10362,11770,10220,11760,382,11755,5550
2020-06-09 09:12:12.520000,11836.08,11765,10362,11770,10220,11760,382,11755,5550
2020-06-09 09:12:13.050000,11836.08,11765,10392,11770,10220,11760,382,11755,5553
2020-06-09 09:12:14.120000,11836.08,11765,10392,11770,10220,11760,382,11755,5553
2020-06-09 09:12:15.220000,11836.08,11765,10392,11770,10220,11760,382,11755,5563
2020-06-09 09:12:16.810000,11836.08,11765,10392,11770,10220,11760,382,11755,5563
2020-06-09 09:12:17.840000,11836.08,11765,10392,11770,10220,11760,382,11755,5563
2020-06-09 09:12:18.870000,11836.08,11765,10392,11770,10220,11760,382,11755,5563
2020-06-09 09:12:19.500000,11836.08,11765,8381,11770,10220,11760,382,11755,5563
2020-06-09 09:12:20.510000,11836.08,11760,617,11765,10392,11755,6563,11750,10392
2020-06-09 09:12:21.540000,11836.08,11760,617,11765,10392,11755,6563,11750,10392
2020-06-09 09:12:22.140000,11837.0,11760,617,11765,10392,11755,6563,11750,10392
2020-06-09 09:12:23.170000,11837.0,11760,617,11765,10392,11755,6563,11750,10392
2020-06-09 09:12:24.170000,11837.0,11760,617,11765,10392,11755,6563,11750,10392
2020-06-09 09:12:25.280000,11837.0,11760,617,11765,10392,11755,6563,11750,10392
2020-06-09 09:12:26.320000,11837.0,11760,6164,11765,10392,11755,6563,11750,10392
2020-06-09 09:12:27.370000,11837.0,11760,9177,11765,12392,11755,543,11750,10392
2020-06-09 09:12:28.420000,11837.0,11755,1,11760,9177,11750,10392,11745,7171
2020-06-09 09:12:29.460000,11837.0,11760,10177,11765,10392,11750,11392,11745,7171
2020-06-09 09:12:30.040000,11837.0,11760,10177,11765,10392,11755,100,11750,11392
2020-06-09 09:12:32.100000,11828.99,11760,10177,11765,10392,11755,96,11750,11392
2020-06-09 09:12:33.170000,11828.99,11755,901,11760,10177,11750,11392,11745,7171
2020-06-09 09:12:35.270000,11828.99,11760,11177,11765,10392,11750,11392,11745,7171
2020-06-09 09:12:36.310000,11828.99,11760,11176,11765,10392,11750,11400,11745,7171
2020-06-09 09:12:36.840000,11828.99,11755,901,11760,11176,11750,11200,11745,7171
2020-06-09 09:12:37.900000,11828.99,11755,899,11760,11181,11750,11200,11745,7171
2020-06-09 09:12:38.990000,11828.99,11755,899,11760,11181,11750,11200,11745,7171
2020-06-09 09:12:40.040000,11828.99,11760,11181,11765,10392,11750,11200,11745,7171
2020-06-09 09:12:43.740000,11825.96,11760,11181,11765,10392,11750,11200,11745,7171
2020-06-09 09:12:44.760000,11825.96,11755,899,11760,11181,11750,11200,11745,7171
2020-06-09 09:12:45.830000,11825.96,11755,8059,11760,11181,11750,4500,11745,7171
2020-06-09 09:12:46.850000,11825.96,11755,10073,11760,11181,11750,4500,11745,7171
2020-06-09 09:12:47.900000,11825.96,11755,10073,11760,11181,11750,3500,11745,7171
2020-06-09 09:12:49.540000,11825.96,11755,10063,11760,11181,11750,3500,11745,7171
2020-06-09 09:12:50.530000,11825.96,11755,8049,11760,11181,11750,3563,11745,7171
2020-06-09 09:12:51.550000,11826.79,11755,8039,11760,11181,11750,3563,11745,7171
2020-06-09 09:12:52.600000,11826.79,11755,10053,11760,11181,11750,3563,11745,7171
2020-06-09 09:12:53.640000,11826.79,11755,8039,11760,11181,11750,3563,11745,7171
2020-06-09 09:12:54.690000,11826.79,11755,10053,11760,11181,11750,3563,11745,7171
2020-06-09 09:12:55.710000,11826.79,11755,8039,11760,11181,11750,3563,11745,7171
2020-06-09 09:12:56.440000,11826.79,11755,8038,11760,11181,11750,3563,11745,7171
2020-06-09 09:12:59.040000,11826.79,11755,8038,11760,11181,11750,3563,11745,7171
2020-06-09 09:13:00.040000,11826.79,11755,8238,11760,11181,11750,3563,11745,7171
2020-06-09 09:13:01.040000,11825.34,11755,1078,11760,11181,11750,10263,11745,7181
2020-06-09 09:13:02.170000,11825.34,11755,200,11760,16374,11750,11263,11745,7181
2020-06-09 09:13:03.180000,11825.34,11760,16374,11765,10392,11750,11263,11745,7181
2020-06-09 09:13:04.240000,11825.34,11755,878,11760,16374,11750,11263,11745,7181
2020-06-09 09:13:05.200000,11825.34,11755,734,11760,16374,11750,11263,11745,7181
2020-06-09 09:13:06.270000,11825.34,11760,16374,11765,10392,11750,11263,11745,7181
2020-06-09 09:13:07.290000,11825.34,11755,734,11760,16374,11750,11263,11745,7181
2020-06-09 09:13:08.370000,11825.34,11760,13361,11765,10392,11755,924,11750,11263
2020-06-09 09:13:09.400000,11825.34,11760,14361,11765,10392,11755,924,11750,11263
2020-06-09 09:13:09.930000,11825.34,11760,14361,11765,10392,11755,462,11750,11266
2020-06-09 09:13:11.010000,11825.34,11760,14361,11765,10392,11755,462,11750,11266
2020-06-09 09:13:12.050000,11826.46,11760,16374,11765,10392,11755,2462,11750,11266
2020-06-09 09:13:13.150000,11826.46,11760,16374,11765,10392,11755,2465,11750,11266
2020-06-09 09:13:14.240000,11826.46,11760,14361,11765,10392,11755,9625,11750,11266
2020-06-09 09:13:15.240000,11826.46,11760,14461,11765,10392,11755,9625,11750,11266
2020-06-09 09:13:16.290000,11826.46,11760,8912,11765,10492,11755,9635,11750,11266
2020-06-09 09:13:17.360000,11826.46,11760,12876,11765,10492,11755,10640,11750,11266
2020-06-09 09:13:18.040000,11826.46,11760,727,11765,10492,11755,10642,11750,11266
2020-06-09 09:13:18.940000,11826.46,11760,711,11765,10492,11755,10642,11750,11266
2020-06-09 09:13:19.960000,11826.46,11760,100,11765,8481,11755,10642,11750,13283
2020-06-09 09:13:21.000000,11826.46,11765,10550,11770,10320,11760,1500,11755,10642
2020-06-09 09:13:22.050000,11832.35,11765,8481,11770,10320,11760,505,11755,10642
2020-06-09 09:13:23.610000,11832.35,11765,1321,11770,10320,11760,6707,11755,10642
2020-06-09 09:13:24.350000,11832.35,11765,1421,11770,10320,11760,6707,11755,10642
2020-06-09 09:13:25.430000,11832.35,11765,1421,11770,10320,11760,7707,11755,10642
2020-06-09 09:13:26.370000,11832.35,11765,1421,11770,10320,11760,7710,11755,10642
2020-06-09 09:13:27.410000,11832.35,11765,1421,11770,10520,11760,7710,11755,10642
2020-06-09 09:13:28.380000,11832.35,11765,8581,11770,10520,11760,7710,11755,10642
2020-06-09 09:13:29.460000,11832.35,11765,8573,11770,10520,11760,2160,11755,10642
2020-06-09 09:13:30.500000,11832.35,11765,8484,11770,10520,11760,7710,11755,10642
2020-06-09 09:13:31.550000,11832.35,11765,8484,11770,10520,11760,7710,11755,10642
2020-06-09 09:13:32.630000,11832.65,11765,8484,11770,10520,11760,7710,11755,10642
2020-06-09 09:13:33.600000,11832.65,11765,1324,11770,10520,11760,7710,11755,10642
2020-06-09 09:13:34.930000,11832.65,11765,1324,11770,10520,11760,7057,11755,10642
2020-06-09 09:13:35.870000,11832.65,11765,8484,11770,10520,11760,7057,11755,10642
2020-06-09 09:13:39.450000,11832.65,11765,1324,11770,10520,11760,7057,11755,10642
2020-06-09 09:13:40.560000,11832.65,11765,1323,11770,10520,11760,7057,11755,10642
2020-06-09 09:13:41.240000,11832.65,11765,230,11770,10520,11760,7057,11755,10642
2020-06-09 09:13:43.240000,11832.84,11765,230,11770,10520,11760,7101,11755,10642
2020-06-09 09:13:44.950000,11832.84,11770,10098,11775,8621,11760,7101,11755,10642
2020-06-09 09:13:45.870000,11832.84,11770,10099,11775,8621,11760,7101,11755,10642
2020-06-09 09:13:47.460000,11832.84,11770,10099,11775,8622,11760,7101,11755,10652
2020-06-09 09:13:48.590000,11832.84,11770,10099,11775,8622,11760,7101,11755,10652
2020-06-09 09:13:49.650000,11832.84,11770,10099,11775,8622,11760,7111,11755,10652
2020-06-09 09:13:50.160000,11832.84,11770,8089,11775,8622,11765,618,11760,7111
2020-06-09 09:13:51.190000,11834.01,11770,8089,11775,8622,11765,618,11760,7111
2020-06-09 09:13:52.270000,11834.01,11770,1901,11775,8622,11765,7778,11760,7111
2020-06-09 09:13:53.330000,11834.01,11770,901,11775,8622,11765,7778,11760,7111
2020-06-09 09:13:54.330000,11834.01,11770,901,11775,8622,11765,7778,11760,7111
2020-06-09 09:13:55.460000,11834.01,11770,901,11775,8622,11765,7778,11760,7111
2020-06-09 09:13:55.830000,11834.01,11775,8622,11780,10607,11765,9278,11760,7111
2020-06-09 09:13:57.050000,11834.01,11775,8622,11780,10607,11765,9278,11760,7111
2020-06-09 09:13:58.100000,11834.01,11775,8622,11780,10607,11765,9278,11760,7111
2020-06-09 09:13:58.570000,11834.01,11775,8622,11780,10607,11765,9328,11760,7111
2020-06-09 09:14:00.770000,11834.01,11775,8622,11780,10607,11765,7828,11760,7111
2020-06-09 09:14:01.350000,11834.01,11775,9622,11780,12607,11765,1050,11760,7111
2020-06-09 09:14:02.350000,11846.28,11770,1000,11775,9622,11765,1050,11760,7111
2020-06-09 09:14:03.410000,11846.28,11770,9233,11775,9622,11765,1050,11760,7111
2020-06-09 09:14:04.470000,11846.28,11770,7188,11775,9622,11760,7111,11755,12662
2020-06-09 09:14:05.530000,11846.28,11770,7188,11775,9622,11765,1000,11760,7111
2020-06-09 09:14:05.970000,11846.28,11770,7188,11775,9622,11765,962,11760,7111
2020-06-09 09:14:07.100000,11846.28,11770,7188,11775,9622,11765,8122,11760,7111
2020-06-09 09:14:08.160000,11846.28,11770,1000,11775,9622,11765,8122,11760,7111
2020-06-09 09:14:09.220000,11846.28,11770,7188,11775,9622,11765,1584,11760,7111
2020-06-09 09:14:09.850000,11846.28,11770,7188,11775,9622,11765,622,11760,7111
2020-06-09 09:14:10.940000,11846.28,11770,7188,11775,9622,11765,622,11760,7111
2020-06-09 09:14:11.950000,11841.92,11770,1000,11775,9622,11765,8782,11760,9123
2020-06-09 09:14:12.940000,11841.92,11775,9622,11780,10607,11765,8782,11760,9123
2020-06-09 09:14:13.970000,11841.92,11775,7441,11780,10607,11765,8782,11760,9123
2020-06-09 09:14:15.030000,11841.92,11775,1601,11780,10607,11770,7360,11765,8782
2020-06-09 09:14:16.060000,11841.92,11775,1102,11780,10607,11770,7360,11765,8782
2020-06-09 09:14:17.110000,11841.92,11775,1102,11780,10607,11770,8160,11765,8787
2020-06-09 09:14:17.840000,11841.92,11780,11607,11785,11127,11775,1385,11770,7160
2020-06-09 09:14:18.870000,11841.92,11780,11607,11785,11127,11770,7158,11765,8787
2020-06-09 09:14:19.950000,11841.92,11780,11607,11785,11127,11770,7158,11765,8787
2020-06-09 09:14:20.890000,11841.92,11775,6641,11780,11607,11765,8787,11760,8674
2020-06-09 09:14:21.940000,11846.02,11775,5840,11780,11607,11770,1000,11765,8787
2020-06-09 09:14:22.970000,11846.02,11775,5840,11780,11607,11770,8158,11765,8787
2020-06-09 09:14:24.020000,11846.02,11780,11607,11785,9127,11770,8158,11765,8787
2020-06-09 09:14:25.080000,11846.02,11780,8566,11785,9127,11770,8158,11765,10483
2020-06-09 09:14:26.110000,11846.02,11775,5,11780,8561,11770,8158,11765,10483
2020-06-09 09:14:26.640000,11846.02,11780,8561,11785,9127,11775,6700,11770,8158
2020-06-09 09:14:27.720000,11846.02,11780,8566,11785,9127,11770,8158,11765,10483
2020-06-09 09:14:28.770000,11846.02,11780,8566,11785,9127,11770,8158,11765,10483
2020-06-09 09:14:29.810000,11846.02,11780,10710,11785,9127,11770,8158,11765,8782
2020-06-09 09:14:31.910000,11845.61,11780,8666,11785,9127,11770,8158,11765,10795
2020-06-09 09:14:32.530000,11845.61,11780,8666,11785,9127,11770,8158,11765,10795
2020-06-09 09:14:33.550000,11845.61,11780,8666,11785,9327,11770,8158,11765,10795
2020-06-09 09:14:34.550000,11845.61,11780,8666,11785,9327,11770,8158,11765,10795
2020-06-09 09:14:35.620000,11845.61,11780,8666,11785,9327,11770,8158,11765,10795
2020-06-09 09:14:36.670000,11845.61,11780,8665,11785,9327,11770,8158,11765,10795
2020-06-09 09:14:37.680000,11845.61,11780,8665,11785,9327,11770,8158,11765,10795
2020-06-09 09:14:38.760000,11845.61,11780,675,11785,9327,11775,6700,11770,8158
2020-06-09 09:14:39.280000,11845.61,11785,9408,11790,15619,11775,7700,11770,8158
2020-06-09 09:14:40.320000,11845.61,11780,7990,11785,9408,11775,1000,11770,8208
2020-06-09 09:14:41.340000,11845.61,11780,7990,11785,9408,11775,1000,11770,8208
2020-06-09 09:14:42.750000,11847.63,11780,7990,11785,9408,11775,1000,11770,8208
2020-06-09 09:14:44.480000,11847.63,11780,7990,11785,9408,11775,1000,11770,8208
2020-06-09 09:14:50.260000,11847.63,11780,7990,11785,9408,11775,7700,11770,8208
2020-06-09 09:14:51.310000,11847.63,11780,1000,11785,9208,11775,7700,11770,8208
2020-06-09 09:14:52.320000,11857.36,11785,9208,11790,13819,11775,7700,11770,10190
2020-06-09 09:14:52.850000,11857.36,11785,9211,11790,13819,11775,7700,11770,10190
2020-06-09 09:14:58.580000,11857.36,11785,9211,11790,13819,11780,1000,11775,7700
2020-06-09 09:14:59.700000,11857.36,11785,1507,11790,13819,11780,8160,11775,7700
2020-06-09 09:15:00.750000,11857.36,11785,7054,11790,11434,11780,8160,11775,7700
2020-06-09 09:15:01.800000,11859.54,11785,1507,11790,13647,11780,8242,11775,7700
2020-06-09 09:15:02.840000,11859.54,11790,11434,11795,9050,11785,1000,11780,8242
2020-06-09 09:15:04.410000,11859.54,11790,14473,11795,9050,11780,8242,11775,7710
2020-06-09 09:15:05.480000,11859.54,11790,14473,11795,9050,11780,8252,11775,7710
2020-06-09 09:15:06.530000,11859.54,11790,14473,11795,9050,11780,8252,11775,7710
2020-06-09 09:15:08.650000,11859.54,11790,14173,11795,9051,11780,8252,11775,7710
2020-06-09 09:15:09.700000,11859.54,11785,5547,11790,14173,11780,8252,11775,7710
2020-06-09 09:15:11.810000,11859.22,11785,5547,11790,14173,11780,1092,11775,7710
2020-06-09 09:15:12.820000,11859.22,11785,5547,11790,14173,11780,1092,11775,7710
2020-06-09 09:15:13.900000,11859.22,11785,6547,11790,14173,11780,10,11775,7710
2020-06-09 09:15:14.920000,11859.22,11785,6782,11790,14173,11780,10,11775,7710
2020-06-09 09:15:15.430000,11859.22,11785,8824,11790,14173,11780,1000,11775,7710
2020-06-09 09:15:16.540000,11859.22,11785,5539,11790,14173,11780,8160,11775,7710
2020-06-09 09:15:17.590000,11859.22,11790,14173,11795,11051,11780,8160,11775,7710
2020-06-09 09:15:18.650000,11859.22,11785,6539,11790,14173,11780,8575,11775,7710
2020-06-09 09:15:19.230000,11859.22,11790,14173,11795,11051,11785,1000,11780,8575
2020-06-09 09:15:21.230000,11862.13,11790,12032,11795,11051,11785,1000,11780,8575
2020-06-09 09:15:22.300000,11862.13,11790,12032,11795,11051,11780,8575,11775,7710
2020-06-09 09:15:24.370000,11862.13,11790,12032,11795,11051,11780,8575,11775,9749
2020-06-09 09:15:24.840000,11862.13,11790,12032,11795,11051,11780,8575,11775,7710
2020-06-09 09:15:25.990000,11862.13,11790,12032,11795,9051,11785,2,11780,8575
2020-06-09 09:15:28.650000,11862.13,11790,12032,11795,11051,11785,2,11780,8585
2020-06-09 09:15:29.690000,11862.13,11790,12032,11795,11051,11785,2,11780,8590
2020-06-09 09:15:30.740000,11862.13,11790,12032,11795,9051,11785,2,11780,8590
2020-06-09 09:15:33.890000,11864.65,11790,12032,11795,11051,11785,2,11780,8590
2020-06-09 09:15:34.540000,11864.65,11790,12032,11795,9051,11785,2,11780,8590
2020-06-09 09:15:35.490000,11864.65,11790,12032,11795,9051,11785,2,11780,8590
2020-06-09 09:15:36.580000,11864.65,11790,12032,11795,11051,11785,2,11780,8590
2020-06-09 09:15:37.640000,11864.65,11785,5539,11790,12032,11780,8590,11775,9749
2020-06-09 09:15:38.710000,11864.65,11785,5539,11790,14050,11780,1430,11775,7710
2020-06-09 09:15:39.710000,11864.65,11785,8559,11790,16050,11775,7710,11770,10183
2020-06-09 09:15:40.060000,11864.65,11780,498,11785,8559,11775,1010,11770,8168
2020-06-09 09:15:41.040000,11864.65,11780,7363,11785,8559,11775,1010,11770,8168
2020-06-09 09:15:45.340000,11864.29,11780,7363,11785,8559,11775,7710,11770,8168
2020-06-09 09:15:46.150000,11864.29,11780,496,11785,8559,11775,7710,11770,10205
2020-06-09 09:15:47.240000,11864.29,11780,6867,11785,8559,11775,1010,11770,8168
2020-06-09 09:15:52.440000,11864.86,11780,6847,11785,8559,11775,1010,11770,8168
2020-06-09 09:15:53.550000,11864.86,11780,7343,11785,8559,11775,10,11770,8168
2020-06-09 09:15:54.040000,11864.86,11780,7343,11785,10559,11770,8168,11765,9321
2020-06-09 09:15:55.100000,11864.86,11780,7343,11785,8559,11770,8168,11765,9321
2020-06-09 09:15:56.160000,11864.86,11780,7343,11785,8559,11775,6701,11770,8168
2020-06-09 09:15:56.740000,11864.86,11780,7343,11785,10559,11775,2,11770,8168
2020-06-09 09:15:58.850000,11864.86,11780,7343,11785,8559,11770,8168,11765,9321
2020-06-09 09:16:00.350000,11864.86,11780,7343,11785,8559,11770,8173,11765,9321
2020-06-09 09:16:01.490000,11864.86,11780,7343,11785,8559,11770,8173,11765,9321
2020-06-09 09:16:04.070000,11866.93,11780,7343,11785,8559,11775,6700,11770,8173
2020-06-09 09:16:05.190000,11866.93,11785,6539,11790,21050,11775,7700,11770,10210
2020-06-09 09:16:06.190000,11866.93,11780,496,11785,8559,11775,1000,11770,8173
2020-06-09 09:16:06.640000,11866.93,11780,7343,11785,8974,11775,1000,11770,8179
2020-06-09 09:16:09.920000,11866.93,11780,7345,11785,8974,11775,1000,11770,8179
2020-06-09 09:16:10.970000,11866.93,11780,2,11785,8974,11775,7700,11770,8179
2020-06-09 09:16:12.470000,11863.74,11780,5438,11785,8974,11775,1000,11770,8179
2020-06-09 09:16:13.670000,11863.74,11780,5438,11785,8974,11775,1000,11770,8179
2020-06-09 09:16:14.170000,11863.74,11780,5438,11785,8974,11775,1000,11770,8179
2020-06-09 09:16:15.250000,11863.74,11780,5438,11785,8974,11775,7700,11770,8179
2020-06-09 09:16:15.730000,11863.74,11780,5438,11785,8974,11775,7700,11770,8179
2020-06-09 09:16:16.800000,11863.74,11780,5438,11785,8974,11775,1000,11770,8179
2020-06-09 09:16:17.840000,11863.74,11780,5438,11785,8974,11775,1200,11770,8179
2020-06-09 09:16:19.230000,11863.74,11780,5432,11785,8974,11775,7900,11770,8173
2020-06-09 09:16:20.140000,11863.74,11780,5432,11785,8974,11775,1200,11770,8173
2020-06-09 09:16:21.060000,11863.74,11780,7453,11785,10974,11770,8173,11765,9326
2020-06-09 09:16:22.150000,11865.42,11780,7453,11785,10974,11770,8173,11765,7175
2020-06-09 09:16:25.180000,11865.42,11780,7448,11785,10974,11770,8173,11765,7175
2020-06-09 09:16:26.760000,11865.42,11780,7448,11785,10974,11770,1015,11765,7175
2020-06-09 09:16:27.330000,11865.42,11780,7448,11785,10974,11775,10,11770,15
2020-06-09 09:16:28.410000,11865.42,11780,7548,11785,10974,11770,15,11765,7175
2020-06-09 09:16:29.430000,11865.42,11780,7548,11785,10974,11770,15,11765,7175
2020-06-09 09:16:29.820000,11865.42,11780,7545,11785,11074,11770,15,11765,7175
2020-06-09 09:16:30.970000,11865.42,11775,2023,11780,9545,11765,7175,11760,5618
2020-06-09 09:16:32.050000,11860.43,11775,7863,11780,9545,11765,7175,11760,5618
2020-06-09 09:16:33.070000,11860.43,11775,7963,11780,9545,11765,7175,11760,5618
2020-06-09 09:16:33.470000,11860.43,11775,5940,11780,9545,11765,7175,11760,7652
2020-06-09 09:16:35.850000,11860.43,11775,5940,11780,7545,11765,8275,11760,7652
2020-06-09 09:16:38.440000,11860.43,11775,100,11780,7545,11770,1000,11765,8275
2020-06-09 09:16:39.420000,11860.43,11775,5940,11780,7545,11770,8158,11765,8275
2020-06-09 09:16:42.610000,11856.98,11775,5940,11780,7545,11770,7158,11765,8275
2020-06-09 09:16:43.660000,11856.98,11775,5940,11780,7545,11765,8275,11760,7652
2020-06-09 09:16:45.690000,11856.98,11775,5940,11780,7545,11765,8275,11760,7652
2020-06-09 09:16:46.170000,11856.98,11775,5940,11780,7545,11770,1000,11765,8275
2020-06-09 09:16:47.310000,11856.98,11775,5940,11780,7545,11770,8158,11765,8275
2020-06-09 09:16:48.840000,11856.98,11775,100,11780,7545,11770,8158,11765,8275
2020-06-09 09:16:51.470000,11856.73,11775,90,11780,7545,11770,8158,11765,8275
2020-06-09 09:16:54.620000,11856.73,11775,90,11780,7545,11770,8158,11765,8275
2020-06-09 09:16:55.750000,11856.73,11775,90,11780,7545,11770,8158,11765,8275
2020-06-09 09:16:56.680000,11856.73,11775,5930,11780,7545,11770,8158,11765,8275
2020-06-09 09:16:58.170000,11856.73,11775,90,11780,7545,11770,8158,11765,8275
2020-06-09 09:16:59.040000,11856.73,11775,5930,11780,7545,11770,1000,11765,8275
2020-06-09 09:17:00.150000,11856.73,11775,5930,11780,7545,11770,1000,11765,8275
2020-06-09 09:17:01.150000,11856.73,11775,6165,11780,7545,11770,1000,11765,8275
2020-06-09 09:17:04.130000,11856.11,11775,6091,11780,7545,11770,1000,11765,8275
2020-06-09 09:17:05.570000,11856.11,11775,6091,11780,9545,11770,1000,11765,8275
2020-06-09 09:17:06.710000,11856.11,11775,6291,11780,9545,11770,1000,11765,8275
2020-06-09 09:17:07.130000,11856.11,11775,9314,11780,9545,11765,8275,11760,7652
2020-06-09 09:17:08.320000,11856.11,11775,9314,11780,9545,11770,1000,11765,8275
2020-06-09 09:17:09.360000,11856.11,11775,9314,11780,9545,11765,8275,11760,5618
2020-06-09 09:17:10.920000,11856.11,11770,1000,11775,9314,11765,1115,11760,5618
2020-06-09 09:17:11.970000,11852.7,11770,7188,11775,9314,11765,1115,11760,5618
2020-06-09 09:17:13.000000,11852.7,11770,7188,11775,9314,11765,8275,11760,5618
2020-06-09 09:17:14.610000,11852.7,11770,1000,11775,9314,11765,8275,11760,5618
2020-06-09 09:17:15.030000,11852.7,11775,9314,11780,9545,11765,8275,11760,5674
2020-06-09 09:17:16.190000,11852.7,11775,9314,11780,9545,11765,8275,11760,5957
2020-06-09 09:17:17.190000,11852.7,11770,3,11775,9314,11765,8275,11760,6179
2020-06-09 09:17:17.560000,11852.7,11770,3,11775,9314,11765,8275,11760,8523
2020-06-09 09:17:18.540000,11852.7,11770,3,11775,9314,11765,8275,11760,8539
2020-06-09 09:17:20.560000,11852.7,11775,7291,11780,7545,11765,8275,11760,8539
2020-06-09 09:17:21.540000,11852.7,11775,7291,11780,7545,11770,1000,11765,8276
2020-06-09 09:17:23.210000,11853.7,11775,7291,11780,7545,11770,1000,11765,8276
2020-06-09 09:17:23.770000,11853.7,11775,7291,11780,7545,11770,1000,11765,8276
2020-06-09 09:17:24.800000,11853.7,11775,1615,11780,7545,11770,8158,11765,8276
2020-06-09 09:17:25.840000,11853.7,11775,615,11780,7545,11770,8158,11765,8276
2020-06-09 09:17:26.240000,11853.7,11780,5524,11785,8894,11770,8158,11765,10557
2020-06-09 09:17:27.410000,11853.7,11780,5524,11785,8894,11770,8158,11765,10752
2020-06-09 09:17:28.400000,11853.7,11780,100,11785,8894,11775,6700,11770,8158
2020-06-09 09:17:28.870000,11853.7,11785,6874,11790,21084,11775,7700,11770,10195
2020-06-09 09:17:30.020000,11853.7,11785,6874,11790,18165,11775,7700,11770,10195
2020-06-09 09:17:31.080000,11852.06,11785,1335,11790,18165,11780,385,11775,7700
2020-06-09 09:17:32.130000,11852.06,11785,1335,11790,18165,11780,7545,11775,7700
2020-06-09 09:17:34.250000,11852.06,11785,335,11790,18165,11780,7545,11775,7700
2020-06-09 09:17:35.320000,11852.06,11785,335,11790,18165,11780,7545,11775,9739
2020-06-09 09:17:36.350000,11852.06,11785,335,11790,18165,11780,7545,11775,9739
2020-06-09 09:17:37.410000,11852.06,11785,335,11790,18165,11780,7545,11775,9739
2020-06-09 09:17:37.910000,11852.06,11785,335,11790,18165,11780,7545,11775,7700
2020-06-09 09:17:39.020000,11852.06,11785,335,11790,18165,11780,7545,11775,7700
2020-06-09 09:17:40.080000,11852.06,11785,570,11790,18165,11780,7545,11775,7700
2020-06-09 09:17:41.110000,11852.06,11785,570,11790,18165,11780,7545,11775,7700
2020-06-09 09:17:41.640000,11852.97,11785,6109,11790,18165,11780,385,11775,7700
2020-06-09 09:17:42.740000,11852.97,11785,7109,11790,20165,11775,7700,11770,10495
2020-06-09 09:17:43.800000,11852.97,11780,5424,11785,9129,11775,7700,11770,8458
2020-06-09 09:17:44.860000,11852.97,11780,5424,11785,9129,11775,1000,11770,8458
2020-06-09 09:17:45.890000,11852.97,11780,5424,11785,9129,11775,1000,11770,8458
2020-06-09 09:17:46.340000,11852.97,11780,5424,11785,9129,11775,1000,11770,8458
2020-06-09 09:17:47.170000,11852.97,11780,5424,11785,9129,11775,1000,11770,8458
2020-06-09 09:17:47.980000,11852.97,11780,5624,11785,9129,11775,6700,11770,8458
2020-06-09 09:17:49.050000,11852.97,11780,5859,11785,9129,11775,6700,11770,8458
2020-06-09 09:17:49.560000,11852.97,11780,6859,11785,8894,11770,8458,11765,11179
2020-06-09 09:17:51.730000,11852.97,11780,6859,11785,10894,11770,8458,11765,9143
2020-06-09 09:17:52.340000,11851.15,11780,6859,11785,10894,11770,8458,11765,11179
2020-06-09 09:17:53.260000,11851.15,11780,6859,11785,10894,11770,13458,11765,11179
2020-06-09 09:17:54.340000,11851.15,11780,8880,11785,10894,11770,13458,11765,11179
2020-06-09 09:17:54.840000,11851.15,11780,8880,11785,10894,11770,6300,11765,9143
2020-06-09 09:17:55.900000,11851.15,11775,980,11780,8880,11770,6300,11765,9143
2020-06-09 09:17:56.950000,11851.15,11775,6656,11780,8880,11770,6300,11765,9143
2020-06-09 09:17:58.130000,11851.15,11775,6676,11780,8880,11770,5158,11765,9143
2020-06-09 09:17:59.070000,11851.15,11775,6676,11780,8880,11770,4681,11765,9143
2020-06-09 09:18:00.150000,11851.15,11775,6676,11780,8880,11770,4458,11765,9143
2020-06-09 09:18:01.160000,11851.15,11775,6676,11780,8880,11770,3943,11765,9143
2020-06-09 09:18:02.210000,11851.49,11770,215,11775,6676,11765,9143,11760,8545
2020-06-09 09:18:02.570000,11851.49,11770,6188,11775,8699,11765,9143,11760,6511
2020-06-09 09:18:03.800000,11851.49,11775,8699,11780,10880,11765,9143,11760,8602
2020-06-09 09:18:04.800000,11851.49,11775,6592,11780,8880,11770,1000,11765,9143
2020-06-09 09:18:05.130000,11851.49,11775,6676,11780,10880,11765,9143,11760,8602
2020-06-09 09:18:05.930000,11851.49,11775,6676,11780,10880,11770,10,11765,9153
2020-06-09 09:18:06.970000,11851.49,11775,8699,11780,10880,11765,9153,11760,8612
2020-06-09 09:18:09.040000,11851.49,11775,8699,11780,10880,11765,9153,11760,8612
2020-06-09 09:18:16.430000,11854.74,11770,6188,11775,8699,11765,9153,11760,8612
2020-06-09 09:18:17.390000,11854.74,11775,6776,11780,10880,11765,9153,11760,6521
2020-06-09 09:18:17.640000,11854.74,11775,6876,11780,10880,11765,9153,11760,8555
2020-06-09 09:18:19.780000,11854.74,11775,6876,11780,8880,11770,1001,11765,9153
2020-06-09 09:18:20.670000,11854.74,11775,6876,11780,10980,11770,1001,11765,9153
2020-06-09 09:18:21.680000,11849.97,11775,6876,11780,11080,11770,1,11765,9153
2020-06-09 09:18:22.730000,11849.97,11770,42,11775,6876,11765,9153,11760,8555
2020-06-09 09:18:22.960000,11849.97,11775,6876,11780,9080,11770,1200,11765,9153
2020-06-09 09:18:23.840000,11849.97,11775,6876,11780,9080,11770,1200,11765,9153
2020-06-09 09:18:24.850000,11849.97,11775,6876,11780,9080,11770,8158,11765,9153
2020-06-09 09:18:25.900000,11849.97,11775,1200,11780,9080,11770,8158,11765,9153
2020-06-09 09:18:26.270000,11849.97,11775,6876,11780,9080,11770,1000,11765,9153
2020-06-09 09:18:27.430000,11849.97,11775,6876,11780,9080,11765,9153,11760,8555
2020-06-09 09:18:27.870000,11849.97,11775,6876,11780,11080,11765,9153,11760,8555
2020-06-09 09:18:29.040000,11849.97,11770,6188,11775,8956,11765,1993,11760,6521
2020-06-09 09:18:30.090000,11849.97,11770,6188,11775,8956,11765,1993,11760,6551
2020-06-09 09:18:32.130000,11850.58,11770,6188,11775,8956,11765,1993,11760,6551
2020-06-09 09:18:33.210000,11850.58,11765,1000,11770,7188,11760,6551,11755,8438
2020-06-09 09:18:34.260000,11850.58,11770,7187,11775,8956,11760,7551,11755,8438
2020-06-09 09:18:34.830000,11850.58,11765,1000,11770,7187,11760,7551,11755,10471
2020-06-09 09:18:35.790000,11850.58,11765,1000,11770,7187,11760,7551,11755,10571
2020-06-09 09:18:36.800000,11850.58,11765,1000,11770,7187,11760,7551,11755,10571
2020-06-09 09:18:37.150000,11850.58,11765,1000,11770,9211,11760,7551,11755,10571
2020-06-09 09:18:37.940000,11850.58,11765,1000,11770,7187,11760,7551,11755,10571
2020-06-09 09:18:38.970000,11850.58,11765,1000,11770,7187,11760,7551,11755,10571
2020-06-09 09:18:40.020000,11850.58,11770,7187,11775,10956,11760,7551,11755,10571
2020-06-09 09:18:40.970000,11850.58,11770,7183,11775,8956,11760,7550,11755,10571
2020-06-09 09:18:41.360000,11847.3,11770,7183,11775,8956,11765,8160,11760,7550
2020-06-09 09:18:44.340000,11847.3,11770,7183,11775,8956,11765,1000,11760,7550
2020-06-09 09:18:44.730000,11847.3,11765,16,11770,7183,11760,7550,11755,10571
2020-06-09 09:18:45.920000,11847.3,11770,7183,11775,8956,11760,7550,11755,10571
2020-06-09 09:18:46.260000,11847.3,11770,7183,11775,8956,11765,7160,11760,7550
2020-06-09 09:18:47.480000,11847.3,11770,1000,11775,8956,11765,7160,11760,7550
2020-06-09 09:18:49.040000,11847.3,11770,1235,11775,8956,11765,7160,11760,7550
2020-06-09 09:18:49.540000,11847.3,11770,1235,11775,6876,11765,7160,11760,9584
2020-06-09 09:18:51.960000,11848.78,11770,1235,11775,8899,11765,7160,11760,9584
2020-06-09 09:18:54.230000,11848.78,11770,6418,11775,8899,11765,8160,11760,7550
2020-06-09 09:18:54.630000,11848.78,11770,235,11775,8899,11765,8160,11760,9584
2020-06-09 09:18:55.840000,11848.78,11770,235,11775,8899,11765,8163,11760,7550
2020-06-09 09:19:01.340000,11846.29,11770,235,11775,6876,11765,8163,11760,9699
2020-06-09 09:19:02.240000,11846.29,11775,6876,11780,9080,11765,8163,11760,9699
2020-06-09 09:19:03.240000,11846.29,11775,6876,11780,9080,11770,869,11765,8163
2020-06-09 09:19:04.300000,11846.29,11775,6876,11780,9080,11765,8163,11760,9699
2020-06-09 09:19:05.300000,11846.29,11775,6876,11780,11080,11765,8163,11760,9699
2020-06-09 09:19:05.650000,11846.29,11775,8899,11780,11080,11765,8163,11760,9584
2020-06-09 09:19:06.430000,11846.29,11775,6876,11780,9080,11765,8163,11760,9584
2020-06-09 09:19:07.460000,11846.29,11775,6876,11780,9080,11770,7158,11765,8163
2020-06-09 09:19:08.490000,11846.29,11775,6876,11780,9080,11765,8163,11760,9584
2020-06-09 09:19:08.940000,11846.29,11770,6183,11775,8899,11765,8163,11760,7550
2020-06-09 09:19:10.080000,11846.29,11770,6183,11775,8899,11765,8163,11760,7550
2020-06-09 09:19:10.570000,11846.29,11775,6876,11780,11080,11765,8163,11760,9584
2020-06-09 09:19:11.680000,11843.86,11775,6876,11780,9080,11770,869,11765,8163
2020-06-09 09:19:12.720000,11843.86,11775,6876,11780,7059,11765,8163,11760,9584
2020-06-09 09:19:14.850000,11843.86,11775,6869,11780,7059,11765,8163,11760,9584
2020-06-09 09:19:16.030000,11843.86,11775,6869,11780,9195,11770,7158,11765,8163
2020-06-09 09:19:16.940000,11843.86,11775,1193,11780,9195,11770,7158,11765,8163
2020-06-09 09:19:19.170000,11843.86,11775,1193,11780,9195,11770,7158,11765,10199
2020-06-09 09:19:19.970000,11843.86,11775,1057,11780,7059,11770,8034,11765,10199
2020-06-09 09:19:20.740000,11843.86,11775,1057,11780,7059,11770,8034,11765,10199
2020-06-09 09:19:23.250000,11846.24,11775,1057,11780,7059,11770,8034,11765,10199
2020-06-09 09:19:24.310000,11846.24,11775,1292,11780,7059,11770,8034,11765,10199
2020-06-09 09:19:25.560000,11846.24,11775,1292,11780,7059,11770,8034,11765,10202
2020-06-09 09:19:26.470000,11846.24,11775,1292,11780,9080,11770,8033,11765,8166
2020-06-09 09:19:27.500000,11846.24,11775,6968,11780,9080,11770,876,11765,8166
2020-06-09 09:19:27.840000,11846.24,11775,7968,11780,9080,11765,8166,11760,9587
2020-06-09 09:19:30.650000,11846.24,11775,8058,11780,9080,11765,8166,11760,9587
2020-06-09 09:19:31.070000,11846.24,11775,8058,11780,9080,11765,8166,11760,9587
2020-06-09 09:19:32.840000,11843.82,11770,1000,11775,8058,11765,8166,11760,9587
2020-06-09 09:19:33.910000,11843.82,11770,7183,11775,8058,11765,8166,11760,9587
2020-06-09 09:19:35.770000,11843.82,11770,7183,11775,8058,11765,8166,11760,9587
2020-06-09 09:19:36.540000,11843.82,11775,8058,11780,11080,11765,8166,11760,9587
2020-06-09 09:19:39.710000,11843.82,11775,8058,11780,9080,11765,8166,11760,9587
2020-06-09 09:19:40.770000,11843.82,11775,8058,11780,9080,11770,8033,11765,8166
2020-06-09 09:19:41.240000,11843.82,11775,8058,11780,9080,11770,8033,11765,8196
2020-06-09 09:19:42.350000,11846.79,11775,8058,11780,9080,11770,8033,11765,8196
2020-06-09 09:19:43.910000,11846.79,11775,8058,11780,9080,11770,8033,11765,8196
2020-06-09 09:19:45.520000,11846.79,11775,8058,11780,9080,11770,906,11765,8197
2020-06-09 09:19:46.550000,11846.79,11775,8058,11780,9080,11770,30,11765,8197
2020-06-09 09:19:46.860000,11846.79,11775,8058,11780,11080,11770,30,11765,8197
2020-06-09 09:19:47.670000,11846.79,11775,8058,11780,9080,11770,30,11765,8197
2020-06-09 09:19:48.670000,11846.79,11775,8058,11780,9080,11765,8197,11760,9617
2020-06-09 09:19:50.140000,11846.79,11770,1000,11775,10081,11765,8197,11760,9617
2020-06-09 09:19:51.280000,11846.79,11770,6183,11775,10081,11765,8197,11760,9617
2020-06-09 09:19:51.770000,11842.54,11770,6183,11775,10081,11765,1037,11760,7583
2020-06-09 09:19:52.860000,11842.54,11770,7183,11775,10081,11765,1037,11760,7583
2020-06-09 09:19:53.860000,11842.54,11770,7183,11775,10081,11765,1037,11760,7583
2020-06-09 09:19:54.140000,11842.54,11770,7183,11775,10081,11765,1027,11760,7583
2020-06-09 09:19:54.910000,11842.54,11770,7318,11775,10081,11765,1027,11760,7583
2020-06-09 09:19:55.950000,11842.54,11770,7318,11775,10081,11765,8187,11760,7583
2020-06-09 09:19:56.330000,11842.54,11770,7318,11775,10081,11765,8217,11760,7583
2020-06-09 09:19:57.050000,11842.54,11770,7318,11775,10081,11765,8217,11760,7583
2020-06-09 09:19:58.090000,11842.54,11770,7318,11775,10081,11765,67,11760,7583
2020-06-09 09:19:59.080000,11842.54,11765,1000,11770,7318,11760,7583,11755,10604
2020-06-09 09:19:59.440000,11842.54,11770,7318,11775,12081,11760,7583,11755,10604
2020-06-09 09:20:00.370000,11842.54,11770,11572,11775,12081,11760,2033,11755,8571
2020-06-09 09:20:01.340000,11843.66,11765,1000,11770,9572,11760,1033,11755,8571
2020-06-09 09:20:02.450000,11843.66,11765,8160,11770,9572,11760,1033,11755,8571
2020-06-09 09:20:03.440000,11843.66,11765,8160,11770,9572,11760,207,11755,8571
2020-06-09 09:20:04.460000,11843.66,11765,10184,11770,11572,11755,8571,11750,12823
2020-06-09 09:20:05.540000,11843.66,11760,5539,11765,10184,11755,1411,11750,10735
2020-06-09 09:20:06.550000,11843.66,11760,5539,11765,10184,11755,1411,11750,10735
2020-06-09 09:20:07.600000,11843.66,11760,5538,11765,10184,11755,1411,11750,10735
2020-06-09 09:20:07.830000,11843.66,11760,5538,11765,10419,11755,1411,11750,10735
2020-06-09 09:20:08.680000,11843.66,11760,5538,11765,10419,11755,8571,11750,10735
2020-06-09 09:20:09.690000,11843.66,11760,5538,11765,10419,11755,8571,11750,10735
2020-06-09 09:20:10.330000,11843.66,11760,6538,11765,12419,11755,905,11750,10735
2020-06-09 09:20:11.330000,11838.53,11760,6537,11765,10184,11755,253,11750,10735
2020-06-09 09:20:12.350000,11838.53,11760,8564,11765,12184,11755,253,11750,10735
2020-06-09 09:20:13.410000,11838.53,11760,8564,11765,12184,11750,3575,11745,7221
2020-06-09 09:20:14.460000,11838.53,11760,10564,11765,12184,11750,3575,11745,7221
2020-06-09 09:20:15.490000,11838.53,11755,3029,11760,10564,11745,7221,11740,8159
2020-06-09 09:20:16.470000,11838.53,11755,6424,11760,10564,11745,8221,11740,8159
2020-06-09 09:20:16.920000,11838.53,11755,8899,11760,8564,11750,1000,11745,8221
2020-06-09 09:20:18.140000,11838.53,11755,3474,11760,6537,11750,10660,11745,8221
2020-06-09 09:20:19.710000,11838.53,11755,8898,11760,8622,11750,3500,11745,8221
2020-06-09 09:20:20.750000,11838.53,11755,6423,11760,10622,11750,25,11745,8221
2020-06-09 09:20:21.800000,11835.27,11755,6422,11760,10722,11745,8221,11740,10187
2020-06-09 09:20:22.840000,11835.27,11755,6422,11760,8722,11750,1000,11745,8221
2020-06-09 09:20:23.890000,11835.27,11755,6424,11760,8722,11745,8221,11740,10187
2020-06-09 09:20:24.840000,11835.27,11755,6424,11760,8722,11745,8221,11740,10187
2020-06-09 09:20:26.520000,11835.27,11755,6446,11760,8722,11745,8221,11740,10187
2020-06-09 09:20:27.560000,11835.27,11750,978,11755,6446,11745,8221,11740,10187
2020-06-09 09:20:27.830000,11835.27,11750,6629,11755,8590,11745,1064,11740,8159
2020-06-09 09:20:28.840000,11835.27,11750,6629,11755,8590,11745,64,11740,8159
2020-06-09 09:20:31.820000,11830.86,11750,6629,11755,10590,11745,64,11740,8159
2020-06-09 09:20:32.840000,11830.86,11750,6629,11755,10590,11745,64,11740,8159
2020-06-09 09:20:33.340000,11830.86,11750,6629,11755,10590,11745,64,11740,8159
2020-06-09 09:20:34.480000,11830.86,11750,6629,11755,11530,11745,64,11740,8159
2020-06-09 09:20:34.870000,11830.86,11750,8659,11755,11665,11745,64,11740,8159
2020-06-09 09:20:35.630000,11830.86,11745,6124,11750,8659,11740,999,11735,6241
2020-06-09 09:20:36.600000,11830.86,11745,6922,11750,8659,11740,999,11735,6241
2020-06-09 09:20:37.680000,11830.86,11745,6922,11750,8659,11740,999,11735,6241
2020-06-09 09:20:38.070000,11830.86,11745,6922,11750,10659,11740,999,11735,6241
2020-06-09 09:20:39.290000,11830.86,11745,6922,11750,8659,11740,999,11735,6241
2020-06-09 09:20:39.630000,11830.86,11745,6922,11750,8659,11740,999,11735,6241
2020-06-09 09:20:40.830000,11830.86,11745,6922,11750,8659,11740,999,11735,6241
2020-06-09 09:20:41.330000,11829.48,11745,6922,11750,8659,11740,8159,11735,6241
2020-06-09 09:20:42.440000,11829.48,11745,6922,11750,8659,11740,8159,11735,6241
2020-06-09 09:20:43.520000,11829.48,11745,6922,11750,8659,11740,999,11735,6241
2020-06-09 09:20:44.570000,11829.48,11745,6922,11750,8659,11740,999,11735,6241
2020-06-09 09:20:44.930000,11829.48,11745,74,11750,8659,11740,8159,11735,6241
2020-06-09 09:20:46.140000,11829.48,11750,6629,11755,8725,11745,74,11740,9159
2020-06-09 09:20:46.740000,11829.48,11750,6517,11755,10725,11740,9159,11735,8267
2020-06-09 09:20:48.770000,11829.48,11745,5919,11750,8547,11740,9159,11735,6241
2020-06-09 09:20:49.160000,11829.48,11745,5919,11750,8547,11740,1999,11735,6241
2020-06-09 09:20:50.380000,11829.48,11745,5864,11750,8547,11740,1999,11735,6241
2020-06-09 09:20:50.950000,11829.48,11745,5171,11750,8547,11740,9159,11735,6241
2020-06-09 09:20:51.910000,11827.5,11750,9252,11755,10725,11740,9159,11735,6242
2020-06-09 09:20:52.920000,11827.5,11750,9252,11755,10725,11740,9159,11735,6242
2020-06-09 09:20:53.360000,11827.5,11745,7160,11750,9252,11740,8159,11735,6242
2020-06-09 09:20:54.550000,11827.5,11745,7160,11750,11252,11740,8159,11735,6242
2020-06-09 09:20:54.950000,11827.5,11745,7160,11750,9252,11740,999,11735,6242
2020-06-09 09:20:56.130000,11827.5,11745,7160,11750,9252,11740,999,11735,6242
2020-06-09 09:20:56.620000,11827.5,11745,9249,11750,11252,11735,6242,11730,10421
2020-06-09 09:20:57.670000,11827.5,11745,9245,11750,11252,11735,7242,11730,8396
2020-06-09 09:20:58.140000,11827.5,11745,9245,11750,11252,11740,1000,11735,7242
2020-06-09 09:20:58.940000,11827.5,11750,9252,11755,10590,11740,8160,11735,7242
2020-06-09 09:20:59.840000,11827.5,11750,9252,11755,10590,11740,8160,11735,7242
2020-06-09 09:21:00.890000,11827.5,11750,9252,11755,8590,11745,7157,11740,8160
2020-06-09 09:21:01.900000,11826.94,11750,9386,11755,10590,11740,8025,11735,7742
2020-06-09 09:21:02.260000,11826.94,11750,9386,11755,10590,11740,8025,11735,7742
2020-06-09 09:21:05.660000,11826.94,11750,9386,11755,10590,11740,8025,11735,9768
2020-06-09 09:21:07.330000,11826.94,11750,9386,11755,10590,11740,8160,11735,9768
2020-06-09 09:21:08.300000,11826.94,11750,9386,11755,10590,11740,8160,11735,7742
2020-06-09 09:21:09.740000,11826.94,11750,9386,11755,10590,11740,8165,11735,7742
2020-06-09 09:21:10.910000,11826.94,11750,9386,11755,10590,11740,8165,11735,9768
2020-06-09 09:21:11.930000,11828.88,11750,9386,11755,10590,11740,8165,11735,7742
2020-06-09 09:21:13.940000,11828.88,11750,9386,11755,10590,11740,8165,11735,7942
2020-06-09 09:21:15.140000,11828.88,11750,9386,11755,10590,11740,8165,11735,9973
2020-06-09 09:21:15.730000,11828.88,11750,9386,11755,10590,11740,8165,11735,7947
2020-06-09 09:21:16.730000,11828.88,11750,9386,11755,10590,11740,8165,11735,7947
2020-06-09 09:21:17.650000,11828.88,11750,9386,11755,8590,11740,8165,11735,7947
2020-06-09 09:21:18.040000,11828.88,11750,9386,11755,8590,11740,8165,11735,7947
2020-06-09 09:21:19.840000,11828.88,11750,9386,11755,8590,11745,7157,11740,8365
2020-06-09 09:21:20.360000,11828.88,11750,1705,11755,8590,11745,7157,11740,8365
2020-06-09 09:21:21.430000,11828.88,11750,7356,11755,8590,11745,7157,11740,8365
2020-06-09 09:21:22.030000,11828.34,11750,1705,11755,8590,11745,7157,11740,8365
2020-06-09 09:21:23.010000,11828.34,11750,705,11755,6446,11745,8157,11740,8365
2020-06-09 09:21:24.060000,11828.34,11755,6446,11760,10722,11750,100,11745,8157
2020-06-09 09:21:24.560000,11828.34,11755,1022,11760,8722,11750,7260,11745,8157
2020-06-09 09:21:25.640000,11828.34,11755,6446,11760,10722,11750,100,11745,8157
2020-06-09 09:21:26.700000,11828.34,11750,895,11755,8475,11745,8157,11740,8365
2020-06-09 09:21:27.070000,11828.34,11750,6536,11755,8475,11745,8357,11740,8365
2020-06-09 09:21:27.810000,11828.34,11750,885,11755,8475,11745,8357,11740,8365
2020-06-09 09:21:29.140000,11828.34,11750,885,11755,8475,11745,8357,11740,8365
2020-06-09 09:21:29.930000,11828.34,11750,6534,11755,8475,11745,8357,11740,8365
2020-06-09 09:21:30.880000,11828.34,11750,6534,11755,8475,11745,8357,11740,8365
2020-06-09 09:21:32.270000,11827.31,11750,6534,11755,8475,11745,1205,11740,8365
2020-06-09 09:21:33.170000,11827.31,11750,6534,11755,10475,11745,205,11740,8365
2020-06-09 09:21:34.140000,11827.31,11750,6534,11755,10475,11745,205,11740,8365
2020-06-09 09:21:35.240000,11827.31,11750,6534,11755,8475,11745,7362,11740,8365
2020-06-09 09:21:36.250000,11827.31,11750,6534,11755,8475,11745,7381,11740,8365
2020-06-09 09:21:36.770000,11827.31,11750,883,11755,8475,11745,7381,11740,8365
2020-06-09 09:21:37.840000,11827.31,11750,883,11755,8475,11745,8381,11740,8365
2020-06-09 09:21:38.330000,11827.31,11750,883,11755,8475,11745,8381,11740,8375
2020-06-09 09:21:39.410000,11827.31,11755,8475,11760,10722,11745,8381,11740,8375
2020-06-09 09:21:40.630000,11827.31,11755,6446,11760,8722,11745,8381,11740,10403
2020-06-09 09:21:42.020000,11829.87,11755,6446,11760,8722,11745,8391,11740,10403
2020-06-09 09:21:42.440000,11829.87,11755,8475,11760,10722,11745,8391,11740,8375
2020-06-09 09:21:43.610000,11829.87,11755,6446,11760,8722,11745,8391,11740,8375
2020-06-09 09:21:44.590000,11829.87,11755,6446,11760,8722,11745,8391,11740,10403
2020-06-09 09:21:45.060000,11829.87,11755,1022,11760,8722,11750,7160,11745,8391
2020-06-09 09:21:46.250000,11829.87,11755,1022,11760,8722,11750,7160,11745,8395
2020-06-09 09:21:48.230000,11829.87,11755,6446,11760,8722,11750,7160,11745,8395
2020-06-09 09:21:49.390000,11829.87,11755,6446,11760,10722,11745,8395,11740,10403
2020-06-09 09:21:50.430000,11829.87,11755,6446,11760,10722,11745,8395,11740,10403
2020-06-09 09:21:52.010000,11830.6,11755,1022,11760,8722,11750,8160,11745,8395
2020-06-09 09:21:53.540000,11830.6,11755,6446,11760,8722,11750,8160,11745,8395
2020-06-09 09:21:54.610000,11830.6,11755,6446,11760,8722,11750,8163,11745,8395
2020-06-09 09:21:55.180000,11830.6,11755,6446,11760,8722,11750,8163,11745,8395
2020-06-09 09:21:56.210000,11830.6,11755,6446,11760,8722,11750,8163,11745,8395
2020-06-09 09:21:57.260000,11830.6,11755,6446,11760,10722,11750,1003,11745,8395
2020-06-09 09:21:57.640000,11830.6,11755,6446,11760,10722,11750,3,11745,8395
2020-06-09 09:21:58.810000,11830.6,11755,6446,11760,10722,11750,3,11745,8398
2020-06-09 09:22:00.030000,11830.6,11755,8475,11760,10722,11745,8398,11740,8375
2020-06-09 09:22:00.940000,11830.6,11750,880,11755,8475,11745,8398,11740,8375
2020-06-09 09:22:02.050000,11828.48,11755,8475,11760,10722,11745,8398,11740,8375
2020-06-09 09:22:03.100000,11828.48,11755,8475,11760,10722,11745,8398,11740,8375
2020-06-09 09:22:04.140000,11828.48,11755,8475,11760,10722,11745,8398,11740,8375
2020-06-09 09:22:04.530000,11828.48,11755,8467,11760,10725,11745,8398,11740,8375
2020-06-09 09:22:05.700000,11828.48,11750,2500,11755,8467,11745,8398,11740,8375
2020-06-09 09:22:06.140000,11828.48,11750,1628,11755,8467,11745,8398,11740,8375
2020-06-09 09:22:07.270000,11828.48,11755,8467,11760,10725,11745,9998,11740,8375
2020-06-09 09:22:08.300000,11828.48,11755,6438,11760,8725,11745,9998,11740,10403
2020-06-09 09:22:08.730000,11828.48,11755,6438,11760,8725,11750,8160,11745,9998
2020-06-09 09:22:09.880000,11828.48,11755,8467,11760,10725,11750,1000,11745,9998
2020-06-09 09:22:10.330000,11828.48,11755,8467,11760,10725,11745,8998,11740,8375
2020-06-09 09:22:11.440000,11828.48,11755,8467,11760,10725,11745,8998,11740,8375
2020-06-09 09:22:12.530000,11831.78,11755,8467,11760,10725,11745,7398,11740,8375
2020-06-09 09:22:12.970000,11831.78,11755,8467,11760,10725,11745,8998,11740,8375
2020-06-09 09:22:14.110000,11831.78,11755,8467,11760,10725,11745,8998,11740,8375
2020-06-09 09:22:14.640000,11831.78,11755,8467,11760,10725,11745,8995,11740,8375
2020-06-09 09:22:16.220000,11831.78,11755,8467,11760,10725,11745,8495,11740,8375
2020-06-09 09:22:16.830000,11831.78,11755,8467,11760,10725,11745,7395,11740,8375
2020-06-09 09:22:17.810000,11831.78,11750,5651,11755,10467,11745,238,11740,8375
2020-06-09 09:22:18.870000,11831.78,11750,5651,11755,10467,11745,238,11740,8375
2020-06-09 09:22:19.330000,11831.78,11750,5886,11755,10467,11745,238,11740,8375
2020-06-09 09:22:20.470000,11831.78,11750,7916,11755,10467,11740,8375,11735,7967
2020-06-09 09:22:20.930000,11831.78,11750,7916,11755,10467,11740,8375,11735,7970
2020-06-09 09:22:22.040000,11830.01,11745,1000,11750,7916,11740,8375,11735,7970
2020-06-09 09:22:23.430000,11830.01,11745,1235,11750,7916,11740,8375,11735,7970
2020-06-09 09:22:24.340000,11830.01,11745,1235,11750,7681,11740,6975,11735,7970
2020-06-09 09:22:26.260000,11830.01,11745,1235,11750,7681,11740,6975,11735,7970
2020-06-09 09:22:32.100000,11829.43,11745,9016,11750,9681,11740,350,11735,7970
2020-06-09 09:22:33.160000,11829.43,11740,9328,11745,13048,11735,1420,11730,8396
2020-06-09 09:22:34.240000,11829.43,11740,10193,11745,13048,11730,8396,11725,8359
2020-06-09 09:22:35.290000,11829.43,11740,10193,11745,13048,11730,8396,11725,8359
2020-06-09 09:22:36.350000,11829.43,11740,1000,11745,11048,11735,6550,11730,9396
2020-06-09 09:22:36.840000,11829.43,11740,1000,11745,11048,11735,6550,11730,9396
2020-06-09 09:22:37.940000,11829.43,11740,1000,11745,11048,11735,6550,11730,9396
2020-06-09 09:22:38.540000,11829.43,11740,8160,11745,11048,11735,1000,11730,9396
2020-06-09 09:22:39.490000,11829.43,11740,8160,11745,11048,11730,9396,11725,10442
2020-06-09 09:22:40.550000,11829.43,11740,8160,11745,13048,11730,9396,11725,8419
2020-06-09 09:22:41.610000,11829.43,11740,8160,11745,13048,11730,9396,11725,10442
2020-06-09 09:22:42.070000,11825.36,11740,10193,11745,13048,11730,9396,11725,8419
2020-06-09 09:22:43.240000,11825.36,11740,8160,11745,13048,11730,9396,11725,8419
2020-06-09 09:22:44.850000,11825.36,11740,10193,11745,13048,11730,9396,11725,8419
2020-06-09 09:22:45.330000,11825.36,11735,5537,11740,10193,11730,8396,11725,8419
2020-06-09 09:22:46.410000,11825.36,11735,5537,11740,10193,11730,8396,11725,8419
2020-06-09 09:22:46.970000,11825.36,11735,5537,11740,10193,11730,8396,11725,8419
2020-06-09 09:22:49.570000,11825.36,11740,10193,11745,13048,11730,8396,11725,8419
2020-06-09 09:22:50.610000,11825.36,11740,8160,11745,13048,11730,8396,11725,10442
2020-06-09 09:22:51.690000,11825.36,11740,8160,11745,11048,11730,8396,11725,10500
2020-06-09 09:22:52.770000,11820.4,11735,1,11740,8160,11730,8396,11725,10500
2020-06-09 09:22:53.140000,11820.4,11735,1,11740,8160,11730,9396,11725,10500
2020-06-09 09:22:54.310000,11820.4,11740,8160,11745,11048,11730,9396,11725,10500
2020-06-09 09:22:54.770000,11820.4,11740,1000,11745,11048,11735,5550,11730,9386
2020-06-09 09:22:55.910000,11820.4,11740,8160,11745,13048,11730,9386,11725,10490
2020-06-09 09:22:58.000000,11820.4,11740,10193,11745,13048,11730,9389,11725,8409
2020-06-09 09:22:58.470000,11820.4,11740,8160,11745,13048,11730,9389,11725,8409
2020-06-09 09:22:59.580000,11820.4,11740,8160,11745,13048,11730,9135,11725,8409
2020-06-09 09:22:59.940000,11820.4,11740,10193,11745,12048,11730,9135,11725,10432
2020-06-09 09:23:00.730000,11820.4,11735,500,11740,10674,11730,9637,11725,8911
2020-06-09 09:23:01.730000,11817.32,11740,8641,11745,12548,11730,9637,11725,10934
2020-06-09 09:23:02.750000,11817.32,11740,8641,11745,12548,11730,9637,11725,8910
2020-06-09 09:23:03.830000,11817.32,11740,8642,11745,12548,11730,9637,11725,8913
2020-06-09 09:23:04.330000,11817.32,11740,8642,11745,10548,11735,1499,11730,9637
2020-06-09 09:23:05.390000,11817.32,11740,8642,11745,10548,11735,6049,11730,9637
2020-06-09 09:23:06.370000,11817.32,11740,8642,11745,10548,11735,6049,11730,9637
2020-06-09 09:23:06.870000,11817.32,11740,8160,11745,10548,11735,1049,11730,9637
2020-06-09 09:23:07.980000,11817.32,11740,8160,11745,10548,11735,8160,11730,9637
2020-06-09 09:23:09.030000,11817.32,11740,8660,11745,10548,11735,1000,11730,9637
2020-06-09 09:23:09.340000,11817.32,11740,8160,11745,10548,11735,8163,11730,9637
2020-06-09 09:23:10.070000,11817.32,11740,8160,11745,10548,11735,8163,11730,9637
2020-06-09 09:23:11.170000,11812.24,11740,1000,11745,10548,11735,8163,11730,11300
2020-06-09 09:23:12.210000,11812.24,11745,8516,11750,8151,11740,1500,11735,8163
2020-06-09 09:23:12.670000,11812.24,11740,500,11745,10683,11735,8163,11730,9637
2020-06-09 09:23:13.780000,11812.24,11745,8651,11750,10469,11740,4,11735,9860
2020-06-09 09:23:15.140000,11812.24,11745,8651,11750,10469,11740,3,11735,9860
2020-06-09 09:23:17.010000,11812.24,11745,8651,11750,8469,11740,3,11735,9860
2020-06-09 09:23:18.070000,11812.24,11745,8651,11750,8469,11735,9860,11730,11662
2020-06-09 09:23:19.090000,11812.24,11745,7652,11750,8469,11740,7125,11735,9860
2020-06-09 09:23:19.540000,11812.24,11745,236,11750,8469,11740,7425,11735,9860
2020-06-09 09:23:20.680000,11812.24,11745,236,11750,8469,11740,7125,11735,9860
2020-06-09 09:23:21.730000,11811.81,11745,236,11750,8469,11740,8125,11735,9860
2020-06-09 09:23:22.770000,11811.81,11750,7151,11755,7975,11740,8125,11735,11886
2020-06-09 09:23:24.870000,11811.81,11750,7151,11755,7975,11745,1000,11740,8125
2020-06-09 09:23:25.340000,11811.81,11750,7151,11755,7975,11745,831,11740,8125
2020-06-09 09:23:26.440000,11811.81,11750,7151,11755,9975,11740,8125,11735,11886
2020-06-09 09:23:27.490000,11811.81,11750,7151,11755,9975,11745,800,11740,8128
2020-06-09 09:23:28.490000,11811.81,11750,7151,11755,7975,11745,800,11740,8128
2020-06-09 09:23:28.830000,11811.81,11750,7151,11755,9975,11740,8128,11735,9860
2020-06-09 09:23:29.630000,11811.81,11745,500,11750,9181,11740,8128,11735,9860
2020-06-09 09:23:30.710000,11811.81,11745,6916,11750,7151,11740,8128,11735,9860
2020-06-09 09:23:31.180000,11811.81,11745,6916,11750,9181,11740,8128,11735,9860
2020-06-09 09:23:32.270000,11813.61,11750,9381,11755,9975,11745,3,11740,8986
2020-06-09 09:23:33.320000,11813.61,11750,9381,11755,7975,11745,3,11740,8986
2020-06-09 09:23:33.770000,11813.61,11750,9381,11755,9975,11745,3,11740,8986
2020-06-09 09:23:34.910000,11813.61,11750,7351,11755,9975,11745,3,11740,8986
2020-06-09 09:23:35.890000,11813.61,11750,7351,11755,9975,11740,8986,11735,9860
2020-06-09 09:23:36.240000,11813.61,11750,7351,11755,9975,11740,8989,11735,9860
2020-06-09 09:23:36.960000,11813.61,11745,500,11750,7351,11740,8989,11735,9860
2020-06-09 09:23:38.070000,11813.61,11750,9381,11755,9975,11740,8989,11735,9860
2020-06-09 09:23:38.440000,11813.61,11745,1500,11750,9381,11740,2364,11735,9860
2020-06-09 09:23:39.640000,11813.61,11745,8415,11750,9381,11740,2364,11735,9860
2020-06-09 09:23:39.970000,11813.61,11745,8415,11750,9381,11740,1864,11735,9860
2020-06-09 09:23:41.210000,11813.61,11745,8415,11750,9381,11740,2364,11735,9860
2020-06-09 09:23:42.160000,11808.74,11745,8415,11750,9381,11740,1864,11735,9860
2020-06-09 09:23:42.560000,11808.74,11750,7351,11755,6145,11740,8986,11735,11947
2020-06-09 09:23:43.810000,11808.74,11750,7351,11755,8145,11745,1000,11740,8986
2020-06-09 09:23:44.130000,11808.74,11750,7351,11755,8145,11740,8986,11735,9863
2020-06-09 09:23:44.970000,11808.74,11745,499,11750,9439,11740,2361,11735,9863
2020-06-09 09:23:45.910000,11808.74,11745,7415,11750,9439,11740,8986,11735,10863
2020-06-09 09:23:46.560000,11808.74,11745,7415,11750,9439,11740,2361,11735,10863
2020-06-09 09:23:47.530000,11808.74,11745,7415,11750,9439,11740,1861,11735,10863
2020-06-09 09:23:48.550000,11808.74,11745,7415,11750,9439,11740,1861,11735,10863
2020-06-09 09:23:49.510000,11808.74,11745,7415,11750,9439,11740,2361,11735,10863
2020-06-09 09:23:50.620000,11808.74,11745,7415,11750,9439,11740,1861,11735,10863
2020-06-09 09:23:51.650000,11808.74,11745,7416,11750,9439,11740,1861,11735,10863
2020-06-09 09:23:52.060000,11817.06,11745,7416,11750,9439,11740,2361,11735,10863
2020-06-09 09:23:54.870000,11817.06,11745,7416,11750,9439,11740,1861,11735,10863
2020-06-09 09:23:57.970000,11817.06,11745,9617,11750,11439,11740,1861,11735,10863
2020-06-09 09:23:58.340000,11817.06,11740,5799,11745,10617,11735,2003,11730,10637
2020-06-09 09:23:59.030000,11817.06,11740,6799,11745,10617,11735,2003,11730,10637
2020-06-09 09:24:00.170000,11817.06,11740,7034,11745,12617,11735,1003,11730,10637
2020-06-09 09:24:00.730000,11817.06,11740,9067,11745,12617,11735,1003,11730,10637
2020-06-09 09:24:01.750000,11813.9,11740,7032,11745,10617,11735,1003,11730,10637
2020-06-09 09:24:02.810000,11813.9,11740,1735,11745,10617,11735,8163,11730,10637
2020-06-09 09:24:03.350000,11813.9,11740,1735,11745,10617,11735,8163,11730,10647
2020-06-09 09:24:04.340000,11813.9,11740,1235,11745,10617,11735,8163,11730,10647
2020-06-09 09:24:04.840000,11813.9,11740,235,11745,10617,11735,9163,11730,10647
2020-06-09 09:24:07.520000,11813.9,11740,235,11745,10617,11735,9686,11730,10647
2020-06-09 09:24:07.730000,11813.9,11740,235,11745,8585,11735,9686,11730,10647
2020-06-09 09:24:08.600000,11813.9,11745,10674,11750,11439,11735,9686,11730,10647
2020-06-09 09:24:09.990000,11813.9,11745,8585,11750,9439,11740,500,11735,9686
2020-06-09 09:24:11.260000,11813.9,11745,8585,11750,11439,11735,9686,11730,12672
2020-06-09 09:24:12.290000,11812.54,11745,8585,11750,9439,11740,500,11735,9686
2020-06-09 09:24:13.340000,11812.54,11745,8585,11750,9439,11740,500,11735,9686
2020-06-09 09:24:13.740000,11812.54,11745,8585,11750,11439,11735,9686,11730,12972
2020-06-09 09:24:14.940000,11812.54,11745,8585,11750,11439,11735,9686,11730,12972
2020-06-09 09:24:17.070000,11812.54,11745,8585,11750,11439,11735,9686,11730,12972
2020-06-09 09:24:18.100000,11812.54,11745,8585,11750,11439,11735,9686,11730,12990
2020-06-09 09:24:18.440000,11812.54,11745,8585,11750,11439,11735,9686,11730,12990
2020-06-09 09:24:19.160000,11812.54,11745,8785,11750,11439,11740,5,11735,9686
2020-06-09 09:24:20.630000,11812.54,11745,8785,11750,9439,11740,5,11735,9686
2020-06-09 09:24:22.190000,11812.68,11745,8787,11750,9439,11740,5,11735,9686
2020-06-09 09:24:23.940000,11812.68,11745,8787,11750,9439,11740,5,11735,9686
2020-06-09 09:24:25.940000,11812.68,11745,8787,11750,9439,11740,505,11735,9686
2020-06-09 09:24:27.100000,11812.68,11745,1371,11750,7351,11740,7130,11735,11712
2020-06-09 09:24:27.530000,11812.68,11750,6351,11755,6046,11745,9157,11740,8130
2020-06-09 09:24:28.690000,11812.68,11750,702,11755,6046,11745,9157,11740,8130
2020-06-09 09:24:29.830000,11812.68,11750,6353,11755,8132,11745,2000,11740,8130
2020-06-09 09:24:30.810000,11812.68,11750,9383,11755,10132,11740,8130,11735,9686
2020-06-09 09:24:31.830000,11814.95,11750,9383,11755,10132,11740,9730,11735,11712
2020-06-09 09:24:32.130000,11814.95,11750,9383,11755,8332,11740,9730,11735,11712
2020-06-09 09:24:32.920000,11814.95,11750,7353,11755,8332,11745,1000,11740,9730
2020-06-09 09:24:34.000000,11814.95,11750,7353,11755,8332,11745,1000,11740,9730
2020-06-09 09:24:35.020000,11814.95,11750,7353,11755,8332,11740,9730,11735,11712
2020-06-09 09:24:36.140000,11814.95,11750,7353,11755,10332,11740,9730,11735,11712
2020-06-09 09:24:37.090000,11814.95,11745,500,11750,9383,11740,8130,11735,9686
2020-06-09 09:24:37.660000,11814.95,11750,9383,11755,10332,11740,8130,11735,9686
2020-06-09 09:24:38.700000,11814.95,11745,500,11750,9383,11740,8130,11735,9686
2020-06-09 09:24:39.230000,11814.95,11745,7416,11750,9383,11740,8130,11735,9686
2020-06-09 09:24:40.640000,11814.95,11750,9383,11755,10332,11740,8130,11735,11712
2020-06-09 09:24:43.980000,11813.45,11750,7353,11755,8332,11745,1000,11740,8130
2020-06-09 09:24:45.040000,11813.45,11750,7353,11755,8332,11745,1000,11740,8130
2020-06-09 09:24:46.500000,11813.45,11750,7353,11755,8332,11740,8130,11735,11712
2020-06-09 09:24:47.230000,11813.45,11750,9383,11755,10332,11740,8130,11735,9686
2020-06-09 09:24:48.210000,11813.45,11750,9383,11755,10332,11745,9,11740,8130
2020-06-09 09:24:49.250000,11813.45,11745,500,11750,9383,11740,8130,11735,9686
2020-06-09 09:24:49.560000,11813.45,11745,500,11750,9383,11740,8130,11735,9686
2020-06-09 09:24:51.130000,11813.45,11750,9383,11755,10332,11740,8130,11735,9686
2020-06-09 09:24:53.470000,11810.59,11750,9383,11755,10332,11740,8130,11735,9686
2020-06-09 09:24:54.660000,11810.59,11745,7416,11750,9383,11740,8130,11735,9686
2020-06-09 09:24:55.600000,11810.59,11745,7416,11750,9383,11740,1505,11735,9686
2020-06-09 09:24:56.640000,11810.59,11750,9483,11755,10332,11740,8130,11735,9686
2020-06-09 09:24:58.470000,11810.59,11750,9483,11755,10332,11740,8130,11735,9686
2020-06-09 09:24:59.220000,11810.59,11750,9483,11755,10332,11740,8130,11735,9686
2020-06-09 09:25:00.300000,11810.59,11745,7407,11750,9483,11740,1005,11735,9689
2020-06-09 09:25:01.350000,11809.28,11745,7407,11750,9483,11740,1005,11735,9689
2020-06-09 09:25:01.740000,11809.28,11745,500,11750,9483,11740,8130,11735,9689
2020-06-09 09:25:04.470000,11809.28,11750,9483,11755,10293,11745,1500,11740,8130
2020-06-09 09:25:05.420000,11809.28,11745,991,11750,9483,11740,8130,11735,9689
2020-06-09 09:25:05.740000,11809.28,11745,7905,11750,9483,11740,8130,11735,9689
2020-06-09 09:25:06.580000,11809.28,11750,9483,11755,9832,11740,8130,11735,9689
2020-06-09 09:25:07.640000,11809.28,11750,9483,11755,9832,11745,1000,11740,8130
2020-06-09 09:25:09.220000,11809.28,11750,9483,11755,9832,11740,8130,11735,9689
2020-06-09 09:25:09.640000,11809.28,11750,9483,11755,9832,11745,9,11740,8130
2020-06-09 09:25:11.940000,11810.14,11750,9483,11755,9832,11745,9,11740,8130
2020-06-09 09:25:13.890000,11810.14,11750,9483,11755,9832,11745,9,11740,8139
2020-06-09 09:25:14.440000,11810.14,11750,9483,11755,9832,11745,9,11740,8139
2020-06-09 09:25:15.510000,11810.14,11750,9483,11755,7832,11745,9,11740,8139
2020-06-09 09:25:17.030000,11810.14,11750,302,11755,8293,11745,8166,11740,8139
2020-06-09 09:25:18.140000,11810.14,11755,8293,11760,10816,11750,177,11745,8166
2020-06-09 09:25:19.200000,11810.14,11755,9293,11760,10816,11750,177,11745,8166
2020-06-09 09:25:20.260000,11810.14,11750,5651,11755,9293,11745,1009,11740,8139
2020-06-09 09:25:21.310000,11816.96,11750,5651,11755,9293,11745,8166,11740,8139
2020-06-09 09:25:22.350000,11816.96,11755,8293,11760,10816,11750,1177,11745,8166
2020-06-09 09:25:23.380000,11816.96,11755,9293,11760,10816,11745,8166,11740,8139
2020-06-09 09:25:26.540000,11816.96,11755,9293,11760,10816,11745,8266,11740,8139
2020-06-09 09:25:27.630000,11816.96,11755,9293,11760,10816,11745,8266,11740,8139
2020-06-09 09:25:29.540000,11816.96,11755,9288,11760,10816,11745,8266,11740,8139
2020-06-09 09:25:30.340000,11816.96,11755,9288,11760,10816,11745,8266,11740,10167
2020-06-09 09:25:31.300000,11816.96,11755,9288,11760,10816,11745,8266,11740,10167
2020-06-09 09:25:32.370000,11818.08,11755,7202,11760,10816,11745,8266,11740,8139
2020-06-09 09:25:33.400000,11818.08,11755,6202,11760,10816,11745,8766,11740,9667
2020-06-09 09:25:33.830000,11818.08,11755,6202,11760,10816,11745,8766,11740,7639
2020-06-09 09:25:35.010000,11818.08,11755,6202,11760,8816,11745,8766,11740,9667
2020-06-09 09:25:36.540000,11818.08,11755,778,11760,8816,11750,7159,11745,8766
2020-06-09 09:25:37.630000,11818.08,11760,8816,11765,12230,11750,7159,11745,8766
2020-06-09 09:25:38.160000,11818.08,11760,8816,11765,12230,11750,7159,11745,10795
2020-06-09 09:25:39.240000,11818.08,11760,5640,11765,10230,11755,500,11750,7159
2020-06-09 09:25:40.240000,11818.08,11760,7667,11765,12230,11750,7659,11745,10295
2020-06-09 09:25:41.360000,11825.39,11760,7667,11765,12230,11755,1000,11750,7659
2020-06-09 09:25:43.460000,11825.39,11760,8667,11765,12230,11750,7659,11745,8266
2020-06-09 09:25:44.500000,11825.39,11760,8667,11765,12230,11750,7659,11745,8266
2020-06-09 09:25:45.740000,11825.39,11760,8667,11765,12230,11750,7659,11745,8266
2020-06-09 09:25:46.530000,11825.39,11760,8671,11765,12230,11750,7659,11745,8266
2020-06-09 09:25:47.640000,11825.39,11755,1000,11760,8671,11750,7659,11745,8266
2020-06-09 09:25:48.060000,11825.39,11755,8453,11760,10671,11745,8766,11740,8162
2020-06-09 09:25:49.240000,11825.39,11755,1000,11760,8671,11750,7159,11745,8766
2020-06-09 09:25:49.700000,11825.39,11755,1000,11760,8671,11750,7159,11745,8766
2020-06-09 09:25:50.810000,11825.39,11755,1000,11760,8671,11750,7159,11745,8766
2020-06-09 09:25:51.360000,11822.53,11755,5424,11760,8671,11750,7159,11745,8766
2020-06-09 09:25:52.410000,11822.53,11760,8671,11765,12230,11750,7159,11745,8766
2020-06-09 09:25:53.030000,11822.53,11760,8671,11765,12230,11750,7159,11745,8766
2020-06-09 09:25:55.060000,11822.53,11760,8671,11765,12230,11750,7159,11745,10795
2020-06-09 09:25:55.360000,11822.53,11760,8671,11765,12230,11750,7159,11745,10795
2020-06-09 09:25:57.170000,11822.53,11760,6644,11765,10230,11755,500,11750,7159
2020-06-09 09:25:57.640000,11822.53,11760,6644,11765,10230,11755,7660,11750,7159
2020-06-09 09:25:59.140000,11822.53,11760,4194,11765,10230,11755,7660,11750,7159
2020-06-09 09:26:00.310000,11822.53,11760,4194,11765,12230,11750,7659,11745,10295
2020-06-09 09:26:00.670000,11822.53,11760,4203,11765,12230,11750,8659,11745,10295
2020-06-09 09:26:02.230000,11828.59,11760,4153,11765,10230,11750,8659,11745,10295
2020-06-09 09:26:02.930000,11828.59,11760,4153,11765,12230,11750,8659,11745,10295
2020-06-09 09:26:03.990000,11828.59,11760,4153,11765,12230,11750,8659,11745,10295
2020-06-09 09:26:04.510000,11828.59,11760,4153,11765,10230,11750,8659,11745,10295
2020-06-09 09:26:05.610000,11828.59,11760,4153,11765,10230,11755,201,11750,8659
2020-06-09 09:26:06.570000,11828.59,11760,4153,11765,12230,11755,201,11750,9214
2020-06-09 09:26:06.790000,11828.59,11760,7180,11765,12230,11755,201,11750,9214
2020-06-09 09:26:07.710000,11828.59,11760,7180,11765,12230,11750,9214,11745,8266
2020-06-09 09:26:08.790000,11828.59,11755,1000,11760,7180,11750,9214,11745,8266
2020-06-09 09:26:09.320000,11828.59,11755,6424,11760,7180,11750,9214,11745,8266
2020-06-09 09:26:10.330000,11828.59,11755,6424,11760,7180,11750,9214,11745,8266
2020-06-09 09:26:11.380000,11826.32,11755,6424,11760,9180,11750,9214,11745,8266
2020-06-09 09:26:11.770000,11826.32,11755,6424,11760,7180,11750,2055,11745,8266
2020-06-09 09:26:12.970000,11826.32,11755,6424,11760,7180,11750,9214,11745,8266
2020-06-09 09:26:14.550000,11826.32,11755,1000,11760,7180,11750,9214,11745,8266
2020-06-09 09:26:15.550000,11826.32,11755,778,11760,7180,11750,9214,11745,8266
2020-06-09 09:26:16.640000,11826.32,11755,778,11760,7180,11750,9214,11745,8266
2020-06-09 09:26:18.740000,11826.32,11760,7180,11765,12230,11750,9214,11745,8266
2020-06-09 09:26:19.140000,11826.32,11760,7180,11765,12230,11750,9214,11745,8266
2020-06-09 09:26:20.340000,11826.32,11760,7238,11765,12230,11750,9214,11745,8266
2020-06-09 09:26:20.730000,11826.32,11760,5153,11765,12230,11750,9214,11745,8266
2020-06-09 09:26:21.920000,11828.28,11760,7180,11765,12230,11750,9214,11745,8266
2020-06-09 09:26:26.060000,11828.28,11755,1000,11760,9180,11750,1555,11745,8766
2020-06-09 09:26:27.190000,11828.28,11755,8453,11760,9180,11750,1555,11745,8766
2020-06-09 09:26:27.470000,11828.28,11755,6424,11760,9180,11750,1555,11745,8766
2020-06-09 09:26:30.170000,11828.28,11755,8510,11760,9180,11750,1555,11745,8766
2020-06-09 09:26:32.260000,11826.26,11755,8510,11760,9180,11750,2077,11745,8766
2020-06-09 09:26:35.010000,11826.26,11755,8509,11760,9180,11750,2077,11745,8766
2020-06-09 09:26:37.200000,11826.26,11755,8510,11760,9180,11750,1077,11745,8766
2020-06-09 09:26:40.230000,11826.26,11755,8510,11760,9180,11750,1077,11745,8766
2020-06-09 09:26:45.070000,11826.29,11755,8510,11760,9180,11750,1076,11745,8766
2020-06-09 09:26:46.550000,11826.29,11755,8510,11760,9180,11750,1176,11745,8766
2020-06-09 09:26:54.080000,11827.1,11750,5724,11755,8510,11745,8766,11740,7657
2020-06-09 09:26:55.080000,11827.1,11750,5651,11755,8530,11745,8766,11740,7657
2020-06-09 09:26:55.430000,11827.1,11750,5786,11755,8530,11745,8766,11740,7657
2020-06-09 09:26:56.240000,11827.1,11750,5678,11755,8530,11745,8766,11740,7657
2020-06-09 09:26:57.180000,11827.1,11750,6727,11755,8530,11745,8766,11740,7657
2020-06-09 09:26:58.270000,11827.1,11750,6727,11755,8530,11745,8766,11740,7657
2020-06-09 09:27:00.410000,11827.1,11750,1076,11755,8530,11745,8766,11740,7657
2020-06-09 09:27:01.470000,11827.1,11755,8530,11760,9180,11745,8766,11740,7657
2020-06-09 09:27:02.030000,11827.61,11755,1020,11760,5153,11750,7724,11745,10366
2020-06-09 09:27:03.050000,11827.61,11760,4153,11765,12230,11755,1500,11750,7724
2020-06-09 09:27:04.110000,11827.61,11760,5153,11765,12230,11755,8660,11750,7724
2020-06-09 09:27:05.170000,11827.61,11760,7238,11765,12230,11755,1500,11750,7724
2020-06-09 09:27:05.630000,11827.61,11755,2,11760,7238,11750,8224,11745,9866
2020-06-09 09:27:06.770000,11827.61,11755,5426,11760,7238,11750,8224,11745,9866
2020-06-09 09:27:08.890000,11827.61,11755,5426,11760,7760,11750,8224,11745,9866
2020-06-09 09:27:09.240000,11827.61,11755,2,11760,7760,11750,8224,11745,9866
2020-06-09 09:27:10.030000,11827.61,11755,2,11760,7760,11750,8224,11745,10866
2020-06-09 09:27:13.530000,11827.5,11755,2,11760,7760,11750,8225,11745,10866
2020-06-09 09:27:14.670000,11827.5,11760,5675,11765,12230,11750,8225,11745,10866
2020-06-09 09:27:15.080000,11827.5,11760,7702,11765,12230,11750,8225,11745,10866
2020-06-09 09:27:16.400000,11827.5,11760,7717,11765,12230,11750,8225,11745,10866
2020-06-09 09:27:17.310000,11827.5,11760,7717,11765,12230,11755,1,11750,8225
2020-06-09 09:27:18.900000,11827.5,11760,7717,11765,12230,11750,8225,11745,10866
2020-06-09 09:27:19.930000,11827.5,11760,7717,11765,12230,11755,2,11750,8225
2020-06-09 09:27:20.260000,11827.5,11760,7817,11765,12230,11750,8225,11745,10866
2020-06-09 09:27:21.000000,11827.5,11760,7817,11765,12230,11750,8225,11745,10866
2020-06-09 09:27:22.090000,11827.55,11760,7817,11765,12230,11750,8225,11745,10866
2020-06-09 09:27:23.150000,11827.55,11760,7817,11765,12230,11750,8225,11745,10866
2020-06-09 09:27:24.200000,11827.55,11760,7817,11765,12230,11750,8225,11745,10866
2020-06-09 09:27:24.420000,11827.55,11760,7817,11765,12230,11750,8227,11745,10866
2020-06-09 09:27:26.260000,11827.55,11760,7815,11765,12230,11750,8227,11745,10866
2020-06-09 09:27:27.370000,11827.55,11760,5788,11765,12230,11750,8227,11745,12895
2020-06-09 09:27:28.390000,11827.55,11760,646,11765,10230,11750,8227,11745,12895
2020-06-09 09:27:29.460000,11827.55,11760,646,11765,10230,11750,8227,11745,12895
2020-06-09 09:27:29.930000,11827.55,11760,646,11765,10230,11750,8228,11745,12895
2020-06-09 09:27:31.010000,11827.55,11760,646,11765,10230,11750,8228,11745,12895
2020-06-09 09:27:32.090000,11826.01,11760,646,11765,10230,11755,1405,11750,8228
2020-06-09 09:27:32.560000,11826.01,11760,646,11765,10230,11755,8565,11750,8228
2020-06-09 09:27:34.240000,11826.01,11760,646,11765,10230,11755,8565,11750,8228
2020-06-09 09:27:35.210000,11826.01,11760,124,11765,10752,11755,8565,11750,8228
2020-06-09 09:27:36.730000,11826.01,11760,114,11765,10752,11755,8565,11750,8228
2020-06-09 09:27:37.430000,11826.01,11760,114,11765,10752,11755,8565,11750,8228
2020-06-09 09:27:38.410000,11826.01,11760,114,11765,10752,11755,8565,11750,8228
2020-06-09 09:27:41.010000,11826.01,11760,114,11765,10752,11755,8566,11750,8228
2020-06-09 09:27:43.130000,11827.47,11765,10752,11770,12649,11760,386,11755,8566
2020-06-09 09:27:43.490000,11827.47,11765,10752,11770,12649,11760,386,11755,8566
2020-06-09 09:27:44.860000,11827.47,11765,11752,11770,12649,11755,8952,11750,7728
2020-06-09 09:27:46.160000,11827.47,11760,7156,11765,11752,11755,9952,11750,7728
2020-06-09 09:27:48.430000,11827.47,11760,7154,11765,11752,11755,9952,11750,7728
2020-06-09 09:27:49.030000,11827.47,11760,7154,11765,13752,11755,2792,11750,7728
2020-06-09 09:27:50.000000,11827.47,11760,7154,11765,13752,11755,2792,11750,7728
2020-06-09 09:27:51.020000,11827.47,11760,7156,11765,13752,11755,2792,11750,7728
2020-06-09 09:27:52.600000,11826.55,11760,7156,11765,13752,11755,2792,11750,7728
2020-06-09 09:27:52.810000,11826.55,11760,7156,11765,13752,11755,2792,11750,7728
2020-06-09 09:27:53.660000,11826.55,11760,7156,11765,13752,11755,2792,11750,7728
2020-06-09 09:27:54.750000,11826.55,11760,7156,11765,13752,11755,2792,11750,7728
2020-06-09 09:27:55.030000,11826.55,11760,10183,11765,13752,11755,2406,11750,8114
2020-06-09 09:27:55.780000,11826.55,11760,10183,11765,13752,11750,8114,11745,10866
2020-06-09 09:27:58.830000,11826.55,11755,100,11760,10183,11750,8549,11745,10866
2020-06-09 09:28:01.060000,11826.55,11760,10183,11765,13752,11750,8549,11745,12895
2020-06-09 09:28:02.140000,11828.05,11760,10183,11765,13752,11750,9549,11745,10866
2020-06-09 09:28:03.160000,11828.05,11760,10183,11765,13752,11750,9803,11745,10866
2020-06-09 09:28:03.440000,11828.05,11760,10183,11765,13752,11750,9919,11745,10866
2020-06-09 09:28:04.140000,11828.05,11760,10183,11765,13752,11750,10146,11745,10866
2020-06-09 09:28:04.640000,11828.05,11760,10183,11765,13752,11750,10240,11745,10866
2020-06-09 09:28:05.440000,11828.05,11760,10183,11765,13752,11750,10253,11745,10866
2020-06-09 09:28:08.370000,11828.05,11760,10183,11765,13752,11755,8,11750,10253
2020-06-09 09:28:09.390000,11828.05,11760,10183,11765,13752,11750,10253,11745,10866
2020-06-09 09:28:10.450000,11828.05,11760,9291,11765,13752,11750,10253,11745,10866
2020-06-09 09:28:12.540000,11827.97,11760,9291,11765,13752,11750,10253,11745,10866
2020-06-09 09:28:12.930000,11827.97,11760,9291,11765,13752,11750,10253,11745,10866
2020-06-09 09:28:13.730000,11827.97,11760,9291,11765,13752,11750,10263,11745,10866
2020-06-09 09:28:14.700000,11827.97,11760,9291,11765,13752,11750,10263,11745,10866
2020-06-09 09:28:15.650000,11827.97,11760,9291,11765,13752,11750,10263,11745,10866
2020-06-09 09:28:15.890000,11827.97,11760,9291,11765,13752,11750,10263,11745,10866
2020-06-09 09:28:16.760000,11827.97,11760,9291,11765,13752,11750,10263,11745,10866
2020-06-09 09:28:17.240000,11827.97,11755,1000,11760,11291,11750,10263,11745,10866
2020-06-09 09:28:17.950000,11827.97,11755,8453,11760,11291,11750,3104,11745,10866
2020-06-09 09:28:18.870000,11827.97,11755,6424,11760,9291,11750,10263,11745,10866
2020-06-09 09:28:19.070000,11827.97,11755,6424,11760,9291,11750,10263,11745,10866
2020-06-09 09:28:19.950000,11827.97,11755,1000,11760,9291,11750,10263,11745,10866
2020-06-09 09:28:20.260000,11827.97,11760,9293,11765,13752,11755,762,11750,10263
2020-06-09 09:28:21.010000,11827.97,11760,7266,11765,13752,11755,7922,11750,10263
2020-06-09 09:28:23.020000,11827.41,11760,7266,11765,13752,11755,7922,11750,10263
2020-06-09 09:28:25.380000,11827.41,11760,1004,11765,11752,11755,7922,11750,10263
2020-06-09 09:28:26.130000,11827.41,11760,1004,11765,11752,11755,8387,11750,10263
2020-06-09 09:28:26.830000,11827.41,11760,2,11765,11752,11755,8925,11750,10263
2020-06-09 09:28:27.910000,11827.41,11760,2,11765,11752,11755,8925,11750,10263
2020-06-09 09:28:28.130000,11827.41,11760,2,11765,11752,11755,10925,11750,10263
2020-06-09 09:28:29.000000,11827.41,11760,2,11765,11752,11755,10925,11750,10263
2020-06-09 09:28:29.950000,11827.41,11765,11752,11770,12651,11760,6,11755,10925
2020-06-09 09:28:30.530000,11827.41,11760,494,11765,11752,11755,10925,11750,10263
2020-06-09 09:28:31.590000,11827.41,11760,59,11765,11752,11755,10925,11750,9877
2020-06-09 09:28:32.060000,11824.42,11760,59,11765,11791,11755,10925,11750,9877
2020-06-09 09:28:33.170000,11824.42,11760,59,11765,11791,11755,10875,11750,9877
2020-06-09 09:28:34.250000,11824.42,11760,59,11765,11791,11755,10875,11750,9877
2020-06-09 09:28:35.670000,11824.42,11760,69,11765,11791,11755,10875,11750,9877
2020-06-09 09:28:37.390000,11824.42,11760,69,11765,11269,11755,10875,11750,9877
2020-06-09 09:28:37.970000,11824.42,11760,69,11765,11269,11755,11075,11750,9877
2020-06-09 09:28:38.430000,11824.42,11760,69,11765,10235,11755,11075,11750,9877
2020-06-09 09:28:40.000000,11824.42,11765,10235,11770,13173,11760,1930,11755,9075
2020-06-09 09:28:40.260000,11824.42,11760,7262,11765,12235,11755,1915,11750,9877
2020-06-09 09:28:41.120000,11824.42,11760,7262,11765,10235,11755,9075,11750,9877
2020-06-09 09:28:41.430000,11823.02,11760,7262,11765,12235,11755,9075,11750,9877
2020-06-09 09:28:43.140000,11823.02,11760,7262,11765,10235,11755,9075,11750,9877
2020-06-09 09:28:45.290000,11823.02,11760,1000,11765,10235,11755,9075,11750,9879
2020-06-09 09:28:45.420000,11823.02,11765,10235,11770,13173,11755,9075,11750,9879
2020-06-09 09:28:45.850000,11823.02,11765,10235,11770,13173,11755,9075,11750,9879
2020-06-09 09:28:46.920000,11823.02,11765,10235,11770,13173,11755,9075,11750,9879
2020-06-09 09:28:47.340000,11823.02,11765,10235,11770,13174,11755,9075,11750,9879
2020-06-09 09:28:48.670000,11823.02,11765,10235,11770,13803,11755,9075,11750,9879
2020-06-09 09:28:49.570000,11823.02,11765,10235,11770,13803,11755,9075,11750,9879
2020-06-09 09:28:50.630000,11823.02,11765,10235,11770,13803,11755,9075,11750,9879
2020-06-09 09:28:52.230000,11826.52,11765,8202,11770,13803,11755,9075,11750,11911
2020-06-09 09:28:53.260000,11826.52,11765,10228,11770,13803,11755,9075,11750,9880
2020-06-09 09:28:55.840000,11826.52,11765,10228,11770,13803,11755,9075,11750,9880
2020-06-09 09:28:56.040000,11826.52,11765,10228,11770,13803,11755,10836,11750,9880
2020-06-09 09:28:56.940000,11826.52,11765,10228,11770,13803,11755,10833,11750,9880
2020-06-09 09:28:58.510000,11826.52,11765,10228,11770,13803,11755,10833,11750,11911
2020-06-09 09:29:04.860000,11825.41,11765,10228,11770,13803,11755,10833,11750,9880
2020-06-09 09:29:05.130000,11825.41,11765,10228,11770,13803,11755,10833,11750,9880
2020-06-09 09:29:05.910000,11825.41,11765,10228,11770,13803,11755,10833,11750,9880
2020-06-09 09:29:08.000000,11825.41,11765,10228,11770,13803,11755,10833,11750,9880
2020-06-09 09:29:08.270000,11825.41,11765,10228,11770,12654,11755,10833,11750,9880
2020-06-09 09:29:09.070000,11825.41,11765,10225,11770,12654,11755,10833,11750,9880
2020-06-09 09:29:10.630000,11825.41,11765,10225,11770,12654,11755,10833,11750,9880
2020-06-09 09:29:10.820000,11825.41,11760,48,11765,10225,11755,10833,11750,9880
2020-06-09 09:29:15.270000,11829.78,11760,48,11765,10225,11755,10833,11750,9880
2020-06-09 09:29:17.480000,11829.78,11765,9225,11770,12654,11755,10833,11750,9880
2020-06-09 09:29:18.550000,11829.78,11765,39,11770,10654,11760,7160,11755,10833
2020-06-09 09:29:18.940000,11829.78,11765,7199,11770,10654,11760,7160,11755,10833
2020-06-09 09:29:20.110000,11829.78,11765,7199,11770,10654,11760,7160,11755,10833
2020-06-09 09:29:20.420000,11829.78,11765,7199,11770,10654,11760,7160,11755,10833
2020-06-09 09:29:21.160000,11829.78,11765,7199,11770,10654,11755,10833,11750,11911
2020-06-09 09:29:24.730000,11828.42,11765,7199,11770,10654,11755,10833,11750,11911
2020-06-09 09:29:27.330000,11828.42,11765,7199,11770,10654,11760,7160,11755,10833
2020-06-09 09:29:28.470000,11828.42,11765,7199,11770,10654,11760,7160,11755,10833
2020-06-09 09:29:29.510000,11828.42,11765,7097,11770,10654,11760,7160,11755,10833
2020-06-09 09:29:30.560000,11828.42,11765,7097,11770,10654,11760,7160,11755,10833
2020-06-09 09:29:30.860000,11828.42,11765,7097,11770,10654,11760,7160,11755,10833
2020-06-09 09:29:31.640000,11830.46,11765,7097,11770,10654,11760,7160,11755,10833
2020-06-09 09:29:32.700000,11830.46,11765,7097,11770,10654,11760,7160,11755,10833
2020-06-09 09:29:34.810000,11830.46,11765,7097,11770,10654,11760,7160,11755,10833
2020-06-09 09:29:36.920000,11830.46,11765,7067,11770,10654,11760,7160,11755,10833
2020-06-09 09:29:41.070000,11830.46,11765,7067,11770,10654,11760,7160,11755,10833
2020-06-09 09:29:41.520000,11831.92,11770,10654,11775,10617,11760,7160,11755,10833
2020-06-09 09:29:42.960000,11831.92,11765,7067,11770,13654,11755,10833,11750,11911
2020-06-09 09:29:43.830000,11831.92,11765,9099,11770,13654,11755,10833,11750,11911
2020-06-09 09:29:44.600000,11831.92,11765,11099,11770,13654,11755,3673,11750,9880
2020-06-09 09:29:45.250000,11831.92,11765,12099,11770,13654,11755,3673,11750,9880
2020-06-09 09:29:47.440000,11831.92,11760,1000,11765,10099,11755,10833,11750,9880
2020-06-09 09:29:48.450000,11831.92,11765,10099,11770,13654,11755,10833,11750,9880
2020-06-09 09:29:48.800000,11831.92,11765,10099,11770,13654,11755,10833,11750,9880
2020-06-09 09:29:54.730000,11832.29,11765,10099,11770,14654,11755,10833,11750,9880
2020-06-09 09:29:56.030000,11832.29,11765,10099,11770,14654,11755,10833,11750,9880
2020-06-09 09:29:58.010000,11832.29,11765,10099,11770,14654,11755,10833,11750,9880
2020-06-09 09:30:00.110000,11832.29,11760,1000,11765,10099,11755,10828,11750,9880
2020-06-09 09:30:00.590000,11832.29,11760,6262,11765,10099,11755,10828,11750,9880
2020-06-09 09:30:01.650000,11831.55,11765,10099,11770,14654,11755,10828,11750,9880
2020-06-09 09:30:02.060000,11831.55,11765,10095,11770,14654,11755,10828,11750,11911
2020-06-09 09:30:02.930000,11831.55,11765,8063,11770,12400,11760,50,11755,10828
2020-06-09 09:30:04.430000,11831.55,11765,8063,11770,12654,11760,50,11755,10828
2020-06-09 09:30:05.400000,11831.55,11765,8063,11770,14654,11760,50,11755,10828
2020-06-09 09:30:06.460000,11831.55,11765,8063,11770,14654,11760,50,11755,10828
2020-06-09 09:30:06.820000,11831.55,11765,10084,11770,14654,11760,50,11755,10828
2020-06-09 09:30:08.630000,11831.55,11765,10084,11770,14654,11760,50,11755,10828
2020-06-09 09:30:09.630000,11831.55,11765,10084,11770,14654,11760,50,11755,10828
2020-06-09 09:30:12.270000,11833.23,11765,8058,11770,12654,11760,50,11755,10828
2020-06-09 09:30:12.790000,11833.23,11765,8058,11770,14654,11760,50,11755,10828
2020-06-09 09:30:13.840000,11833.23,11765,8058,11770,14654,11760,50,11755,10828
2020-06-09 09:30:14.130000,11833.23,11765,8058,11770,12654,11760,7210,11755,10828
2020-06-09 09:30:15.960000,11833.23,11765,8058,11770,12654,11760,7210,11755,10828
2020-06-09 09:30:17.020000,11833.23,11765,8058,11770,14654,11760,50,11755,10828
2020-06-09 09:30:17.490000,11833.23,11765,8058,11770,14654,11760,1050,11755,10828
2020-06-09 09:30:23.940000,11835.22,11760,1002,11765,10084,11755,10828,11750,9880
2020-06-09 09:30:24.160000,11835.22,11760,6262,11765,12084,11755,3668,11750,9880
2020-06-09 09:30:26.040000,11835.22,11760,6262,11765,12084,11755,3668,11750,9880
2020-06-09 09:30:28.660000,11835.22,11760,9289,11765,12084,11755,2668,11750,9880
2020-06-09 09:30:29.680000,11835.22,11760,7262,11765,12084,11755,2668,11750,9880
2020-06-09 09:30:30.030000,11835.22,11760,7262,11765,12084,11755,2668,11750,9880
2020-06-09 09:30:30.780000,11835.22,11760,9212,11765,12084,11755,2668,11750,9880
2020-06-09 09:30:35.490000,11830.55,11760,9212,11765,12084,11755,2668,11750,9923
2020-06-09 09:30:36.560000,11830.55,11760,9212,11765,12084,11755,2668,11750,9923
2020-06-09 09:30:38.870000,11830.55,11755,39,11760,9212,11750,9923,11745,9268
2020-06-09 09:30:39.930000,11830.55,11755,7492,11760,11212,11750,2764,11745,9268
2020-06-09 09:30:40.820000,11830.55,11755,8453,11760,11212,11750,707,11745,9268
2020-06-09 09:30:41.870000,11828.52,11755,8453,11760,11212,11745,9268,11740,8367
2020-06-09 09:30:42.920000,11828.52,11755,8453,11760,11212,11745,9268,11740,8367
2020-06-09 09:30:43.960000,11828.52,11755,8453,11760,11212,11745,9268,11740,8367
2020-06-09 09:30:45.040000,11828.52,11755,8453,11760,11212,11745,9268,11740,8367
2020-06-09 09:30:46.600000,11828.52,11755,8453,11760,11212,11745,9268,11740,8367
2020-06-09 09:30:47.020000,11828.52,11755,8453,11760,11212,11745,8268,11740,8367
2020-06-09 09:30:48.100000,11828.52,11755,8453,11760,11212,11745,8268,11740,8367
2020-06-09 09:30:49.270000,11828.52,11755,8453,11760,11212,11745,8268,11740,8367
2020-06-09 09:30:50.730000,11828.52,11755,8453,11760,11212,11750,7159,11745,8268
2020-06-09 09:30:51.830000,11829.05,11755,1000,11760,11212,11750,7159,11745,8268
2020-06-09 09:30:52.220000,11829.05,11755,6424,11760,11212,11750,7159,11745,8268
2020-06-09 09:30:53.930000,11829.05,11755,6424,11760,11212,11750,7159,11745,8268
2020-06-09 09:30:54.940000,11829.05,11755,6424,11760,11212,11750,7160,11745,8268
2020-06-09 09:30:56.000000,11829.05,11755,6424,11760,9212,11750,7160,11745,8268
2020-06-09 09:30:56.240000,11829.05,11755,1000,11760,9212,11750,7160,11745,8268
2020-06-09 09:30:57.080000,11829.05,11760,9212,11765,12086,11750,8160,11745,8268
