time,nav,sell1,sell1_cnt,sell2,sell2_cnt,buy1,buy1_cnt,buy2,buy2_cnt
2020-06-05 08:47:08.180000,0.0,11695,1434,11700,169,11650,50,11600,40
2020-06-05 08:47:08.970000,0.0,11695,2534,11700,169,11650,50,11600,40
2020-06-05 08:47:17.880000,0.0,11695,2534,11700,169,11650,50,11600,40
2020-06-05 08:47:17.910000,0.0,11695,2534,11700,169,11650,50,11600,40
2020-06-05 08:47:17.970000,0.0,11695,2534,11700,169,11650,50,11600,40
2020-06-05 08:47:17.990000,0.0,11695,2534,11700,169,11650,50,11600,40
2020-06-05 08:47:18.070000,0.0,11695,2534,11700,169,11650,50,11600,40
2020-06-05 08:47:18.270000,0.0,11695,2534,11700,1169,11650,50,11600,40
2020-06-05 08:47:25.070000,0.0,11695,2544,11700,1169,11650,50,11600,40
2020-06-05 08:47:25.770000,0.0,11695,2554,11700,1169,11650,50,11600,40
2020-06-05 08:47:29.970000,0.0,11695,2554,11700,1169,11650,50,11600,40
2020-06-05 08:47:30.190000,0.0,11695,2564,11700,1169,11650,50,11600,40
2020-06-05 08:47:34.880000,0.0,11695,2574,11700,1169,11650,50,11600,40
2020-06-05 08:47:39.950000,0.0,11695,2584,11700,1169,11650,50,11600,40
2020-06-05 08:47:44.780000,0.0,11695,2594,11700,1169,11650,50,11600,40
2020-06-05 08:47:45.030000,0.0,11695,2594,11700,1169,11650,50,11600,40
2020-06-05 08:47:45.060000,0.0,11695,2594,11700,1169,11650,50,11600,40
2020-06-05 08:47:45.090000,0.0,11695,2594,11700,1169,11650,50,11600,40
2020-06-05 08:47:45.120000,0.0,11695,2594,11700,1169,11650,50,11600,40
2020-06-05 08:47:45.180000,0.0,11695,2594,11700,1169,11650,50,11600,40
2020-06-05 08:47:45.210000,0.0,11695,2594,11700,1169,11650,50,11600,40
2020-06-05 08:47:45.280000,0.0,11695,2594,11700,1169,11650,50,11600,40
2020-06-05 08:47:45.370000,0.0,11695,2594,11700,1169,11650,50,11600,40
2020-06-05 08:47:46.870000,0.0,11695,2604,11700,1169,11650,50,11600,40
2020-06-05 08:47:49.870000,0.0,11695,2614,11700,1169,11650,50,11600,40
2020-06-05 08:47:55.180000,0.0,11695,2624,11700,1169,11650,50,11600,40
2020-06-05 08:48:00.430000,0.0,11695,2634,11700,1169,11650,50,11600,40
2020-06-05 08:48:05.470000,0.0,11695,2644,11700,1169,11650,50,11600,40
2020-06-05 08:48:09.670000,0.0,11695,2644,11700,1169,11650,50,11600,40
2020-06-05 08:48:10.770000,0.0,11690,4,11695,2650,11650,50,11600,40
2020-06-05 08:48:15.880000,0.0,11690,14,11695,2650,11650,50,11600,40
2020-06-05 08:48:21.470000,0.0,11680,9,11690,15,11650,50,11600,40
2020-06-05 08:48:26.660000,0.0,11680,9,11690,15,11650,50,11600,40
2020-06-05 08:48:26.690000,0.0,11680,9,11690,15,11650,50,11600,40
2020-06-05 08:48:26.730000,0.0,11680,9,11690,15,11650,50,11600,40
2020-06-05 08:48:26.760000,0.0,11680,9,11690,15,11650,50,11600,40
2020-06-05 08:48:26.840000,0.0,11680,9,11690,15,11650,50,11600,40
2020-06-05 08:48:32.520000,0.0,11680,9,11690,25,11650,50,11600,40
2020-06-05 08:48:38.790000,0.0,11680,9,11690,289,11650,50,11600,40
2020-06-05 08:48:41.030000,0.0,11680,9,11690,289,11650,50,11600,40
2020-06-05 08:48:46.290000,0.0,11680,9,11690,289,11650,50,11600,40
2020-06-05 08:48:46.350000,0.0,11680,9,11690,289,11650,50,11600,40
2020-06-05 08:48:46.390000,0.0,11680,9,11690,289,11650,50,11600,40
2020-06-05 08:48:46.480000,0.0,11680,9,11690,289,11650,50,11600,40
2020-06-05 08:48:46.570000,0.0,11680,9,11690,289,11650,50,11600,40
2020-06-05 08:48:46.600000,0.0,11680,9,11690,289,11650,50,11600,40
2020-06-05 08:48:46.670000,0.0,11680,9,11690,289,11650,50,11600,40
2020-06-05 08:48:46.780000,0.0,11680,9,11690,289,11650,50,11600,40
2020-06-05 08:48:47.310000,0.0,11680,9,11690,289,11650,50,11600,40
2020-06-05 08:48:47.340000,0.0,11680,9,11690,289,11650,50,11600,40
2020-06-05 08:48:47.370000,0.0,11680,9,11690,289,11650,50,11600,40
2020-06-05 08:48:47.400000,0.0,11680,9,11690,289,11650,50,11600,40
2020-06-05 08:48:49.270000,0.0,11680,9,11690,289,11650,50,11600,40
2020-06-05 08:48:49.670000,0.0,11690,289,11695,2950,11680,41,11650,50
2020-06-05 08:48:49.880000,0.0,11690,289,11695,2950,11680,41,11650,50
2020-06-05 08:48:56.700000,0.0,11685,1,11690,289,11680,41,11650,50
2020-06-05 08:49:05.500000,0.0,11685,1,11690,289,11680,41,11650,50
2020-06-05 08:49:05.530000,0.0,11685,1,11690,289,11680,41,11650,50
2020-06-05 08:49:05.560000,0.0,11685,1,11690,289,11680,41,11650,50
2020-06-05 08:49:05.590000,0.0,11685,1,11690,289,11680,41,11650,50
2020-06-05 08:49:05.630000,0.0,11685,1,11690,289,11680,41,11650,50
2020-06-05 08:49:05.660000,0.0,11685,1,11690,289,11680,41,11650,50
2020-06-05 08:49:05.690000,0.0,11685,1,11690,289,11680,41,11650,50
2020-06-05 08:49:10.220000,0.0,11685,1,11690,289,11680,41,11650,50
2020-06-05 08:49:18.640000,0.0,11685,1,11690,289,11680,41,11650,50
2020-06-05 08:49:23.980000,0.0,11685,1,11690,289,11680,41,11650,50
2020-06-05 08:49:25.380000,0.0,11685,1,11690,289,11680,41,11650,50
2020-06-05 08:49:25.480000,0.0,11685,1,11690,289,11680,41,11650,50
2020-06-05 08:49:27.270000,0.0,11675,45,11680,14,11650,50,11600,40
2020-06-05 08:49:29.770000,0.0,11675,45,11680,14,11650,50,11600,40
2020-06-05 08:49:31.570000,0.0,11675,45,11680,14,11650,50,11600,40
2020-06-05 08:49:32.430000,0.0,11675,45,11680,14,11650,50,11600,40
2020-06-05 08:49:43.190000,0.0,11675,45,11680,14,11650,50,11600,40
2020-06-05 08:49:50.670000,0.0,11675,45,11680,14,11650,50,11600,40
2020-06-05 08:49:52.490000,0.0,11675,45,11680,14,11650,50,11600,40
2020-06-05 08:49:56.980000,0.0,11675,45,11680,14,11650,50,11600,40
2020-06-05 08:49:57.040000,0.0,11675,45,11680,14,11650,50,11600,40
2020-06-05 08:49:57.070000,0.0,11675,45,11680,14,11650,50,11600,40
2020-06-05 08:49:57.100000,0.0,11675,45,11680,14,11650,50,11600,40
2020-06-05 08:49:57.130000,0.0,11675,45,11680,14,11650,50,11600,40
2020-06-05 08:49:57.200000,0.0,11675,45,11680,14,11650,50,11600,40
2020-06-05 08:49:57.230000,0.0,11675,45,11680,14,11650,50,11600,40
2020-06-05 08:49:57.260000,0.0,11675,45,11680,14,11650,50,11600,40
2020-06-05 08:49:57.310000,0.0,11675,45,11680,14,11650,50,11600,40
2020-06-05 08:49:57.340000,0.0,11675,45,11680,14,11650,50,11600,40
2020-06-05 08:49:57.370000,0.0,11675,45,11680,14,11650,50,11600,40
2020-06-05 08:49:57.400000,0.0,11675,45,11680,14,11650,50,11600,40
2020-06-05 08:49:57.510000,0.0,11675,45,11680,14,11650,50,11600,40
2020-06-05 08:49:58.060000,0.0,11675,45,11680,14,11650,50,11600,40
2020-06-05 08:49:58.090000,0.0,11675,45,11680,14,11650,50,11600,40
2020-06-05 08:49:58.120000,0.0,11675,45,11680,14,11650,50,11600,40
2020-06-05 08:49:58.160000,0.0,11675,45,11680,14,11650,50,11600,40
2020-06-05 08:49:58.230000,0.0,11675,45,11680,14,11650,50,11600,40
2020-06-05 08:49:58.260000,0.0,11675,45,11680,14,11650,50,11600,40
2020-06-05 08:49:58.290000,0.0,11675,45,11680,14,11650,50,11600,40
2020-06-05 08:49:58.320000,0.0,11675,45,11680,14,11650,50,11600,40
2020-06-05 08:49:58.380000,0.0,11675,45,11680,14,11650,50,11600,40
2020-06-05 08:49:58.450000,0.0,11675,45,11680,14,11650,50,11600,40
2020-06-05 08:49:58.480000,0.0,11675,45,11680,14,11650,50,11600,40
2020-06-05 08:49:58.540000,0.0,11675,45,11680,14,11650,50,11600,40
2020-06-05 08:49:58.600000,0.0,11675,45,11680,14,11650,50,11600,40
2020-06-05 08:49:58.650000,0.0,11675,45,11680,14,11650,50,11600,40
2020-06-05 08:49:58.680000,0.0,11675,45,11680,14,11650,50,11600,40
2020-06-05 08:49:58.710000,0.0,11675,45,11680,14,11650,50,11600,40
2020-06-05 08:49:58.740000,0.0,11675,45,11680,14,11650,50,11600,40
2020-06-05 08:49:58.770000,0.0,11675,45,11680,14,11650,50,11600,40
2020-06-05 08:49:58.800000,0.0,11675,45,11680,14,11650,50,11600,40
2020-06-05 08:49:58.900000,0.0,11675,45,11680,14,11650,50,11600,40
2020-06-05 08:49:58.990000,0.0,11675,45,11680,14,11650,50,11600,40
2020-06-05 08:49:59.120000,0.0,11675,45,11680,14,11650,50,11600,40
2020-06-05 08:49:59.600000,0.0,11675,45,11680,14,11650,50,11600,40
2020-06-05 08:49:59.660000,0.0,11675,45,11680,14,11650,50,11600,40
2020-06-05 08:50:05.880000,0.0,11675,49,11680,14,11650,50,11600,40
2020-06-05 08:50:06.190000,0.0,11675,51,11680,14,11650,50,11600,40
2020-06-05 08:50:06.220000,0.0,11675,55,11680,14,11650,50,11600,40
2020-06-05 08:50:06.960000,0.0,11675,59,11680,14,11650,50,11600,40
2020-06-05 08:50:07.020000,0.0,11675,65,11680,14,11650,50,11600,40
2020-06-05 08:50:11.270000,0.0,11675,65,11680,14,11650,50,11600,40
2020-06-05 08:50:15.420000,0.0,11670,405,11675,160,11650,50,11600,40
2020-06-05 08:50:21.970000,0.0,11670,415,11675,160,11650,50,11600,40
2020-06-05 08:50:24.890000,0.0,11670,425,11675,160,11650,50,11600,40
2020-06-05 08:50:27.080000,0.0,11670,425,11675,160,11650,50,11600,40
2020-06-05 08:50:29.870000,0.0,11670,425,11675,160,11650,50,11600,40
2020-06-05 08:50:30.970000,0.0,11670,425,11675,160,11650,50,11600,40
2020-06-05 08:50:33.870000,0.0,11670,425,11675,160,11650,50,11600,40
2020-06-05 08:50:38.080000,0.0,11670,425,11675,160,11650,50,11600,40
2020-06-05 08:50:41.770000,0.0,11670,425,11675,160,11650,50,11600,40
2020-06-05 08:50:45.170000,0.0,11670,425,11675,160,11650,50,11600,40
2020-06-05 08:50:48.980000,0.0,11670,382,11675,160,11650,50,11600,40
2020-06-05 08:51:02.020000,0.0,11670,382,11675,160,11650,50,11600,40
2020-06-05 08:51:12.010000,0.0,11670,382,11675,460,11650,50,11600,40
2020-06-05 08:51:17.360000,0.0,11670,382,11675,460,11650,50,11600,40
2020-06-05 08:51:28.480000,0.0,11670,382,11675,460,11650,50,11600,40
2020-06-05 08:51:32.600000,0.0,11670,382,11675,460,11650,50,11600,40
2020-06-05 08:51:38.500000,0.0,11670,382,11675,460,11650,50,11600,40
2020-06-05 08:51:41.170000,0.0,11670,382,11675,460,11650,50,11600,40
2020-06-05 08:51:45.180000,0.0,11655,3,11660,10,11650,50,11600,40
2020-06-05 08:51:45.400000,0.0,11570,271,11575,172,11550,110,11540,10
2020-06-05 08:51:50.180000,0.0,11570,271,11575,172,11550,110,11515,227
2020-06-05 08:51:52.260000,0.0,11570,271,11575,172,11550,100,11515,227
2020-06-05 08:51:57.570000,0.0,11570,441,11575,172,11550,100,11515,227
2020-06-05 08:52:00.720000,0.0,11570,441,11575,172,11550,101,11515,227
2020-06-05 08:52:03.810000,0.0,11570,441,11575,172,11550,101,11540,2
2020-06-05 08:52:07.170000,0.0,11570,441,11575,172,11550,101,11540,2
2020-06-05 08:52:09.280000,0.0,11570,441,11575,172,11550,101,11540,2
2020-06-05 08:52:11.900000,0.0,11570,441,11575,172,11550,101,11540,2
2020-06-05 08:52:13.820000,0.0,11570,271,11575,172,11550,101,11540,2
2020-06-05 08:52:14.980000,0.0,11570,271,11575,172,11550,101,11540,2
2020-06-05 08:52:16.990000,0.0,11570,441,11575,172,11550,101,11540,2
2020-06-05 08:52:18.160000,0.0,11570,441,11575,172,11550,101,11540,2
2020-06-05 08:52:19.070000,0.0,11570,341,11575,172,11550,101,11540,2
2020-06-05 08:52:19.480000,0.0,11570,241,11575,172,11550,1,11540,2
2020-06-05 08:52:21.570000,0.0,11570,241,11575,172,11550,1,11540,2
2020-06-05 08:52:25.470000,0.0,11570,241,11575,172,11550,1,11540,2
2020-06-05 08:52:26.470000,0.0,11570,241,11575,172,11550,1,11540,2
2020-06-05 08:52:26.770000,0.0,11570,241,11575,172,11550,1,11540,2
2020-06-05 08:52:28.600000,0.0,11570,241,11575,172,11550,1,11540,2
2020-06-05 08:52:30.720000,0.0,11570,241,11575,172,11550,1,11540,2
2020-06-05 08:52:31.560000,0.0,11570,241,11575,172,11550,1,11540,2
2020-06-05 08:52:38.770000,0.0,11570,241,11575,172,11550,1,11540,2
2020-06-05 08:52:39.810000,0.0,11570,241,11575,172,11550,1,11540,2
2020-06-05 08:52:42.070000,0.0,11570,241,11575,172,11550,1,11540,2
2020-06-05 08:52:45.770000,0.0,11570,241,11575,172,11550,1,11540,2
2020-06-05 08:52:47.710000,0.0,11570,241,11575,172,11550,1,11540,2
2020-06-05 08:52:49.160000,0.0,11570,241,11575,172,11550,1,11540,2
2020-06-05 08:52:52.580000,0.0,11570,241,11575,172,11550,1,11540,2
2020-06-05 08:53:03.180000,0.0,11570,241,11575,172,11550,1,11540,2
2020-06-05 08:53:05.770000,0.0,11570,341,11575,172,11550,1,11540,2
2020-06-05 08:53:17.070000,0.0,11570,341,11575,172,11550,1,11540,2
2020-06-05 08:53:17.660000,0.0,11570,241,11575,172,11550,1,11540,2
2020-06-05 08:53:31.970000,0.0,11570,441,11575,172,11550,1,11540,2
2020-06-05 08:53:34.970000,0.0,11570,341,11575,172,11550,1,11540,2
2020-06-05 08:53:40.440000,0.0,11570,241,11575,172,11550,1,11540,2
2020-06-05 08:53:46.060000,0.0,11570,241,11575,172,11550,1,11540,2
2020-06-05 08:53:51.580000,0.0,11570,241,11575,172,11550,1,11540,2
2020-06-05 08:54:02.070000,0.0,11570,241,11575,172,11550,1,11540,2
2020-06-05 08:54:08.600000,0.0,11570,341,11575,172,11550,1,11540,2
2020-06-05 08:54:10.460000,0.0,11570,341,11575,172,11550,1,11540,2
2020-06-05 08:54:16.380000,0.0,11570,441,11575,172,11565,100,11550,1
2020-06-05 08:54:32.180000,0.0,11570,441,11575,172,11565,100,11550,1
2020-06-05 08:54:34.580000,0.0,11570,656,11575,172,11565,54,11550,1
2020-06-05 08:54:37.860000,0.0,11570,656,11575,172,11565,54,11550,1
2020-06-05 08:54:42.670000,0.0,11570,656,11575,172,11565,54,11550,1
2020-06-05 08:54:47.140000,0.0,11570,656,11575,172,11565,54,11550,1
2020-06-05 08:54:47.560000,0.0,11570,656,11575,172,11565,54,11550,1
2020-06-05 08:54:50.580000,0.0,11570,656,11575,172,11565,54,11550,1
2020-06-05 08:55:01.780000,0.0,11570,656,11575,172,11565,54,11550,1
2020-06-05 08:55:18.260000,0.0,11570,656,11575,172,11565,54,11550,1
2020-06-05 08:55:18.470000,0.0,11570,656,11575,172,11565,44,11550,1
2020-06-05 08:55:29.590000,0.0,11570,656,11575,172,11565,44,11550,1
2020-06-05 08:55:31.570000,0.0,11570,656,11575,172,11565,42,11550,1
2020-06-05 08:55:39.620000,0.0,11570,656,11575,172,11565,42,11550,1
2020-06-05 08:55:44.350000,0.0,11570,656,11575,172,11565,42,11550,1
2020-06-05 08:55:48.880000,0.0,11570,656,11575,172,11565,42,11550,1
2020-06-05 08:55:49.100000,0.0,11560,426,11565,162,11550,1,11540,2
2020-06-05 08:55:58.880000,0.0,11560,426,11565,162,11550,1,11540,2
2020-06-05 08:56:00.670000,0.0,11560,426,11565,162,11550,1,11540,2
2020-06-05 08:56:02.800000,0.0,11560,426,11565,162,11550,1,11540,2
2020-06-05 08:56:03.170000,0.0,11560,426,11565,162,11550,1,11540,2
2020-06-05 08:56:03.920000,0.0,11560,426,11565,162,11550,1,11540,2
2020-06-05 08:56:04.860000,0.0,11560,426,11565,162,11550,1,11540,2
2020-06-05 08:56:06.030000,0.0,11560,426,11565,162,11550,1,11540,2
2020-06-05 08:56:18.070000,0.0,11560,426,11565,162,11550,1,11540,2
2020-06-05 08:56:24.870000,0.0,11560,426,11565,162,11550,1,11540,2
2020-06-05 08:56:28.380000,0.0,11560,426,11565,162,11550,1,11540,2
2020-06-05 08:56:35.000000,0.0,11560,426,11565,162,11550,1,11540,2
2020-06-05 08:56:36.070000,0.0,11560,526,11565,162,11550,1,11545,100
2020-06-05 08:56:39.470000,0.0,11560,526,11565,162,11550,1,11545,100
2020-06-05 08:56:43.660000,0.0,11560,526,11565,162,11550,1,11545,100
2020-06-05 08:56:44.690000,0.0,11560,526,11565,162,11550,1,11545,100
2020-06-05 08:56:50.500000,0.0,11560,526,11565,162,11550,1,11545,100
2020-06-05 08:56:52.670000,0.0,11560,526,11565,162,11550,1,11545,100
2020-06-05 08:56:53.670000,0.0,11560,526,11565,162,11550,1,11545,100
2020-06-05 08:56:54.260000,0.0,11560,526,11565,162,11550,1,11545,100
2020-06-05 08:56:54.960000,0.0,11560,526,11565,162,11550,1,11545,100
2020-06-05 08:56:56.000000,0.0,11560,526,11565,162,11550,1,11545,100
2020-06-05 08:57:03.760000,0.0,11560,526,11565,162,11550,1,11545,100
2020-06-05 08:57:09.120000,0.0,11560,526,11565,162,11550,1,11545,100
2020-06-05 08:57:11.570000,0.0,11560,602,11565,162,11550,1,11545,100
2020-06-05 08:57:11.670000,0.0,11560,710,11565,162,11550,1,11545,100
2020-06-05 08:57:12.260000,0.0,11560,845,11565,162,11550,1,11545,100
2020-06-05 08:57:12.370000,0.0,11555,44,11560,895,11550,1,11545,100
2020-06-05 08:57:12.400000,0.0,11555,75,11560,895,11550,1,11545,100
2020-06-05 08:57:12.460000,0.0,11555,101,11560,895,11550,1,11545,100
2020-06-05 08:57:12.560000,0.0,11555,122,11560,895,11550,1,11545,100
2020-06-05 08:57:12.650000,0.0,11555,146,11560,895,11550,1,11545,100
2020-06-05 08:57:12.760000,0.0,11555,179,11560,895,11550,1,11545,100
2020-06-05 08:57:12.820000,0.0,11555,198,11560,895,11550,1,11545,100
2020-06-05 08:57:12.900000,0.0,11550,43,11555,215,11545,100,11540,2
2020-06-05 08:57:13.070000,0.0,11550,77,11555,215,11545,100,11540,2
2020-06-05 08:57:13.200000,0.0,11615,926,11620,41,11610,1294,11600,40
2020-06-05 08:57:13.370000,0.0,11615,926,11620,41,11610,1253,11600,40
2020-06-05 08:57:13.890000,0.0,11615,926,11620,41,11610,1011,11600,40
2020-06-05 08:57:13.950000,0.0,11615,926,11620,41,11610,979,11600,40
2020-06-05 08:57:13.980000,0.0,11615,926,11620,41,11610,963,11600,40
2020-06-05 08:57:14.040000,0.0,11615,926,11620,41,11610,929,11600,40
2020-06-05 08:57:14.170000,0.0,11615,926,11620,41,11610,929,11600,40
2020-06-05 08:57:14.670000,0.0,11615,926,11620,41,11610,929,11600,40
2020-06-05 08:57:14.980000,0.0,11615,926,11620,41,11610,929,11600,40
2020-06-05 08:57:18.070000,0.0,11615,926,11620,41,11610,929,11600,40
2020-06-05 08:57:27.710000,0.0,11615,926,11620,41,11610,764,11600,40
2020-06-05 08:57:27.770000,0.0,11615,926,11620,41,11610,656,11600,40
2020-06-05 08:57:27.800000,0.0,11615,926,11620,41,11610,607,11600,40
2020-06-05 08:57:27.880000,0.0,11615,926,11620,41,11610,507,11600,40
2020-06-05 08:57:28.070000,0.0,11615,926,11620,41,11610,481,11600,40
2020-06-05 08:57:28.160000,0.0,11615,926,11620,41,11610,473,11600,40
2020-06-05 08:57:28.690000,0.0,11615,926,11620,41,11610,438,11600,40
2020-06-05 08:57:28.720000,0.0,11615,926,11620,41,11610,407,11600,40
2020-06-05 08:57:28.790000,0.0,11615,926,11620,41,11610,372,11600,40
2020-06-05 08:57:28.850000,0.0,11615,926,11620,41,11610,324,11600,40
2020-06-05 08:57:28.880000,0.0,11615,926,11620,41,11610,297,11600,40
2020-06-05 08:57:29.100000,0.0,11615,926,11620,41,11610,249,11600,40
2020-06-05 08:57:29.160000,0.0,11615,926,11620,41,11610,226,11600,40
2020-06-05 08:57:29.400000,0.0,11605,3,11610,33,11600,40,11550,1
2020-06-05 08:57:29.600000,0.0,11605,37,11610,33,11600,40,11550,1
2020-06-05 08:57:29.690000,0.0,11605,51,11610,33,11600,40,11550,1
2020-06-05 08:57:39.970000,0.0,11605,107,11610,33,11600,36,11550,1
2020-06-05 08:57:41.670000,0.0,11600,33,11605,107,11550,1,11545,100
2020-06-05 08:57:41.770000,0.0,11595,183,11600,39,11550,1,11545,100
2020-06-05 08:57:42.330000,0.0,11595,213,11600,39,11550,1,11545,100
2020-06-05 08:57:42.390000,0.0,11595,242,11600,39,11550,1,11545,100
2020-06-05 08:57:42.450000,0.0,11595,331,11600,39,11550,1,11545,100
2020-06-05 08:57:42.520000,0.0,11595,353,11600,39,11550,1,11545,100
2020-06-05 08:57:42.640000,0.0,11595,382,11600,39,11550,1,11545,100
2020-06-05 08:57:42.740000,0.0,11595,405,11600,39,11550,1,11545,100
2020-06-05 08:57:42.770000,0.0,11595,438,11600,39,11550,1,11545,100
2020-06-05 08:57:42.800000,0.0,11595,468,11600,39,11550,1,11545,100
2020-06-05 08:57:42.860000,0.0,11595,494,11600,39,11550,1,11545,100
2020-06-05 08:57:43.000000,0.0,11595,512,11600,39,11550,1,11545,100
2020-06-05 08:57:43.170000,0.0,11595,541,11600,39,11550,1,11545,100
2020-06-05 08:57:43.300000,0.0,11595,556,11600,39,11550,1,11545,100
2020-06-05 08:57:43.360000,0.0,11595,584,11600,39,11550,1,11545,100
2020-06-05 08:57:43.410000,0.0,11595,797,11600,39,11550,1,11545,100
2020-06-05 08:57:43.470000,0.0,11595,824,11600,39,11550,1,11545,100
2020-06-05 08:57:43.600000,0.0,11595,855,11600,39,11550,1,11545,100
2020-06-05 08:57:43.670000,0.0,11595,873,11600,39,11550,1,11545,100
2020-06-05 08:57:43.770000,0.0,11595,886,11600,39,11550,1,11545,100
2020-06-05 08:57:56.590000,0.0,11595,946,11600,39,11550,1,11545,100
2020-06-05 08:58:07.400000,0.0,11595,1006,11600,39,11550,1,11545,100
2020-06-05 08:58:08.120000,0.0,11595,1006,11600,39,11550,1,11545,100
2020-06-05 08:58:13.790000,0.0,11595,1006,11600,39,11550,1,11545,100
2020-06-05 08:58:15.380000,0.0,11595,1006,11600,39,11550,1,11545,100
2020-06-05 08:58:18.870000,0.0,11595,1006,11600,39,11550,1,11545,100
2020-06-05 08:58:19.830000,0.0,11595,1006,11600,39,11550,1,11545,100
2020-06-05 08:58:21.880000,0.0,11585,154,11590,154,11550,1,11545,100
2020-06-05 08:58:25.460000,0.0,11585,154,11590,154,11550,1,11545,100
2020-06-05 08:58:30.760000,0.0,11585,154,11590,154,11550,1,11545,100
2020-06-05 08:58:34.870000,0.0,11585,154,11590,154,11550,1,11545,100
2020-06-05 08:58:36.310000,0.0,11585,154,11590,154,11550,1,11545,100
2020-06-05 08:58:37.400000,0.0,11585,154,11590,154,11550,1,11545,100
2020-06-05 08:58:41.870000,0.0,11585,154,11590,154,11550,1,11545,100
2020-06-05 08:58:42.460000,0.0,11585,154,11590,154,11550,1,11545,100
2020-06-05 08:58:47.710000,0.0,11585,154,11590,154,11550,1,11545,100
2020-06-05 08:58:52.360000,0.0,11585,174,11590,154,11550,1,11545,100
2020-06-05 08:58:53.300000,0.0,11585,174,11590,154,11550,1,11545,100
2020-06-05 08:58:55.660000,0.0,11585,174,11590,154,11550,1,11545,100
2020-06-05 08:58:57.490000,0.0,11585,174,11590,154,11550,1,11545,100
2020-06-05 08:58:58.210000,0.0,11580,162,11585,186,11550,1,11545,100
2020-06-05 08:58:59.210000,0.0,11580,162,11585,186,11550,1,11545,100
2020-06-05 08:58:59.300000,0.0,11580,262,11585,186,11550,1,11540,2
2020-06-05 08:59:00.360000,0.0,11575,10,11580,262,11550,1,11540,2
2020-06-05 08:59:01.670000,0.0,11575,10,11580,262,11550,1,11540,2
2020-06-05 08:59:04.440000,0.0,11575,10,11580,262,11550,1,11540,2
2020-06-05 08:59:05.560000,0.0,11575,10,11580,262,11550,1,11540,2
2020-06-05 08:59:06.580000,0.0,11575,10,11580,267,11550,1,11540,2
2020-06-05 08:59:07.590000,0.0,11575,11,11580,267,11550,1,11540,2
2020-06-05 08:59:07.700000,0.0,11575,11,11580,267,11550,1,11540,2
2020-06-05 08:59:08.700000,0.0,11575,11,11580,267,11550,1,11540,2
2020-06-05 08:59:10.940000,0.0,11575,11,11580,267,11550,1,11540,2
2020-06-05 08:59:11.300000,0.0,11575,11,11580,267,11550,1,11540,2
2020-06-05 08:59:12.870000,0.0,11575,11,11580,267,11550,1,11540,2
2020-06-05 08:59:13.400000,0.0,11575,16,11580,267,11550,1,11540,2
2020-06-05 08:59:14.480000,0.0,11575,16,11580,267,11550,1,11540,2
2020-06-05 08:59:17.070000,0.0,11575,51,11580,267,11550,1,11540,2
2020-06-05 08:59:17.170000,0.0,11575,51,11580,267,11550,1,11540,2
2020-06-05 08:59:17.670000,0.0,11575,51,11580,267,11550,1,11540,2
2020-06-05 08:59:18.400000,0.0,11575,51,11580,267,11550,1,11540,2
2020-06-05 08:59:20.790000,0.0,11575,51,11580,267,11550,1,11540,2
2020-06-05 08:59:22.370000,0.0,11575,51,11580,267,11550,1,11540,2
2020-06-05 08:59:22.920000,0.0,11575,51,11580,267,11550,1,11540,2
2020-06-05 08:59:23.230000,0.0,11575,51,11580,267,11550,1,11540,2
2020-06-05 08:59:24.960000,0.0,11575,51,11580,267,11550,1,11540,2
2020-06-05 08:59:25.170000,0.0,11575,81,11580,267,11550,1,11540,2
2020-06-05 08:59:26.130000,0.0,11575,81,11580,267,11550,1,11540,2
2020-06-05 08:59:26.380000,0.0,11575,81,11580,267,11550,1,11540,2
2020-06-05 08:59:27.150000,0.0,11575,81,11580,267,11550,1,11540,2
2020-06-05 08:59:28.130000,0.0,11575,82,11580,267,11550,1,11540,2
2020-06-05 08:59:29.150000,0.0,11575,82,11580,267,11550,1,11540,2
2020-06-05 08:59:30.320000,0.0,11575,83,11580,267,11550,1,11540,2
2020-06-05 08:59:32.370000,0.0,11575,83,11580,267,11550,1,11540,2
2020-06-05 08:59:33.350000,0.0,11575,83,11580,268,11550,1,11540,2
2020-06-05 08:59:34.400000,0.0,11575,73,11580,268,11550,1,11540,2
2020-06-05 08:59:34.490000,0.0,11570,273,11575,1315,11550,1,11540,2
2020-06-05 08:59:34.710000,0.0,11570,263,11575,1315,11550,1,11540,2
2020-06-05 08:59:35.540000,0.0,11570,263,11575,1315,11550,1,11540,2
2020-06-05 08:59:35.900000,0.0,11570,253,11575,1315,11550,1,11540,2
2020-06-05 08:59:36.600000,0.0,11570,243,11575,1315,11550,1,11540,2
2020-06-05 08:59:37.770000,0.0,11570,243,11575,1315,11550,1,11540,2
2020-06-05 08:59:38.610000,0.0,11570,243,11575,1315,11550,1,11540,2
2020-06-05 08:59:38.740000,0.0,11570,243,11575,1315,11550,1,11540,2
2020-06-05 08:59:39.630000,0.0,11570,243,11575,1315,11550,1,11540,2
2020-06-05 08:59:42.820000,0.0,11570,243,11575,1315,11550,1,11540,2
2020-06-05 08:59:43.360000,0.0,11570,283,11575,1315,11550,1,11540,2
2020-06-05 08:59:44.440000,0.0,11570,283,11575,1315,11550,1,11540,2
2020-06-05 08:59:45.430000,0.0,11570,283,11575,1315,11550,1,11540,2
2020-06-05 08:59:46.600000,0.0,11555,76,11560,896,11550,1,11540,2
2020-06-05 08:59:47.720000,0.0,11555,76,11560,896,11550,1,11540,2
2020-06-05 08:59:49.100000,0.0,11555,76,11560,896,11550,1,11540,2
2020-06-05 08:59:50.190000,0.0,11555,76,11560,896,11550,1,11540,2
2020-06-05 08:59:52.700000,0.0,11560,849,11565,162,11550,1,11540,2
2020-06-05 08:59:55.190000,0.0,11550,276,11555,215,11540,2,11535,103
2020-06-05 08:59:56.060000,0.0,11545,259,11550,883,11540,2,11535,103
2020-06-05 08:59:57.670000,0.0,11545,259,11550,883,11540,2,11535,103
2020-06-05 08:59:58.860000,0.0,11545,259,11550,883,11540,2,11535,3
2020-06-05 09:00:00.570000,0.0,11545,259,11550,883,11540,2,11535,3
2020-06-05 09:00:01.700000,0.0,11545,259,11550,883,11540,2,11535,3
2020-06-05 09:00:02.460000,0.0,11545,259,11550,883,11540,2,11535,3
2020-06-05 09:00:03.600000,0.0,11545,259,11550,883,11540,2,11530,6
2020-06-05 09:00:04.570000,0.0,11550,276,11555,225,11540,2,11530,6
2020-06-05 09:00:05.630000,0.0,11550,276,11555,225,11540,2,11530,6
2020-06-05 09:00:07.100000,0.0,11550,276,11555,225,11540,2,11530,6
2020-06-05 09:00:09.330000,0.0,11550,276,11555,225,11540,2,11530,6
2020-06-05 09:00:09.760000,0.0,11550,276,11555,225,11540,2,11530,6
2020-06-05 09:00:11.190000,0.0,11550,276,11555,225,11540,2,11530,6
2020-06-05 09:00:12.000000,0.0,11550,276,11555,225,11540,2,11530,6
2020-06-05 09:00:13.070000,0.0,11550,8276,11555,325,11540,2,11530,6
2020-06-05 09:00:13.460000,0.0,11530,2264,11535,2556,11520,7,11515,877
2020-06-05 09:00:14.640000,0.0,11535,2556,11540,2841,11520,7,11515,2952
2020-06-05 09:00:14.960000,0.0,11530,2027,11535,2556,11520,7,11515,2952
2020-06-05 09:00:15.630000,0.0,11530,2027,11535,2556,11520,7,11515,2952
2020-06-05 09:00:17.630000,0.0,11535,2556,11540,2841,11520,7,11515,2952
2020-06-05 09:00:18.520000,0.0,11535,2556,11540,2841,11520,7,11515,2952
2020-06-05 09:00:19.310000,0.0,11535,2556,11540,2841,11520,7,11515,2952
2020-06-05 09:00:20.270000,0.0,11540,2841,11545,3127,11520,7,11515,2952
2020-06-05 09:00:20.500000,0.0,11535,2079,11540,2841,11520,546,11515,2952
2020-06-05 09:00:20.830000,0.0,11540,2841,11545,3127,11520,546,11515,2952
2020-06-05 09:00:21.140000,0.0,11535,2193,11540,2841,11520,546,11515,2952
2020-06-05 09:00:21.570000,0.0,11535,2022,11540,2841,11520,546,11515,2952
2020-06-05 09:00:22.300000,0.0,11530,2080,11535,2365,11520,546,11515,877
2020-06-05 09:00:23.070000,0.0,11540,2651,11545,2937,11520,2827,11515,1596
2020-06-05 09:00:23.860000,0.0,11535,2522,11540,2651,11520,2827,11515,1496
2020-06-05 09:00:24.690000,0.0,11535,2522,11540,2651,11525,10,11520,2827
2020-06-05 09:00:25.580000,0.0,11535,500,11545,2937,11525,20,11520,2827
2020-06-05 09:00:26.490000,0.0,11525,85,11535,500,11520,2827,11515,2760
2020-06-05 09:00:27.350000,0.0,11535,500,11545,2937,11525,20,11520,2835
2020-06-05 09:00:28.190000,0.0,11535,500,11545,2937,11525,20,11520,2835
2020-06-05 09:00:29.570000,0.0,11550,3499,11555,3733,11535,6040,11525,2302
2020-06-05 09:00:30.860000,0.0,11545,2077,11550,3499,11535,6040,11525,2302
2020-06-05 09:00:32.350000,0.0,11545,2127,11550,3499,11535,7117,11525,2302
2020-06-05 09:00:32.770000,0.0,11545,2127,11550,3499,11535,6617,11525,2302
2020-06-05 09:00:34.030000,0.0,11545,2127,11550,3499,11535,6617,11525,2302
2020-06-05 09:00:34.360000,0.0,11540,2021,11545,2130,11535,6617,11520,2845
2020-06-05 09:00:35.100000,0.0,11540,2024,11545,2130,11535,6617,11520,2845
2020-06-05 09:00:36.140000,0.0,11540,2024,11545,2130,11535,2092,11520,2845
2020-06-05 09:00:37.100000,0.0,11540,2024,11545,2130,11535,2092,11520,2845
2020-06-05 09:00:37.390000,0.0,11540,3,11545,2152,11535,2092,11520,2845
2020-06-05 09:00:38.270000,0.0,11540,503,11545,919,11535,2092,11530,2089
2020-06-05 09:00:39.300000,0.0,11545,919,11550,3499,11535,4125,11530,2089
2020-06-05 09:00:40.350000,0.0,11545,3018,11550,3499,11535,2092,11530,2089
2020-06-05 09:00:40.800000,0.0,11545,3018,11550,3499,11535,2092,11530,2089
2020-06-05 09:00:41.860000,0.0,11545,2926,11550,3499,11535,2000,11530,2089
2020-06-05 09:00:42.980000,0.0,11540,2043,11545,2926,11535,2000,11520,2835
2020-06-05 09:00:43.470000,0.0,11545,3426,11550,3499,11540,2000,11520,2835
2020-06-05 09:00:44.270000,0.0,11540,2043,11545,5426,11525,3,11520,2835
2020-06-05 09:00:45.090000,0.0,11545,5426,11550,3499,11525,1452,11520,2835
2020-06-05 09:00:46.160000,0.0,11545,5426,11550,3499,11525,2350,11520,2835
2020-06-05 09:00:47.170000,0.0,11540,2043,11545,5426,11525,2353,11520,2835
2020-06-05 09:00:47.590000,0.0,11540,2042,11545,5426,11530,30,11525,2353
2020-06-05 09:00:48.470000,0.0,11540,2042,11545,5426,11535,379,11530,30
2020-06-05 09:00:49.360000,0.0,11540,2042,11545,5426,11535,379,11530,30
2020-06-05 09:00:50.390000,0.0,11535,1664,11540,2542,11530,30,11525,36
2020-06-05 09:00:51.440000,0.0,11535,1664,11540,2542,11525,36,11520,584
2020-06-05 09:00:52.500000,0.0,11535,1664,11540,2542,11525,66,11520,584
2020-06-05 09:00:53.530000,0.0,11540,2542,11545,5426,11525,66,11520,2633
2020-06-05 09:00:53.930000,0.0,11535,2025,11540,2542,11525,66,11520,2663
2020-06-05 09:00:55.140000,0.0,11535,2025,11540,2542,11525,66,11520,2663
2020-06-05 09:00:55.570000,0.0,11535,2025,11540,2542,11525,66,11520,2663
2020-06-05 09:00:56.700000,0.0,11535,2525,11540,2542,11525,66,11520,614
2020-06-05 09:00:57.210000,0.0,11535,2525,11540,2542,11525,66,11520,614
2020-06-05 09:00:58.260000,0.0,11535,500,11540,2542,11525,66,11520,1839
2020-06-05 09:00:58.870000,0.0,11535,492,11540,500,11525,2287,11520,2941
2020-06-05 09:00:59.870000,0.0,11535,522,11540,500,11525,2287,11520,2941
2020-06-05 09:01:00.920000,11612.04,11535,2150,11540,2935,11515,1950,11510,2827
2020-06-05 09:01:01.960000,11612.04,11530,2007,11535,2150,11515,1950,11510,2827
2020-06-05 09:01:03.010000,11612.04,11540,2935,11545,6051,11515,1950,11510,2827
2020-06-05 09:01:03.990000,11612.04,11540,2935,11545,6051,11515,1950,11510,2827
2020-06-05 09:01:04.420000,11612.04,11535,2293,11540,2935,11515,2080,11510,2727
2020-06-05 09:01:05.630000,11612.04,11535,2293,11540,3625,11515,2080,11510,2727
2020-06-05 09:01:06.660000,11612.04,11535,2293,11540,3625,11515,2080,11510,2727
2020-06-05 09:01:07.070000,11612.04,11535,2293,11540,3625,11515,1980,11510,2832
2020-06-05 09:01:08.290000,11612.04,11530,2038,11535,2293,11515,1980,11510,2832
2020-06-05 09:01:08.800000,11612.04,11530,2038,11535,2693,11515,1980,11510,2832
2020-06-05 09:01:09.850000,11612.04,11530,2038,11535,2693,11515,30,11510,2732
2020-06-05 09:01:10.910000,11612.47,11530,2038,11535,2693,11515,30,11510,2832
2020-06-05 09:01:11.960000,11612.47,11530,2038,11535,2693,11515,130,11510,2732
2020-06-05 09:01:13.020000,11612.47,11525,180,11535,400,11515,130,11510,2732
2020-06-05 09:01:14.050000,11612.47,11525,432,11535,2495,11515,130,11510,2732
2020-06-05 09:01:14.550000,11612.47,11535,2495,11540,3625,11515,710,11510,2732
2020-06-05 09:01:15.630000,11612.47,11535,2438,11540,3625,11515,710,11510,2732
2020-06-05 09:01:16.680000,11612.47,11535,900,11540,3625,11525,1950,11520,100
2020-06-05 09:01:17.720000,11612.47,11535,3,11540,3625,11525,1950,11520,100
2020-06-05 09:01:18.770000,11612.47,11535,3,11540,3625,11520,1950,11515,710
2020-06-05 09:01:19.400000,11612.47,11535,2041,11540,3625,11530,30,11520,1950
2020-06-05 09:01:20.470000,11610.98,11535,3,11540,3625,11525,30,11520,1950
2020-06-05 09:01:21.560000,11610.98,11535,2050,11540,3625,11525,30,11520,1950
2020-06-05 09:01:22.600000,11610.98,11535,2080,11540,3625,11525,30,11520,1950
2020-06-05 09:01:23.550000,11610.98,11535,2080,11540,3625,11525,30,11520,1950
2020-06-05 09:01:24.590000,11610.98,11535,2083,11540,3625,11525,30,11520,1950
2020-06-05 09:01:25.630000,11610.98,11535,2770,11540,2938,11525,30,11520,2050
2020-06-05 09:01:26.680000,11610.98,11540,2938,11545,3551,11535,1173,11520,2050
2020-06-05 09:01:27.160000,11610.98,11545,3551,11550,3283,11535,5679,11530,2099
2020-06-05 09:01:28.240000,11610.98,11545,3551,11550,3283,11540,60,11535,5679
2020-06-05 09:01:29.290000,11610.98,11540,2057,11545,3551,11535,4479,11525,8
2020-06-05 09:01:30.330000,11609.8,11540,2057,11545,3551,11525,8,11520,1950
2020-06-05 09:01:31.380000,11609.8,11535,2090,11540,2057,11525,8,11515,2243
2020-06-05 09:01:32.430000,11609.8,11535,2090,11540,2057,11525,8,11515,2243
2020-06-05 09:01:33.440000,11609.8,11535,2090,11540,2057,11525,8,11520,2122
2020-06-05 09:01:33.690000,11609.8,11535,2090,11540,2057,11525,8,11520,2122
2020-06-05 09:01:34.670000,11609.8,11530,2033,11535,2090,11525,8,11515,33
2020-06-05 09:01:35.800000,11609.8,11520,2035,11525,2034,11515,33,11510,64
2020-06-05 09:01:36.870000,11609.8,11515,2093,11520,2035,11510,64,11505,83
2020-06-05 09:01:38.710000,11609.8,11505,1951,11510,2030,11500,949,11495,30
2020-06-05 09:01:39.840000,11609.8,11520,2035,11525,3066,11500,2962,11495,2042
2020-06-05 09:01:40.880000,11605.2,11520,2035,11525,3066,11500,2932,11495,2042
2020-06-05 09:01:41.930000,11605.2,11525,3066,11530,3065,11505,2044,11500,2932
2020-06-05 09:01:42.980000,11605.2,11535,2195,11540,3741,11510,2015,11505,2044
2020-06-05 09:01:44.160000,11605.2,11525,2197,11530,2482,11505,2044,11500,2932
2020-06-05 09:01:45.360000,11605.2,11525,2197,11530,2482,11515,60,11510,2015
2020-06-05 09:01:46.400000,11605.2,11525,2197,11530,2482,11515,60,11505,2044
2020-06-05 09:01:47.490000,11605.2,11525,2197,11530,2482,11515,60,11510,2015
2020-06-05 09:01:48.560000,11605.2,11525,2197,11530,2482,11510,2015,11505,2044
2020-06-05 09:01:49.660000,11605.2,11520,2025,11525,2197,11505,2044,11500,2962
2020-06-05 09:01:50.700000,11603.95,11520,2025,11525,2200,11505,2044,11500,2962
2020-06-05 09:01:51.760000,11603.95,11525,2200,11530,2482,11505,2044,11500,2962
2020-06-05 09:01:52.870000,11603.95,11525,2200,11530,2482,11505,2044,11500,2962
2020-06-05 09:01:54.000000,11603.95,11520,3,11525,2200,11505,2044,11500,2962
2020-06-05 09:01:55.160000,11603.95,11520,3,11525,2200,11505,2103,11500,2962
2020-06-05 09:01:56.280000,11603.95,11520,3,11525,2200,11510,20,11505,2103
2020-06-05 09:01:57.390000,11603.95,11515,2026,11520,2028,11510,20,11505,20
2020-06-05 09:01:58.470000,11603.95,11520,2028,11525,2200,11510,20,11505,20
2020-06-05 09:01:59.600000,11603.95,11520,2028,11525,2200,11510,20,11505,20
2020-06-05 09:02:00.670000,11602.18,11515,2026,11520,2028,11510,20,11505,20
2020-06-05 09:02:01.760000,11602.18,11515,2142,11520,2028,11505,20,11500,919
2020-06-05 09:02:02.870000,11602.18,11515,2142,11520,2028,11505,20,11500,2924
2020-06-05 09:02:03.800000,11602.18,11515,1,11520,2028,11505,20,11500,2924
2020-06-05 09:02:04.870000,11602.18,11515,1,11520,2028,11505,50,11500,2924
2020-06-05 09:02:05.910000,11602.18,11515,1,11520,2028,11505,50,11500,2924
2020-06-05 09:02:06.960000,11602.18,11515,1,11520,2028,11505,50,11500,2924
2020-06-05 09:02:08.020000,11602.18,11515,1,11520,2028,11505,50,11500,2924
2020-06-05 09:02:09.470000,11602.18,11515,1,11520,3,11505,2183,11500,2924
2020-06-05 09:02:10.660000,11600.37,11520,3,11525,2203,11505,2183,11500,2924
2020-06-05 09:02:12.780000,11600.37,11525,6,11530,200,11510,2054,11505,2183
2020-06-05 09:02:14.920000,11600.37,11525,6,11530,2453,11515,60,11510,2054
2020-06-05 09:02:16.000000,11600.37,11525,6,11530,2453,11515,60,11510,2084
2020-06-05 09:02:17.060000,11600.37,11530,203,11540,3741,11515,2287,11510,2084
2020-06-05 09:02:18.190000,11600.37,11530,203,11535,2023,11515,2287,11510,2114
2020-06-05 09:02:19.370000,11600.37,11530,203,11535,2023,11520,90,11515,2287
2020-06-05 09:02:20.460000,11600.99,11530,2226,11535,2023,11520,90,11515,60
2020-06-05 09:02:21.570000,11600.99,11530,2226,11535,2023,11520,90,11515,60
2020-06-05 09:02:22.570000,11600.99,11530,2226,11535,2023,11520,90,11515,60
2020-06-05 09:02:23.700000,11600.99,11530,2226,11535,2023,11520,90,11515,60
2020-06-05 09:02:24.760000,11600.99,11530,2226,11535,2323,11520,90,11515,60
2020-06-05 09:02:26.860000,11600.99,11525,200,11530,2026,11520,90,11515,60
2020-06-05 09:02:27.860000,11600.99,11525,170,11530,2076,11520,90,11515,60
2020-06-05 09:02:28.910000,11600.99,11525,170,11530,2076,11520,90,11515,60
2020-06-05 09:02:29.940000,11600.99,11525,170,11530,2076,11520,90,11515,60
2020-06-05 09:02:31.030000,11603.34,11530,53,11535,2323,11525,90,11520,90
2020-06-05 09:02:32.080000,11603.34,11530,2076,11535,2323,11525,90,11520,90
2020-06-05 09:02:33.130000,11603.34,11525,3,11530,2073,11520,90,11515,60
2020-06-05 09:02:34.170000,11603.34,11525,3,11530,2073,11520,90,11515,120
2020-06-05 09:02:35.240000,11603.34,11525,3,11530,50,11520,90,11515,2175
2020-06-05 09:02:36.280000,11603.34,11530,50,11535,2323,11520,90,11515,2175
2020-06-05 09:02:37.280000,11603.34,11530,50,11535,2323,11520,90,11515,2175
2020-06-05 09:02:38.330000,11603.34,11530,50,11535,2323,11520,90,11515,2175
2020-06-05 09:02:39.390000,11603.34,11530,50,11535,2323,11520,90,11515,2175
2020-06-05 09:02:39.970000,11607.17,11530,70,11535,2323,11520,150,11515,2175
2020-06-05 09:02:40.970000,11607.17,11530,70,11535,300,11520,2206,11515,2175
2020-06-05 09:02:42.090000,11607.17,11530,70,11535,2323,11525,30,11520,2206
2020-06-05 09:02:43.110000,11607.17,11530,70,11535,2323,11525,30,11520,150
2020-06-05 09:02:44.190000,11607.17,11530,70,11535,2323,11525,30,11520,150
2020-06-05 09:02:45.230000,11607.17,11530,70,11535,300,11525,42,11520,2206
2020-06-05 09:02:46.280000,11607.17,11535,300,11540,2308,11525,42,11520,2206
2020-06-05 09:02:47.330000,11607.17,11535,300,11540,2308,11525,2186,11520,2206
2020-06-05 09:02:48.340000,11607.17,11535,300,11545,4510,11525,2186,11520,2206
2020-06-05 09:02:48.870000,11607.17,11535,300,11545,2962,11525,2186,11520,2206
2020-06-05 09:02:49.970000,11611.09,11535,300,11540,2079,11530,30,11525,2186
2020-06-05 09:02:51.030000,11611.09,11535,300,11545,2962,11530,30,11525,2186
2020-06-05 09:02:52.070000,11611.09,11535,300,11540,2079,11530,30,11525,2186
2020-06-05 09:02:53.140000,11611.09,11535,300,11540,2079,11530,30,11525,72
2020-06-05 09:02:54.170000,11611.09,11535,300,11540,2079,11525,72,11520,2206
2020-06-05 09:02:55.210000,11611.09,11535,2323,11540,2079,11525,72,11520,2206
2020-06-05 09:02:57.310000,11611.09,11535,2323,11540,2079,11525,72,11520,2206
2020-06-05 09:02:58.350000,11611.09,11535,2323,11540,2079,11525,72,11520,2206
2020-06-05 09:02:59.400000,11611.09,11535,2323,11540,2079,11525,72,11520,150
2020-06-05 09:03:00.570000,11614.88,11530,2023,11535,2353,11525,72,11520,150
2020-06-05 09:03:01.800000,11614.88,11530,2023,11535,2353,11525,72,11520,150
2020-06-05 09:03:02.970000,11614.88,11535,2353,11540,2079,11530,867,11525,42
2020-06-05 09:03:04.060000,11614.88,11535,2353,11540,2079,11530,867,11525,42
2020-06-05 09:03:05.080000,11614.88,11535,330,11540,2079,11530,867,11525,42
2020-06-05 09:03:06.050000,11614.88,11535,330,11540,2079,11530,867,11525,42
2020-06-05 09:03:07.160000,11614.88,11535,2353,11540,2079,11525,42,11520,150
2020-06-05 09:03:08.270000,11614.88,11535,330,11545,2962,11525,42,11520,2248
2020-06-05 09:03:09.370000,11614.88,11535,330,11545,2962,11525,72,11520,2248
2020-06-05 09:03:10.560000,11617.48,11535,330,11545,2962,11530,12,11525,90
2020-06-05 09:03:11.660000,11617.48,11535,330,11540,2037,11530,12,11525,90
2020-06-05 09:03:13.860000,11617.48,11545,2962,11550,2698,11530,12,11525,2131
2020-06-05 09:03:14.860000,11617.48,11545,2962,11550,2698,11530,12,11525,2131
2020-06-05 09:03:16.860000,11617.48,11545,2962,11550,2698,11530,11,11525,2131
2020-06-05 09:03:17.890000,11617.48,11545,827,11550,2698,11530,2083,11525,2131
2020-06-05 09:03:18.970000,11617.48,11545,827,11550,2698,11530,2083,11525,2131
2020-06-05 09:03:19.980000,11623.88,11545,827,11550,2698,11530,2183,11525,2131
2020-06-05 09:03:21.030000,11623.88,11545,2863,11550,2698,11535,60,11530,141
2020-06-05 09:03:22.080000,11623.88,11545,2863,11550,2698,11535,60,11530,141
2020-06-05 09:03:23.120000,11623.88,11545,2863,11550,2698,11535,160,11530,141
2020-06-05 09:03:24.170000,11623.88,11545,2863,11550,2698,11535,160,11530,141
2020-06-05 09:03:25.180000,11623.88,11545,2863,11550,2698,11530,141,11525,2131
2020-06-05 09:03:26.260000,11623.88,11540,1000,11545,2863,11530,141,11525,2131
2020-06-05 09:03:27.310000,11623.88,11540,1000,11545,2863,11530,1141,11525,2131
2020-06-05 09:03:28.350000,11623.88,11545,2863,11550,2698,11540,666,11535,1000
2020-06-05 09:03:29.000000,11623.88,11535,937,11540,3000,11530,1141,11525,2131
2020-06-05 09:03:30.070000,11623.88,11540,3000,11545,2975,11535,1000,11530,1141
2020-06-05 09:03:31.070000,11623.96,11540,3060,11545,2975,11535,1000,11530,1141
2020-06-05 09:03:32.070000,11623.96,11540,3060,11545,2975,11535,1100,11530,1141
2020-06-05 09:03:33.110000,11623.96,11540,3060,11545,2975,11535,1100,11530,1141
2020-06-05 09:03:34.160000,11623.96,11540,2688,11545,2975,11535,1100,11530,1141
2020-06-05 09:03:36.250000,11623.96,11535,63,11540,5094,11530,1141,11525,90
2020-06-05 09:03:37.300000,11623.96,11540,5094,11545,2975,11530,1141,11525,90
2020-06-05 09:03:39.390000,11623.96,11540,5094,11545,2975,11530,141,11525,90
2020-06-05 09:03:40.450000,11629.14,11535,1000,11540,3371,11530,141,11525,90
2020-06-05 09:03:41.500000,11629.14,11535,1000,11540,3371,11530,141,11525,90
2020-06-05 09:03:42.550000,11629.14,11535,1000,11540,3371,11530,143,11525,440
2020-06-05 09:03:43.590000,11629.14,11535,1000,11540,3391,11530,143,11525,440
2020-06-05 09:03:44.640000,11629.14,11535,1000,11540,3391,11530,293,11525,440
2020-06-05 09:03:46.960000,11629.14,11535,1000,11540,3391,11525,1440,11520,2198
2020-06-05 09:03:48.160000,11629.14,11535,1000,11540,3391,11530,1000,11525,1930
2020-06-05 09:03:49.270000,11629.14,11535,1000,11540,3391,11525,1930,11520,2198
2020-06-05 09:03:50.470000,11631.43,11535,1000,11540,3391,11530,1000,11525,1930
2020-06-05 09:03:51.640000,11631.43,11535,3185,11540,3391,11530,1000,11525,1930
2020-06-05 09:03:52.750000,11631.43,11535,1150,11540,3391,11525,1930,11520,100
2020-06-05 09:03:53.780000,11631.43,11535,150,11540,3391,11530,1000,11525,1930
2020-06-05 09:03:54.840000,11631.43,11535,1000,11540,3566,11530,1000,11525,1930
2020-06-05 09:03:55.900000,11631.43,11540,3566,11545,2975,11530,1000,11525,1930
2020-06-05 09:03:56.970000,11631.43,11535,30,11540,532,11530,1000,11525,1930
2020-06-05 09:03:58.030000,11631.43,11540,532,11545,3377,11530,1000,11525,4032
2020-06-05 09:03:59.090000,11631.43,11540,532,11545,3377,11530,1000,11525,4032
2020-06-05 09:04:00.150000,11634.24,11540,2623,11545,3377,11530,1000,11525,1930
2020-06-05 09:04:01.220000,11634.24,11540,2623,11545,3377,11530,1020,11525,1930
2020-06-05 09:04:02.280000,11634.24,11540,2623,11545,3377,11530,1020,11525,1930
2020-06-05 09:04:03.370000,11634.24,11540,2623,11545,3377,11535,90,11530,1020
2020-06-05 09:04:05.450000,11634.24,11540,3623,11545,3377,11535,60,11530,1020
2020-06-05 09:04:06.500000,11634.24,11540,3623,11545,3377,11530,1020,11525,1840
2020-06-05 09:04:07.670000,11634.24,11540,3623,11545,3377,11530,1020,11525,1840
2020-06-05 09:04:08.700000,11634.24,11540,3623,11545,3377,11530,1020,11525,1840
2020-06-05 09:04:09.770000,11634.24,11540,3623,11545,3377,11530,1020,11525,1840
2020-06-05 09:04:10.860000,11636.77,11535,3146,11540,3623,11530,1020,11525,1840
2020-06-05 09:04:11.860000,11636.77,11535,3146,11540,3623,11530,1020,11525,1840
2020-06-05 09:04:12.890000,11636.77,11535,1000,11540,3623,11530,1020,11525,1840
2020-06-05 09:04:13.970000,11636.77,11535,3032,11540,3623,11530,1020,11525,1840
2020-06-05 09:04:14.940000,11636.77,11535,1000,11540,3623,11530,1020,11525,1840
2020-06-05 09:04:16.000000,11636.77,11535,3032,11540,3623,11530,1030,11525,1870
2020-06-05 09:04:17.060000,11636.77,11535,1000,11540,3623,11530,1030,11525,1870
2020-06-05 09:04:18.130000,11636.77,11535,1000,11540,3623,11530,1030,11525,1870
2020-06-05 09:04:19.190000,11636.77,11535,2899,11540,3623,11530,1030,11525,1870
2020-06-05 09:04:20.250000,11631.4,11535,2899,11540,3623,11530,30,11525,1870
2020-06-05 09:04:21.310000,11631.4,11535,2899,11540,3623,11530,30,11525,1870
2020-06-05 09:04:22.380000,11631.4,11535,867,11540,3623,11530,30,11525,1870
2020-06-05 09:04:23.440000,11631.4,11535,867,11540,3623,11530,1030,11525,1870
2020-06-05 09:04:24.500000,11631.4,11540,3623,11545,3377,11530,1030,11525,1870
2020-06-05 09:04:26.620000,11631.4,11535,60,11540,3563,11530,1330,11525,1870
2020-06-05 09:04:27.690000,11631.4,11535,60,11540,3563,11530,1330,11525,1870
2020-06-05 09:04:28.170000,11631.4,11535,60,11540,3563,11530,1330,11525,1870
2020-06-05 09:04:29.200000,11631.4,11535,60,11540,3563,11530,1330,11525,1870
2020-06-05 09:04:30.330000,11632.45,11535,60,11540,3563,11530,1330,11525,1870
2020-06-05 09:04:31.340000,11632.45,11535,60,11540,3563,11530,1030,11525,1870
2020-06-05 09:04:32.900000,11632.45,11535,60,11540,3563,11530,1030,11525,1870
2020-06-05 09:04:33.980000,11632.45,11535,60,11540,3563,11530,1060,11525,1870
2020-06-05 09:04:34.470000,11632.45,11535,2092,11540,3564,11530,1000,11525,1870
2020-06-05 09:04:35.560000,11632.45,11535,2092,11540,3564,11530,1000,11525,1870
2020-06-05 09:04:36.610000,11632.45,11535,2182,11540,3564,11530,1000,11525,1870
2020-06-05 09:04:37.650000,11632.45,11535,150,11540,3564,11530,1000,11525,1870
2020-06-05 09:04:38.710000,11632.45,11540,3564,11545,3377,11530,1000,11525,1840
2020-06-05 09:04:39.710000,11632.45,11540,3564,11545,3377,11530,1000,11525,1840
2020-06-05 09:04:40.260000,11629.19,11535,970,11540,3564,11530,1000,11525,1840
2020-06-05 09:04:41.180000,11629.19,11535,970,11540,3564,11530,910,11525,1840
2020-06-05 09:04:42.100000,11629.19,11535,970,11540,3564,11530,400,11525,1840
2020-06-05 09:04:43.080000,11629.19,11535,3032,11540,3564,11525,1840,11520,2215
2020-06-05 09:04:45.110000,11629.19,11535,3032,11540,3564,11525,1840,11520,2215
2020-06-05 09:04:46.170000,11629.19,11535,3032,11540,3624,11525,1840,11520,168
2020-06-05 09:04:46.770000,11629.19,11535,3032,11540,3624,11525,840,11520,168
2020-06-05 09:04:47.750000,11629.19,11535,3032,11540,3624,11525,840,11520,138
2020-06-05 09:04:48.800000,11629.19,11535,1000,11540,3624,11525,1840,11520,2185
2020-06-05 09:04:49.850000,11629.19,11535,1000,11540,3624,11530,12,11525,1840
2020-06-05 09:04:50.890000,11625.48,11535,1000,11540,3624,11530,72,11525,1840
2020-06-05 09:04:51.940000,11625.48,11535,1011,11540,3624,11530,60,11525,1840
2020-06-05 09:04:52.990000,11625.48,11535,1000,11540,3624,11530,60,11525,1840
2020-06-05 09:04:54.030000,11625.48,11535,1000,11540,3624,11530,60,11525,1840
2020-06-05 09:04:55.080000,11625.48,11535,1000,11540,3624,11530,60,11525,1840
2020-06-05 09:04:55.660000,11625.48,11535,1090,11540,3635,11530,60,11525,1840
2020-06-05 09:04:58.250000,11625.48,11535,1090,11540,3635,11530,60,11525,1870
2020-06-05 09:04:58.860000,11625.48,11535,3122,11540,3635,11530,60,11525,1870
2020-06-05 09:04:59.900000,11622.45,11535,3122,11540,3635,11525,1870,11520,168
2020-06-05 09:05:01.400000,11622.45,11535,3122,11540,3635,11525,1870,11520,168
2020-06-05 09:05:02.000000,11622.45,11535,6682,11540,7195,11525,4430,11520,3728
2020-06-05 09:05:03.060000,11622.45,11535,6682,11540,7195,11525,3940,11520,3728
2020-06-05 09:05:04.110000,11622.45,11535,6682,11540,7195,11525,3940,11520,3728
2020-06-05 09:05:05.150000,11622.45,11535,6682,11540,7195,11525,3970,11520,3758
2020-06-05 09:05:06.200000,11622.45,11535,6682,11540,7195,11525,3970,11520,3758
2020-06-05 09:05:07.250000,11622.45,11535,6682,11540,7195,11525,3970,11520,3758
2020-06-05 09:05:09.340000,11622.45,11535,6682,11540,7195,11525,3970,11520,3758
2020-06-05 09:05:10.390000,11622.45,11535,3122,11540,7195,11530,3650,11525,3970
2020-06-05 09:05:11.430000,11621.68,11535,3122,11540,7195,11530,3710,11525,3970
2020-06-05 09:05:12.450000,11621.68,11535,3122,11540,7195,11530,3740,11525,3970
2020-06-05 09:05:12.990000,11621.68,11535,3122,11540,7195,11530,3740,11525,3970
2020-06-05 09:05:14.040000,11621.68,11535,3122,11540,7195,11530,3740,11525,3970
2020-06-05 09:05:15.090000,11621.68,11535,3122,11540,7195,11530,3740,11525,3970
2020-06-05 09:05:16.130000,11621.68,11535,3092,11540,7195,11530,3740,11525,3970
2020-06-05 09:05:17.180000,11621.68,11540,7195,11545,6937,11530,3740,11525,6010
2020-06-05 09:05:18.200000,11621.68,11540,7195,11545,6937,11530,3740,11525,6010
2020-06-05 09:05:19.240000,11621.68,11540,7285,11545,6937,11530,4740,11525,6010
2020-06-05 09:05:20.320000,11621.51,11540,3672,11545,6937,11535,1000,11530,4740
2020-06-05 09:05:21.370000,11621.51,11540,3672,11545,6937,11535,3561,11530,4743
2020-06-05 09:05:23.510000,11621.51,11540,7232,11545,6937,11535,3561,11530,4743
2020-06-05 09:05:24.570000,11621.51,11540,7232,11545,6937,11535,1,11530,4743
2020-06-05 09:05:25.600000,11621.51,11540,7232,11545,6937,11535,33,11530,4743
2020-06-05 09:05:26.650000,11621.51,11535,1000,11540,7232,11530,4743,11525,3970
2020-06-05 09:05:27.690000,11621.51,11535,4560,11540,7232,11530,1183,11525,3970
2020-06-05 09:05:28.740000,11621.51,11535,6599,11540,7232,11530,183,11525,3970
2020-06-05 09:05:29.750000,11621.51,11535,6599,11540,7232,11530,183,11525,3970
2020-06-05 09:05:30.830000,11623.34,11535,6599,11540,7262,11525,3970,11520,3758
2020-06-05 09:05:32.360000,11623.34,11535,6599,11540,7262,11525,3940,11520,3758
2020-06-05 09:05:33.440000,11623.34,11535,6599,11540,7262,11525,4940,11520,3758
2020-06-05 09:05:34.460000,11623.34,11535,6599,11540,7262,11530,4560,11525,4940
2020-06-05 09:05:35.570000,11623.34,11535,1000,11540,7262,11530,4560,11525,4940
2020-06-05 09:05:36.160000,11623.34,11535,970,11540,7262,11530,4560,11525,4940
2020-06-05 09:05:37.130000,11623.34,11535,4530,11540,7262,11530,1000,11525,4940
2020-06-05 09:05:38.170000,11623.34,11535,970,11540,7262,11530,4560,11525,4940
2020-06-05 09:05:39.220000,11623.34,11535,970,11540,7292,11530,4560,11525,4940
2020-06-05 09:05:40.240000,11626.27,11540,7292,11545,6937,11530,4560,11525,4940
2020-06-05 09:05:41.310000,11626.27,11540,7292,11545,6937,11530,4560,11525,4940
2020-06-05 09:05:42.970000,11626.27,11540,7292,11545,6937,11530,4590,11525,4940
2020-06-05 09:05:43.920000,11626.27,11540,7292,11545,6937,11530,4590,11525,4970
2020-06-05 09:05:45.000000,11626.27,11535,1000,11540,7292,11530,4590,11525,4970
2020-06-05 09:05:46.050000,11626.27,11535,1000,11540,7292,11530,4590,11525,4970
2020-06-05 09:05:48.110000,11626.27,11535,1000,11540,7292,11530,4590,11525,4970
2020-06-05 09:05:49.460000,11626.27,11535,1000,11540,7292,11530,4590,11525,4970
2020-06-05 09:05:50.430000,11629.78,11540,7292,11545,6937,11535,4560,11530,4590
2020-06-05 09:05:51.460000,11629.78,11540,3732,11545,6937,11535,4380,11530,4590
2020-06-05 09:05:52.490000,11629.78,11540,3732,11545,6937,11535,4380,11530,4590
2020-06-05 09:05:54.620000,11629.78,11540,7292,11545,6937,11535,4380,11530,4590
2020-06-05 09:05:55.160000,11629.78,11540,7292,11545,6937,11535,4380,11530,4590
2020-06-05 09:05:56.050000,11629.78,11540,7292,11545,6937,11535,820,11530,4590
2020-06-05 09:05:57.270000,11629.78,11540,7292,11545,6937,11535,4380,11530,4590
2020-06-05 09:05:58.290000,11629.78,11540,1694,11545,6937,11535,4380,11530,4590
2020-06-05 09:05:59.500000,11631.05,11540,5254,11545,6937,11535,4380,11530,4590
2020-06-05 09:06:00.580000,11631.05,11540,5254,11545,6937,11535,820,11530,4590
2020-06-05 09:06:01.560000,11631.05,11540,5254,11545,6937,11535,4380,11530,4590
2020-06-05 09:06:02.590000,11631.05,11540,5254,11545,6937,11535,4410,11530,4590
2020-06-05 09:06:03.650000,11631.05,11540,1694,11545,6937,11535,4410,11530,4590
2020-06-05 09:06:04.760000,11631.05,11540,1694,11545,6937,11535,4410,11530,4590
2020-06-05 09:06:05.170000,11631.05,11540,5254,11545,6937,11535,850,11530,4590
2020-06-05 09:06:06.340000,11631.05,11540,7292,11545,6937,11535,850,11530,4590
2020-06-05 09:06:07.000000,11631.05,11535,99,11540,7292,11530,4620,11525,4980
2020-06-05 09:06:07.960000,11631.05,11540,7292,11545,6937,11530,4620,11525,4980
2020-06-05 09:06:08.990000,11631.05,11535,539,11540,7292,11530,4630,11525,4980
2020-06-05 09:06:10.060000,11631.05,11535,719,11540,7123,11530,4630,11525,4980
2020-06-05 09:06:11.120000,11633.71,11540,7123,11545,6937,11530,4630,11525,4980
2020-06-05 09:06:12.180000,11633.71,11540,7123,11545,6937,11530,4630,11525,4980
2020-06-05 09:06:14.290000,11633.71,11535,970,11540,7123,11530,4630,11525,4980
2020-06-05 09:06:15.350000,11633.71,11540,7123,11545,6937,11530,4630,11525,4980
2020-06-05 09:06:16.400000,11633.71,11535,539,11540,7123,11530,4630,11525,4980
2020-06-05 09:06:17.410000,11633.71,11540,7213,11545,6937,11530,4630,11525,7020
2020-06-05 09:06:17.990000,11633.71,11540,3653,11545,6937,11535,3560,11530,4630
2020-06-05 09:06:19.050000,11633.71,11540,3653,11545,6937,11535,3559,11530,4630
2020-06-05 09:06:20.080000,11638.7,11545,1000,11550,6258,11535,4559,11530,4630
2020-06-05 09:06:21.150000,11638.7,11545,1000,11550,6258,11540,1000,11535,4559
2020-06-05 09:06:22.160000,11638.7,11545,1000,11550,6258,11540,4560,11535,4559
2020-06-05 09:06:23.190000,11638.7,11545,1000,11550,6258,11540,4560,11535,4559
2020-06-05 09:06:23.850000,11638.7,11545,4560,11550,6258,11540,1000,11535,4559
2020-06-05 09:06:24.860000,11638.7,11545,6537,11550,6258,11540,1000,11535,4559
2020-06-05 09:06:25.880000,11638.7,11545,2977,11550,6258,11540,4560,11535,4559
2020-06-05 09:06:26.930000,11638.7,11550,6258,11555,9208,11545,4607,11540,4560
2020-06-05 09:06:27.970000,11638.7,11550,2758,11555,9208,11545,4607,11540,4560
2020-06-05 09:06:28.490000,11638.7,11550,3897,11555,9208,11545,1047,11540,4560
2020-06-05 09:06:29.570000,11642.87,11550,6006,11555,9208,11545,1047,11540,4560
2020-06-05 09:06:30.580000,11642.87,11550,6949,11555,9208,11540,4560,11535,4559
2020-06-05 09:06:31.640000,11642.87,11550,6949,11555,9208,11540,4560,11535,6586
2020-06-05 09:06:32.670000,11642.87,11550,4897,11555,9208,11545,3560,11540,4560
2020-06-05 09:06:33.720000,11642.87,11550,1337,11555,7634,11545,3590,11540,4560
2020-06-05 09:06:34.170000,11642.87,11550,1337,11555,7634,11545,3680,11540,4560
2020-06-05 09:06:35.300000,11642.87,11550,1337,11555,7634,11545,3740,11540,4560
2020-06-05 09:06:36.310000,11642.87,11550,337,11555,7634,11545,4740,11540,4590
2020-06-05 09:06:36.780000,11642.87,11550,337,11555,7634,11545,4728,11540,4620
2020-06-05 09:06:37.940000,11642.87,11550,337,11555,7634,11545,4728,11540,4620
2020-06-05 09:06:38.980000,11642.87,11555,7634,11560,6223,11545,4728,11540,4620
2020-06-05 09:06:40.000000,11642.87,11555,8634,11560,6223,11545,4728,11540,4620
2020-06-05 09:06:41.080000,11645.35,11555,8634,11560,6223,11550,30,11545,4728
2020-06-05 09:06:41.690000,11645.35,11555,8634,11560,6223,11545,4728,11540,4620
2020-06-05 09:06:43.120000,11645.35,11555,8634,11560,6223,11545,4728,11540,4620
2020-06-05 09:06:43.660000,11645.35,11555,8634,11560,6223,11545,4728,11540,4620
2020-06-05 09:06:44.760000,11645.35,11555,8634,11560,6223,11545,4728,11540,4620
2020-06-05 09:06:45.810000,11645.35,11555,8634,11560,6223,11545,4728,11540,4620
2020-06-05 09:06:46.840000,11645.35,11555,8634,11560,6223,11550,60,11545,4728
2020-06-05 09:06:47.890000,11645.35,11555,8634,11560,6223,11550,60,11545,4728
2020-06-05 09:06:48.920000,11645.35,11555,8634,11560,6223,11545,4728,11540,4560
2020-06-05 09:06:49.470000,11645.35,11555,8634,11560,6223,11545,4728,11540,4560
2020-06-05 09:06:50.530000,11646.69,11555,8634,11560,6223,11545,4728,11540,4560
2020-06-05 09:06:53.090000,11646.69,11555,8724,11560,6223,11545,4728,11540,4560
2020-06-05 09:06:53.670000,11646.69,11555,8724,11560,6223,11545,4578,11540,4560
2020-06-05 09:06:54.730000,11646.69,11555,8724,11560,6223,11545,4578,11540,4560
2020-06-05 09:06:55.780000,11646.69,11555,8724,11560,8223,11550,1000,11545,4578
2020-06-05 09:06:56.850000,11646.69,11555,8724,11560,8223,11545,4608,11540,4560
2020-06-05 09:06:57.460000,11646.69,11555,8724,11560,8223,11550,1000,11545,4608
2020-06-05 09:06:58.430000,11646.69,11555,2999,11560,6223,11550,4560,11545,4608
2020-06-05 09:06:59.460000,11646.69,11555,1999,11560,3772,11550,4560,11545,4608
2020-06-05 09:07:00.540000,11652.19,11560,5822,11565,7412,11550,5260,11545,4608
2020-06-05 09:07:01.570000,11652.19,11560,5822,11565,7412,11555,60,11550,5260
2020-06-05 09:07:02.590000,11652.19,11555,2209,11560,5822,11550,4560,11545,4608
2020-06-05 09:07:03.630000,11652.19,11560,5822,11565,9412,11555,30,11550,4590
2020-06-05 09:07:04.260000,11652.19,11555,5740,11560,7422,11550,4620,11545,4608
2020-06-05 09:07:06.210000,11652.19,11555,7848,11560,9422,11550,1060,11545,4608
2020-06-05 09:07:06.820000,11652.19,11555,7848,11560,9422,11550,1060,11545,4608
2020-06-05 09:07:08.820000,11652.19,11555,7848,11560,7422,11550,1060,11545,4608
2020-06-05 09:07:09.880000,11652.19,11555,7848,11560,7572,11550,1152,11545,4608
2020-06-05 09:07:10.930000,11652.59,11555,7848,11560,9572,11550,152,11545,4608
2020-06-05 09:07:11.370000,11652.59,11555,7848,11560,7572,11550,4252,11545,4608
2020-06-05 09:07:12.510000,11652.59,11555,7848,11560,7572,11550,692,11545,4608
2020-06-05 09:07:13.550000,11652.59,11555,7848,11560,7572,11550,692,11545,4858
2020-06-05 09:07:14.630000,11652.59,11555,7848,11560,7572,11550,322,11545,4858
2020-06-05 09:07:15.070000,11652.59,11555,7848,11560,7572,11550,722,11545,4858
2020-06-05 09:07:16.240000,11652.59,11555,7848,11560,7572,11550,722,11545,4858
2020-06-05 09:07:17.220000,11652.59,11555,7848,11560,7572,11550,122,11545,4858
2020-06-05 09:07:17.860000,11652.59,11555,7791,11560,6972,11545,4858,11540,6617
2020-06-05 09:07:19.910000,11652.59,11555,1400,11560,6972,11550,1000,11545,5458
2020-06-05 09:07:20.920000,11654.49,11555,1400,11560,6972,11550,5160,11545,5458
2020-06-05 09:07:21.390000,11654.49,11560,6972,11565,9412,11550,5160,11545,5458
2020-06-05 09:07:22.520000,11654.49,11555,1000,11560,6972,11550,5160,11545,5458
2020-06-05 09:07:23.560000,11654.49,11560,6972,11565,8173,11550,5160,11545,5458
2020-06-05 09:07:26.990000,11654.49,11560,7002,11565,6173,11550,5160,11545,5458
2020-06-05 09:07:27.960000,11654.49,11560,7002,11565,6173,11550,5160,11545,7487
2020-06-05 09:07:29.960000,11654.49,11560,7002,11565,8173,11555,210,11550,5210
2020-06-05 09:07:31.010000,11654.79,11560,7602,11565,8173,11550,5210,11545,5458
2020-06-05 09:07:32.060000,11654.79,11560,7602,11565,8173,11550,5210,11545,5458
2020-06-05 09:07:32.660000,11654.79,11560,7602,11565,8173,11550,5210,11545,5458
2020-06-05 09:07:34.130000,11654.79,11560,7212,11565,8173,11550,5210,11545,5458
2020-06-05 09:07:34.660000,11654.79,11555,30,11560,7212,11550,5210,11545,5458
2020-06-05 09:07:35.710000,11654.79,11560,7212,11565,6173,11555,30,11550,5560
2020-06-05 09:07:36.770000,11654.79,11560,7212,11565,6173,11555,4920,11550,5560
2020-06-05 09:07:37.830000,11654.79,11560,1602,11565,6173,11555,5890,11550,5560
2020-06-05 09:07:38.380000,11654.79,11560,1302,11565,6173,11555,6190,11550,5560
2020-06-05 09:07:39.430000,11654.79,11560,8142,11565,6173,11555,1300,11550,5560
2020-06-05 09:07:40.490000,11655.34,11560,8162,11565,8173,11555,1330,11550,5560
2020-06-05 09:07:41.550000,11655.34,11555,539,11560,8162,11550,5490,11545,7457
2020-06-05 09:07:42.610000,11655.34,11555,1210,11560,7662,11550,4890,11545,5458
2020-06-05 09:07:43.680000,11655.34,11555,5550,11560,7662,11550,6120,11545,5458
2020-06-05 09:07:44.710000,11655.34,11555,5350,11560,7662,11550,6120,11545,5458
2020-06-05 09:07:45.770000,11655.34,11555,1010,11560,7662,11550,6120,11545,5458
2020-06-05 09:07:46.770000,11655.34,11560,8662,11565,8173,11555,1930,11550,6090
2020-06-05 09:07:47.270000,11655.34,11560,8662,11565,8173,11550,6090,11545,5428
2020-06-05 09:07:48.410000,11655.34,11560,8662,11565,8173,11550,6090,11545,5428
2020-06-05 09:07:48.990000,11655.34,11560,8662,11565,8173,11550,6090,11545,5428
2020-06-05 09:07:50.000000,11652.85,11560,8662,11565,8187,11550,6090,11545,5428
2020-06-05 09:07:51.050000,11652.85,11560,8662,11565,8187,11550,6090,11545,5398
2020-06-05 09:07:52.560000,11652.85,11555,539,11560,8662,11550,6090,11545,5398
2020-06-05 09:07:53.740000,11652.85,11555,939,11560,8662,11550,6090,11545,5398
2020-06-05 09:07:54.190000,11652.85,11555,539,11560,8662,11550,6090,11545,5398
2020-06-05 09:07:55.300000,11652.85,11555,539,11560,8662,11550,6090,11545,5398
2020-06-05 09:07:56.310000,11652.85,11555,939,11560,8662,11550,6090,11545,5398
2020-06-05 09:07:56.560000,11652.85,11555,539,11560,8662,11550,6120,11545,5398
2020-06-05 09:07:57.390000,11652.85,11555,539,11560,8662,11550,6120,11545,5428
2020-06-05 09:07:58.480000,11652.85,11555,939,11560,8662,11550,6120,11545,5428
2020-06-05 09:07:59.550000,11652.85,11555,8330,11560,10662,11545,5428,11540,4590
2020-06-05 09:08:00.760000,11655.61,11550,6030,11555,8330,11545,280,11540,4590
2020-06-05 09:08:01.960000,11655.61,11545,500,11550,8239,11540,4590,11535,9616
2020-06-05 09:08:03.160000,11655.61,11545,470,11550,8239,11540,4620,11535,9616
2020-06-05 09:08:04.170000,11655.61,11545,470,11550,8239,11540,4620,11535,9616
2020-06-05 09:08:05.200000,11655.61,11540,958,11545,6130,11535,3679,11530,6855
2020-06-05 09:08:06.170000,11655.61,11545,8183,11550,8139,11535,4679,11530,6855
2020-06-05 09:08:07.180000,11655.61,11545,8183,11550,8139,11540,562,11535,4679
2020-06-05 09:08:08.240000,11655.61,11545,100,11550,8139,11540,5622,11535,4679
2020-06-05 09:08:09.310000,11655.61,11545,100,11550,8139,11540,6622,11535,4679
2020-06-05 09:08:10.320000,11655.61,11545,100,11550,8139,11540,6622,11535,4679
2020-06-05 09:08:10.870000,11637.29,11545,5130,11550,8139,11540,6622,11535,4679
2020-06-05 09:08:11.950000,11637.29,11545,6130,11550,8139,11540,30,11535,4589
2020-06-05 09:08:13.010000,11637.29,11545,6130,11550,8159,11535,4589,11530,6855
2020-06-05 09:08:14.010000,11637.29,11545,6130,11550,8159,11540,1000,11535,4589
2020-06-05 09:08:14.490000,11637.29,11545,1100,11550,8159,11540,6030,11535,4619
2020-06-05 09:08:15.630000,11637.29,11545,1100,11550,8159,11540,6030,11535,4619
2020-06-05 09:08:16.680000,11637.29,11545,1100,11550,8159,11540,6030,11535,4619
2020-06-05 09:08:17.730000,11637.29,11545,6130,11550,8159,11540,6030,11535,4619
2020-06-05 09:08:18.740000,11637.29,11545,6030,11550,8159,11540,6030,11535,4619
2020-06-05 09:08:19.820000,11637.29,11545,8083,11550,10159,11540,600,11535,4619
2020-06-05 09:08:20.860000,11632.05,11540,6290,11545,8083,11535,1060,11530,4860
2020-06-05 09:08:21.910000,11632.05,11535,2000,11540,8344,11530,4860,11525,5240
2020-06-05 09:08:22.930000,11632.05,11535,539,11540,8344,11530,5860,11525,5240
2020-06-05 09:08:24.020000,11632.05,11540,6290,11545,8083,11535,461,11530,5860
2020-06-05 09:08:25.070000,11632.05,11540,6290,11545,8083,11535,5751,11530,5860
2020-06-05 09:08:26.100000,11632.05,11540,1000,11545,8083,11535,5751,11530,5860
2020-06-05 09:08:27.160000,11632.05,11540,1000,11545,8083,11535,5751,11530,5860
2020-06-05 09:08:27.800000,11632.05,11540,6290,11545,8083,11535,5751,11530,5860
2020-06-05 09:08:29.690000,11632.05,11540,1000,11545,8083,11535,11718,11530,5860
2020-06-05 09:08:30.830000,11631.27,11545,8083,11550,10159,11535,11718,11530,5860
2020-06-05 09:08:32.360000,11631.27,11545,8083,11550,8159,11535,11718,11530,7855
2020-06-05 09:08:33.450000,11631.27,11550,8159,11555,9470,11540,5030,11535,11718
2020-06-05 09:08:34.500000,11631.27,11550,8159,11555,9470,11540,5030,11535,11738
2020-06-05 09:08:35.520000,11631.27,11550,8159,11555,7470,11540,5030,11535,11748
2020-06-05 09:08:35.970000,11631.27,11550,8159,11555,9470,11540,5030,11535,11748
2020-06-05 09:08:37.140000,11631.27,11550,8159,11555,9470,11540,5030,11535,11748
2020-06-05 09:08:38.160000,11631.27,11550,8139,11555,9470,11540,5010,11535,11748
2020-06-05 09:08:38.450000,11631.27,11550,8139,11555,7470,11540,5010,11535,11748
2020-06-05 09:08:39.300000,11631.27,11550,8319,11555,7470,11540,5010,11535,11748
2020-06-05 09:08:40.330000,11636.78,11550,8319,11555,7470,11540,5010,11535,11748
2020-06-05 09:08:41.340000,11636.78,11550,6210,11555,7470,11540,5010,11535,11748
2020-06-05 09:08:42.360000,11636.78,11550,6210,11555,7470,11540,5010,11535,11758
2020-06-05 09:08:42.800000,11636.78,11550,180,11555,7470,11540,5010,11535,13815
2020-06-05 09:08:43.970000,11636.78,11550,180,11555,7470,11540,5010,11535,13815
2020-06-05 09:08:44.500000,11636.78,11550,180,11555,7470,11540,5020,11535,13805
2020-06-05 09:08:45.500000,11636.78,11550,180,11555,7470,11540,5020,11535,13805
2020-06-05 09:08:46.150000,11636.78,11550,180,11555,7470,11540,5050,11535,13805
2020-06-05 09:08:47.140000,11636.78,11550,5210,11555,7470,11540,5050,11535,13805
2020-06-05 09:08:48.150000,11636.78,11550,5210,11555,7470,11540,5050,11535,13805
2020-06-05 09:08:49.750000,11642.11,11550,5210,11555,7470,11540,5050,11535,11778
2020-06-05 09:08:50.790000,11642.11,11545,539,11550,7319,11540,5050,11535,11778
2020-06-05 09:08:51.760000,11642.11,11545,539,11550,7319,11540,5050,11535,11778
2020-06-05 09:08:52.170000,11642.11,11545,539,11550,7319,11540,5050,11535,11778
2020-06-05 09:08:52.990000,11642.11,11545,529,11550,7319,11540,5040,11535,11778
2020-06-05 09:08:53.850000,11642.11,11550,7319,11555,7470,11540,5040,11535,13835
2020-06-05 09:08:55.030000,11642.11,11550,7319,11555,7470,11540,5040,11535,13835
2020-06-05 09:08:55.470000,11642.11,11550,5210,11555,7470,11540,5040,11535,13835
2020-06-05 09:08:56.630000,11642.11,11550,180,11555,7470,11540,5070,11535,13835
2020-06-05 09:08:57.670000,11642.11,11550,180,11555,7470,11540,7097,11535,13835
2020-06-05 09:08:58.100000,11642.11,11555,7470,11560,8095,11540,7097,11535,13835
2020-06-05 09:08:59.240000,11642.11,11555,7470,11560,8095,11540,7097,11535,13835
2020-06-05 09:09:00.250000,11645.36,11555,7470,11560,8095,11540,7097,11535,13835
2020-06-05 09:09:01.330000,11645.36,11555,1079,11560,8095,11540,7097,11535,13835
2020-06-05 09:09:02.350000,11645.36,11555,6919,11560,8095,11540,7067,11535,13835
2020-06-05 09:09:03.390000,11645.36,11555,6919,11560,8095,11540,7067,11535,13835
2020-06-05 09:09:03.950000,11645.36,11555,6919,11560,8095,11540,7067,11535,13835
2020-06-05 09:09:05.020000,11645.36,11550,5,11555,6919,11540,7097,11535,13835
2020-06-05 09:09:06.050000,11645.36,11550,5,11555,6919,11540,7127,11535,13865
2020-06-05 09:09:07.610000,11645.36,11550,5,11555,6919,11540,7137,11535,13865
2020-06-05 09:09:08.690000,11645.36,11555,1079,11560,8095,11540,7137,11535,13865
2020-06-05 09:09:09.720000,11645.9,11555,1079,11560,8095,11540,7137,11535,24115
2020-06-05 09:09:10.260000,11645.9,11555,1079,11560,8095,11545,2089,11540,7137
2020-06-05 09:09:11.260000,11645.9,11555,1079,11560,8095,11550,4790,11545,7149
2020-06-05 09:09:12.340000,11645.9,11555,1079,11560,5013,11550,4790,11545,7149
2020-06-05 09:09:12.760000,11645.9,11555,1079,11560,7063,11550,5790,11545,7149
2020-06-05 09:09:13.870000,11645.9,11560,5013,11565,8917,11555,8,11550,5790
2020-06-05 09:09:14.360000,11645.9,11560,8063,11565,10917,11550,5790,11545,7149
2020-06-05 09:09:15.110000,11645.9,11560,8063,11565,8917,11555,30,11550,5790
2020-06-05 09:09:15.970000,11645.9,11560,8413,11565,8917,11555,60,11550,5790
2020-06-05 09:09:17.090000,11645.9,11560,8505,11565,8917,11555,90,11550,5790
2020-06-05 09:09:17.670000,11645.9,11560,8505,11565,8917,11550,4910,11545,7159
2020-06-05 09:09:18.610000,11645.9,11560,8455,11565,8917,11550,4910,11545,7189
2020-06-05 09:09:20.200000,11646.12,11560,8455,11565,9217,11550,4910,11545,7189
2020-06-05 09:09:21.210000,11646.12,11560,8575,11565,9217,11550,4910,11545,7189
2020-06-05 09:09:22.290000,11646.12,11560,1735,11565,9217,11555,461,11550,4910
2020-06-05 09:09:23.340000,11646.12,11560,1000,11565,10217,11555,5251,11550,4910
2020-06-05 09:09:24.340000,11646.12,11560,1070,11565,10217,11555,5790,11550,4910
2020-06-05 09:09:24.790000,11646.12,11560,70,11565,10217,11555,5790,11550,6910
2020-06-05 09:09:25.980000,11646.12,11565,10217,11570,10143,11560,79,11555,5790
2020-06-05 09:09:26.520000,11646.12,11560,5790,11565,10217,11555,1001,11550,6910
2020-06-05 09:09:27.520000,11646.12,11560,5790,11565,10217,11555,5791,11550,6910
2020-06-05 09:09:28.200000,11646.12,11560,5790,11565,10367,11555,5791,11550,6910
2020-06-05 09:09:30.160000,11646.12,11565,10467,11570,8143,11560,124,11555,5793
2020-06-05 09:09:31.200000,11647.44,11565,10467,11570,8143,11555,5793,11550,9189
2020-06-05 09:09:34.080000,11647.44,11565,10467,11570,8143,11555,5793,11550,9189
2020-06-05 09:09:34.950000,11647.44,11565,10467,11570,8143,11555,5793,11550,9219
2020-06-05 09:09:36.120000,11647.44,11565,10467,11570,8143,11555,5793,11550,9219
2020-06-05 09:09:36.660000,11647.44,11565,10467,11570,8143,11555,5794,11550,9219
2020-06-05 09:09:37.730000,11647.44,11565,10467,11570,8143,11555,5792,11550,9219
2020-06-05 09:09:38.360000,11647.44,11565,10467,11570,8143,11555,5792,11550,9219
2020-06-05 09:09:39.310000,11647.44,11565,10467,11570,8143,11560,90,11555,5792
2020-06-05 09:09:40.360000,11648.02,11565,10467,11570,8143,11555,5792,11550,7219
2020-06-05 09:09:41.900000,11648.02,11565,10467,11570,8143,11560,10,11555,5792
2020-06-05 09:09:42.640000,11648.02,11565,10467,11570,8143,11560,10,11555,5792
2020-06-05 09:09:43.470000,11648.02,11565,10557,11570,8143,11560,10,11555,5792
2020-06-05 09:09:43.970000,11648.02,11565,8107,11570,8143,11560,5300,11555,5792
2020-06-05 09:09:44.720000,11648.02,11570,9143,11575,10054,11560,6300,11555,7823
2020-06-05 09:09:45.650000,11648.02,11570,9143,11575,10054,11565,457,11560,6300
2020-06-05 09:09:46.200000,11648.02,11570,9143,11575,10054,11565,7407,11560,6300
2020-06-05 09:09:47.170000,11648.02,11570,9143,11575,10054,11565,7467,11560,6300
2020-06-05 09:09:48.230000,11648.02,11570,9575,11575,10054,11565,7467,11560,6300
2020-06-05 09:09:48.560000,11648.02,11570,9545,11575,10054,11565,7467,11560,6300
2020-06-05 09:09:49.350000,11648.02,11570,9515,11575,10154,11565,7467,11560,6300
2020-06-05 09:09:50.390000,11648.9,11570,9515,11575,10154,11565,7461,11560,6300
2020-06-05 09:09:51.480000,11648.9,11570,9515,11575,10154,11565,7461,11560,6400
2020-06-05 09:09:52.990000,11648.9,11570,9515,11575,10154,11565,511,11560,6460
2020-06-05 09:09:54.600000,11648.9,11570,9515,11575,12154,11565,60,11560,6460
2020-06-05 09:09:55.160000,11648.9,11570,9515,11575,12154,11560,6460,11555,7833
2020-06-05 09:09:56.060000,11648.9,11570,9575,11575,12154,11560,6460,11555,7833
2020-06-05 09:09:56.960000,11648.9,11565,1000,11570,9575,11560,6460,11555,7833
2020-06-05 09:09:57.960000,11648.9,11565,8339,11570,11575,11560,170,11555,5802
2020-06-05 09:09:59.070000,11648.9,11565,8339,11570,11575,11560,5290,11555,5862
2020-06-05 09:10:00.190000,11653.72,11565,1000,11570,9575,11560,5290,11555,5912
2020-06-05 09:10:01.160000,11653.72,11565,8339,11570,9575,11560,60,11555,5912
2020-06-05 09:10:02.180000,11653.72,11560,6950,11565,8339,11555,5912,11550,5190
2020-06-05 09:10:03.210000,11653.72,11560,9000,11565,8339,11555,1122,11550,5190
2020-06-05 09:10:04.250000,11653.72,11555,1539,11560,10539,11550,5190,11545,5966
2020-06-05 09:10:05.310000,11653.72,11555,6379,11560,10539,11550,1310,11545,5966
2020-06-05 09:10:06.350000,11653.72,11555,6379,11560,10539,11550,8200,11545,5966
2020-06-05 09:10:06.670000,11653.72,11555,539,11560,10539,11550,8200,11545,5966
2020-06-05 09:10:07.940000,11653.72,11555,539,11560,10539,11550,8200,11545,5906
2020-06-05 09:10:08.270000,11653.72,11560,10539,11565,8339,11555,7950,11550,8450
2020-06-05 09:10:09.500000,11653.72,11560,10539,11565,8339,11550,8450,11545,7945
2020-06-05 09:10:10.550000,11655.74,11560,10539,11565,10339,11555,30,11550,8450
2020-06-05 09:10:11.060000,11655.74,11555,1000,11560,10539,11550,8450,11545,5946
2020-06-05 09:10:12.090000,11655.74,11555,5840,11560,10539,11550,8450,11545,5946
2020-06-05 09:10:13.170000,11655.74,11555,5840,11560,10539,11550,1500,11545,5946
2020-06-05 09:10:13.660000,11655.74,11555,6840,11560,10539,11545,6946,11540,9087
2020-06-05 09:10:14.730000,11655.74,11555,6840,11560,10539,11545,6946,11540,9087
2020-06-05 09:10:15.780000,11655.74,11555,6840,11560,10539,11545,6946,11540,7060
2020-06-05 09:10:16.360000,11655.74,11555,6840,11560,10539,11545,6946,11540,9145
2020-06-05 09:10:17.300000,11655.74,11555,6840,11560,10539,11550,1651,11545,6946
2020-06-05 09:10:18.080000,11655.74,11555,6840,11560,10539,11550,1000,11545,6946
2020-06-05 09:10:19.000000,11655.74,11555,6840,11560,10539,11550,7980,11545,6946
2020-06-05 09:10:19.980000,11655.74,11555,1000,11560,10539,11550,8010,11545,6976
2020-06-05 09:10:20.980000,11650.3,11555,1000,11560,10539,11550,8002,11545,6976
2020-06-05 09:10:21.470000,11650.3,11555,6780,11560,10539,11550,1042,11545,6976
2020-06-05 09:10:22.360000,11650.3,11555,6790,11560,10539,11550,7992,11545,6976
2020-06-05 09:10:23.290000,11650.3,11555,10,11560,10539,11550,8793,11545,9005
2020-06-05 09:10:24.270000,11650.3,11560,10549,11565,10350,11550,8793,11545,7006
2020-06-05 09:10:25.350000,11650.3,11560,10549,11565,8350,11550,8793,11545,7006
2020-06-05 09:10:26.400000,11650.3,11560,8499,11565,8350,11555,6950,11550,9169
2020-06-05 09:10:28.500000,11650.3,11560,1549,11565,8350,11555,6950,11550,9169
2020-06-05 09:10:28.960000,11650.3,11560,549,11565,8350,11555,6950,11550,9169
2020-06-05 09:10:29.880000,11649.14,11560,699,11565,8350,11555,6950,11550,9169
2020-06-05 09:10:31.050000,11649.14,11560,699,11565,8350,11555,6950,11550,9169
2020-06-05 09:10:31.460000,11649.14,11560,699,11565,8350,11555,6950,11550,11198
2020-06-05 09:10:32.670000,11649.14,11560,699,11565,8350,11555,6950,11550,9169
2020-06-05 09:10:33.070000,11649.14,11560,7649,11565,8350,11550,9169,11545,9035
2020-06-05 09:10:34.240000,11649.14,11560,7649,11565,8350,11550,9169,11545,9035
2020-06-05 09:10:36.190000,11649.14,11560,7649,11565,8350,11555,60,11550,9169
2020-06-05 09:10:36.990000,11649.14,11560,10699,11565,8350,11550,9169,11545,7006
2020-06-05 09:10:37.940000,11649.14,11560,10699,11565,8350,11550,9169,11545,7006
2020-06-05 09:10:38.950000,11649.14,11560,10699,11565,8350,11550,9169,11545,7006
2020-06-05 09:10:39.250000,11649.14,11560,10699,11565,8350,11550,9169,11545,7006
2020-06-05 09:10:40.170000,11649.61,11560,10699,11565,8350,11550,9169,11545,7006
2020-06-05 09:10:41.170000,11649.61,11560,10699,11565,8350,11550,9109,11545,7006
2020-06-05 09:10:43.160000,11649.61,11560,10699,11565,8350,11550,9610,11545,6946
2020-06-05 09:10:43.660000,11649.61,11560,10699,11565,8350,11550,9610,11545,6946
2020-06-05 09:10:44.460000,11649.61,11555,1000,11560,10699,11550,9610,11545,6946
2020-06-05 09:10:45.260000,11649.61,11555,5840,11560,10699,11550,9610,11545,6946
2020-06-05 09:10:46.370000,11649.61,11555,10,11560,10700,11550,9610,11545,6946
2020-06-05 09:10:46.990000,11649.61,11555,10,11560,10700,11550,9600,11545,6946
2020-06-05 09:10:47.930000,11649.61,11555,10,11560,10700,11550,9600,11545,6946
2020-06-05 09:10:48.910000,11649.61,11555,10,11560,10700,11550,9580,11545,6946
2020-06-05 09:10:49.570000,11649.61,11555,10,11560,10700,11550,9530,11545,8975
2020-06-05 09:10:50.510000,11647.82,11555,10,11560,10700,11550,9510,11545,8975
2020-06-05 09:10:51.600000,11647.82,11555,10,11560,10700,11550,9500,11545,6916
2020-06-05 09:10:52.070000,11647.82,11555,10,11560,10700,11550,9480,11545,6916
2020-06-05 09:10:53.150000,11647.82,11560,10700,11565,11740,11555,59,11550,9480
2020-06-05 09:10:53.660000,11647.82,11560,10700,11565,11740,11550,9480,11545,6916
2020-06-05 09:10:54.750000,11647.82,11555,6840,11560,10700,11550,919,11545,6916
2020-06-05 09:10:55.800000,11647.82,11550,42,11555,8891,11545,6916,11540,7120
2020-06-05 09:10:56.850000,11647.82,11550,6950,11555,8891,11545,8836,11540,7120
2020-06-05 09:10:57.890000,11647.82,11555,8891,11560,12700,11545,8836,11540,7120
2020-06-05 09:10:58.940000,11647.82,11555,8891,11560,10700,11550,90,11545,8836
2020-06-05 09:10:59.990000,11648.8,11555,8891,11560,10700,11550,7040,11545,8836
2020-06-05 09:11:02.050000,11648.8,11555,3061,11560,10700,11550,7040,11545,8836
2020-06-05 09:11:02.360000,11648.8,11555,3061,11560,10700,11550,7040,11545,8836
2020-06-05 09:11:03.140000,11648.8,11555,1005,11560,10700,11550,7040,11545,8836
2020-06-05 09:11:04.110000,11648.8,11555,1005,11560,10700,11550,7040,11545,8836
2020-06-05 09:11:05.220000,11648.8,11555,6845,11560,10700,11550,90,11545,8836
2020-06-05 09:11:05.660000,11648.8,11555,8901,11560,12700,11545,8836,11540,7120
2020-06-05 09:11:06.840000,11648.8,11555,8901,11560,12700,11545,8836,11540,7120
2020-06-05 09:11:07.360000,11648.8,11550,6950,11555,8901,11545,8836,11540,7120
2020-06-05 09:11:08.410000,11648.8,11550,6950,11555,8901,11545,8836,11540,7120
2020-06-05 09:11:08.860000,11648.8,11550,7489,11555,8901,11545,8836,11540,7120
2020-06-05 09:11:09.980000,11648.8,11550,7489,11555,8901,11545,8836,11540,7120
2020-06-05 09:11:10.360000,11648.8,11550,7489,11555,8901,11545,8836,11540,7060
2020-06-05 09:11:12.120000,11642.82,11550,9541,11555,8901,11545,1886,11540,7060
2020-06-05 09:11:13.120000,11642.82,11550,10541,11555,8901,11545,347,11540,7060
2020-06-05 09:11:14.260000,11642.82,11545,1000,11550,10541,11540,7060,11535,5350
2020-06-05 09:11:15.280000,11642.82,11545,8469,11550,10541,11540,7080,11535,5350
2020-06-05 09:11:15.760000,11642.82,11545,8469,11550,10541,11540,130,11535,5370
2020-06-05 09:11:16.690000,11642.82,11545,8469,11550,10541,11540,130,11535,5370
2020-06-05 09:11:17.470000,11642.82,11545,8469,11550,10541,11540,130,11535,5370
2020-06-05 09:11:18.500000,11642.82,11545,1519,11550,8489,11540,7080,11535,5370
2020-06-05 09:11:19.530000,11642.82,11545,539,11550,8489,11540,8080,11535,5370
2020-06-05 09:11:20.150000,11639.78,11550,10541,11555,9901,11540,8080,11535,7397
2020-06-05 09:11:21.140000,11639.78,11545,1000,11550,10541,11540,8080,11535,5370
2020-06-05 09:11:22.210000,11639.78,11550,10541,11555,9901,11540,8080,11535,5370
2020-06-05 09:11:23.260000,11639.78,11545,1000,11550,10541,11540,8080,11535,5370
2020-06-05 09:11:23.760000,11639.78,11545,1000,11550,10541,11540,8080,11535,5370
2020-06-05 09:11:24.560000,11639.78,11545,1000,11550,10541,11540,8080,11535,5370
2020-06-05 09:11:25.350000,11639.78,11545,7950,11550,10541,11540,1130,11535,5370
2020-06-05 09:11:27.430000,11639.78,11545,7950,11550,10541,11540,1130,11535,5370
2020-06-05 09:11:27.960000,11639.78,11545,7950,11550,10541,11540,1130,11535,5370
2020-06-05 09:11:28.850000,11639.78,11540,539,11545,10003,11535,5370,11530,10138
2020-06-05 09:11:30.150000,11639.78,11540,539,11545,10003,11535,5370,11530,7080
2020-06-05 09:11:31.200000,11639.19,11540,8422,11545,10003,11535,80,11530,7080
2020-06-05 09:11:32.260000,11639.19,11540,6368,11545,10003,11535,80,11530,7080
2020-06-05 09:11:33.370000,11639.19,11540,1078,11545,10003,11535,5370,11530,7080
2020-06-05 09:11:34.350000,11639.19,11540,1078,11545,10003,11535,6670,11530,7080
2020-06-05 09:11:35.370000,11639.19,11540,78,11545,10003,11535,6670,11530,7080
2020-06-05 09:11:37.460000,11639.19,11545,10003,11550,10541,11535,7070,11530,7080
2020-06-05 09:11:37.960000,11639.19,11545,10003,11550,10541,11535,7070,11530,9105
2020-06-05 09:11:39.130000,11639.19,11545,1000,11550,10541,11540,128,11535,7070
2020-06-05 09:11:40.160000,11637.93,11550,8489,11555,9901,11540,7950,11535,9097
2020-06-05 09:11:41.760000,11637.93,11550,8489,11555,9901,11545,30,11540,7950
2020-06-05 09:11:42.790000,11637.93,11550,8489,11555,9901,11545,7070,11540,7950
2020-06-05 09:11:43.860000,11637.93,11550,10541,11555,11901,11545,120,11540,7950
2020-06-05 09:11:44.160000,11637.93,11545,1000,11550,10541,11540,7980,11535,7070
2020-06-05 09:11:44.960000,11637.93,11545,7950,11550,10541,11540,1030,11535,7070
2020-06-05 09:11:45.890000,11637.93,11545,7950,11550,10541,11540,1030,11535,7070
2020-06-05 09:11:46.490000,11637.93,11545,7950,11550,10541,11540,1030,11535,7070
2020-06-05 09:11:47.460000,11637.93,11545,7950,11550,10541,11540,30,11535,7070
2020-06-05 09:11:48.580000,11637.93,11545,7950,11550,10541,11540,30,11535,7070
2020-06-05 09:11:49.580000,11637.93,11545,10003,11550,10541,11535,7070,11530,9105
2020-06-05 09:11:50.670000,11634.76,11545,7950,11550,10541,11535,7070,11530,9105
2020-06-05 09:11:51.720000,11634.76,11545,7950,11550,10541,11535,7070,11530,9105
2020-06-05 09:11:53.660000,11634.76,11545,7950,11550,10541,11540,1000,11535,7040
2020-06-05 09:11:54.860000,11634.76,11545,7950,11550,10541,11535,7040,11530,9105
2020-06-05 09:11:55.920000,11634.76,11545,7950,11550,10541,11535,7040,11530,9075
2020-06-05 09:11:56.360000,11634.76,11545,10003,11550,10541,11535,7040,11530,9075
2020-06-05 09:11:59.610000,11634.76,11545,1000,11550,10541,11540,1000,11535,6640
2020-06-05 09:12:00.090000,11630.78,11545,1000,11550,8489,11540,7950,11535,6640
2020-06-05 09:12:01.230000,11630.78,11545,1000,11550,10655,11540,7950,11535,6640
2020-06-05 09:12:02.280000,11630.78,11545,7950,11550,10655,11540,7950,11535,6640
2020-06-05 09:12:04.360000,11630.78,11545,7950,11550,10655,11540,1000,11535,6640
2020-06-05 09:12:06.080000,11630.78,11545,7950,11550,10655,11540,1043,11535,6640
2020-06-05 09:12:07.540000,11630.78,11545,7950,11550,10655,11540,1043,11535,6640
2020-06-05 09:12:08.000000,11630.78,11545,7950,11550,10655,11540,7993,11535,6640
2020-06-05 09:12:09.140000,11630.78,11545,7950,11550,10655,11540,7993,11535,6640
2020-06-05 09:12:10.150000,11630.78,11545,7950,11550,10655,11540,7993,11535,6682
2020-06-05 09:12:10.590000,11627.51,11545,7950,11550,10655,11540,7993,11535,6682
2020-06-05 09:12:13.810000,11627.51,11545,7950,11550,10655,11540,7993,11535,6682
2020-06-05 09:12:14.170000,11627.51,11545,7950,11550,10655,11540,7993,11535,6682
2020-06-05 09:12:15.760000,11627.51,11545,1000,11550,10655,11540,7993,11535,6682
2020-06-05 09:12:16.590000,11627.51,11545,1000,11550,10655,11540,7993,11535,6682
2020-06-05 09:12:17.560000,11627.51,11545,7950,11550,10655,11540,7993,11535,6682
2020-06-05 09:12:19.170000,11627.51,11545,1000,11550,10655,11540,7993,11535,6682
2020-06-05 09:12:20.100000,11627.26,11545,1000,11550,10655,11540,7993,11535,6682
2020-06-05 09:12:21.210000,11627.26,11550,10655,11555,12321,11540,7993,11535,6662
2020-06-05 09:12:22.260000,11627.26,11545,1000,11550,10655,11540,43,11535,6662
2020-06-05 09:12:22.700000,11627.26,11545,7930,11550,10655,11540,43,11535,6662
2020-06-05 09:12:23.840000,11627.26,11545,7930,11550,10655,11540,186,11535,6662
2020-06-05 09:12:24.880000,11627.26,11545,7950,11550,10655,11540,186,11535,6682
2020-06-05 09:12:25.880000,11627.26,11545,7950,11550,10655,11540,186,11535,6682
2020-06-05 09:12:26.260000,11627.26,11545,7950,11550,10655,11540,186,11535,6682
2020-06-05 09:12:27.160000,11627.26,11545,7950,11550,10655,11540,186,11535,6682
2020-06-05 09:12:28.050000,11627.26,11545,7950,11550,10655,11535,6682,11530,9065
2020-06-05 09:12:29.070000,11627.26,11545,7950,11550,10655,11535,6682,11530,9065
2020-06-05 09:12:30.110000,11627.26,11545,10003,11550,10655,11535,6682,11530,9065
2020-06-05 09:12:31.160000,11625.23,11545,10043,11550,10655,11535,6682,11530,9065
2020-06-05 09:12:31.660000,11625.23,11545,10043,11550,12655,11535,6682,11530,9065
2020-06-05 09:12:32.770000,11625.23,11545,10043,11550,10655,11535,6682,11530,7040
2020-06-05 09:12:33.820000,11625.23,11545,10043,11550,10655,11535,6682,11530,9065
2020-06-05 09:12:34.250000,11625.23,11545,10033,11550,10655,11535,6682,11530,9065
2020-06-05 09:12:35.160000,11625.23,11545,7980,11550,10655,11535,6662,11530,9065
2020-06-05 09:12:35.920000,11625.23,11545,7980,11550,10655,11540,1000,11535,6662
2020-06-05 09:12:36.940000,11625.23,11545,7980,11550,10655,11540,8000,11535,6662
2020-06-05 09:12:37.360000,11625.23,11545,40,11550,10655,11540,8000,11535,6662
2020-06-05 09:12:38.860000,11625.23,11545,40,11550,10655,11540,8040,11535,6662
2020-06-05 09:12:39.760000,11628.28,11550,8489,11555,10321,11545,6948,11540,8140
2020-06-05 09:12:40.650000,11628.28,11550,8489,11555,10321,11545,6948,11540,8140
2020-06-05 09:12:43.240000,11628.28,11550,8489,11555,10321,11545,6948,11540,8140
2020-06-05 09:12:44.320000,11628.28,11550,8489,11555,10321,11545,6948,11540,8140
2020-06-05 09:12:44.760000,11628.28,11550,1539,11555,8270,11545,6948,11540,8140
2020-06-05 09:12:45.900000,11628.28,11555,8270,11560,10682,11550,1000,11545,7136
2020-06-05 09:12:46.350000,11628.28,11555,2430,11560,10682,11550,7950,11545,7136
2020-06-05 09:12:47.520000,11628.28,11555,1430,11560,10682,11550,7949,11545,7186
2020-06-05 09:12:48.980000,11628.28,11555,1430,11560,10682,11550,7949,11545,7216
2020-06-05 09:12:50.150000,11628.28,11555,1430,11560,9650,11550,7946,11545,7216
2020-06-05 09:12:51.710000,11632.32,11555,1430,11560,9650,11550,7946,11545,7216
2020-06-05 09:12:52.120000,11632.32,11555,1430,11560,9650,11550,7946,11545,7216
2020-06-05 09:12:52.820000,11632.32,11555,1430,11560,9650,11550,7946,11545,9245
2020-06-05 09:12:54.350000,11632.32,11560,9650,11565,8862,11555,1,11550,7946
2020-06-05 09:12:55.370000,11632.32,11560,9650,11565,8862,11555,1,11550,7946
2020-06-05 09:12:56.460000,11632.32,11560,10650,11565,8862,11555,1,11550,7946
2020-06-05 09:12:56.680000,11632.32,11560,10650,11565,8862,11550,7976,11545,9276
2020-06-05 09:12:57.580000,11632.32,11560,10650,11565,8862,11550,8976,11545,9276
2020-06-05 09:12:58.610000,11632.32,11560,10650,11565,8862,11550,8976,11545,7247
2020-06-05 09:12:59.680000,11632.32,11560,10600,11565,8862,11550,8976,11545,7197
2020-06-05 09:13:00.160000,11634.07,11560,10600,11565,10862,11555,500,11550,10976
2020-06-05 09:13:01.220000,11634.07,11555,6750,11560,10600,11550,4026,11545,7197
2020-06-05 09:13:01.660000,11634.07,11555,8801,11560,10600,11550,4026,11545,7197
2020-06-05 09:13:02.830000,11634.07,11555,8801,11560,12600,11545,7197,11540,8120
2020-06-05 09:13:03.250000,11634.07,11555,8801,11560,12600,11545,8397,11540,8120
2020-06-05 09:13:04.390000,11634.07,11555,8801,11560,12600,11545,8397,11540,8120
2020-06-05 09:13:05.490000,11634.07,11555,8801,11560,10600,11545,8397,11540,10147
2020-06-05 09:13:05.970000,11634.07,11555,6750,11560,10600,11545,8367,11540,10147
2020-06-05 09:13:08.450000,11634.07,11555,6750,11560,10600,11545,8367,11540,10107
2020-06-05 09:13:09.250000,11634.07,11555,6750,11560,10600,11545,8367,11540,10107
2020-06-05 09:13:10.360000,11634.49,11555,8784,11560,12600,11545,7167,11540,8080
2020-06-05 09:13:11.360000,11634.49,11555,8784,11560,12600,11545,7167,11540,8080
2020-06-05 09:13:12.560000,11634.49,11550,2052,11555,10784,11540,8080,11535,7749
2020-06-05 09:13:13.760000,11634.49,11545,7950,11550,10002,11540,1060,11535,5752
2020-06-05 09:13:14.850000,11634.49,11545,10060,11550,12002,11535,5940,11530,9065
2020-06-05 09:13:15.990000,11634.49,11545,10060,11550,12002,11535,5940,11530,9065
2020-06-05 09:13:16.970000,11634.49,11545,10060,11550,12002,11535,5022,11530,7040
2020-06-05 09:13:17.990000,11634.49,11545,10060,11550,12002,11535,620,11530,7040
2020-06-05 09:13:18.990000,11634.49,11545,10120,11550,12002,11535,620,11530,7041
2020-06-05 09:13:20.080000,11634.49,11545,10120,11550,12002,11535,424,11530,7041
2020-06-05 09:13:21.130000,11630.2,11545,10120,11550,12002,11535,397,11530,7041
2020-06-05 09:13:21.560000,11630.2,11545,10120,11550,12002,11535,7347,11530,7041
2020-06-05 09:13:22.700000,11630.2,11545,10120,11550,12002,11535,7347,11530,7021
2020-06-05 09:13:23.690000,11630.2,11545,10120,11550,12002,11535,7347,11530,7021
2020-06-05 09:13:23.970000,11630.2,11545,10145,11550,12002,11535,7347,11530,7021
2020-06-05 09:13:24.760000,11630.2,11545,10145,11550,12002,11535,7377,11530,7024
2020-06-05 09:13:25.810000,11630.2,11540,2054,11545,10145,11535,427,11530,7054
2020-06-05 09:13:26.920000,11630.2,11535,1000,11540,8344,11530,7054,11525,7381
2020-06-05 09:13:27.890000,11630.2,11535,1000,11540,8344,11530,7498,11525,7381
2020-06-05 09:13:28.390000,11630.2,11535,1000,11540,8344,11530,7498,11525,7381
2020-06-05 09:13:29.560000,11630.2,11540,8344,11545,10145,11530,7498,11525,7381
2020-06-05 09:13:30.090000,11625.71,11540,6290,11545,10145,11530,7498,11525,9409
2020-06-05 09:13:32.140000,11625.71,11540,1000,11545,10145,11530,7498,11525,9409
2020-06-05 09:13:33.290000,11625.71,11540,1000,11545,10175,11530,7498,11525,9409
2020-06-05 09:13:34.760000,11625.71,11540,1000,11545,10175,11530,7498,11525,9409
2020-06-05 09:13:35.820000,11625.71,11540,1000,11545,10175,11530,7468,11525,9409
2020-06-05 09:13:37.400000,11625.71,11540,1000,11545,10175,11530,7468,11525,9409
2020-06-05 09:13:37.960000,11625.71,11540,6290,11545,10175,11535,60,11530,7468
2020-06-05 09:13:39.030000,11625.71,11540,8344,11545,10175,11530,7468,11525,9409
2020-06-05 09:13:40.070000,11626.75,11540,8364,11545,10175,11530,7468,11525,9409
2020-06-05 09:13:41.090000,11626.75,11540,1020,11545,10175,11530,7468,11525,9409
2020-06-05 09:13:42.170000,11626.75,11540,1020,11545,10175,11530,7468,11525,9409
2020-06-05 09:13:43.210000,11626.75,11540,20,11545,10235,11530,7468,11525,9409
2020-06-05 09:13:44.230000,11626.75,11540,20,11545,10235,11530,7468,11525,9409
2020-06-05 09:13:45.260000,11626.75,11540,5310,11545,10235,11530,7468,11525,9409
2020-06-05 09:13:46.370000,11626.75,11540,5310,11545,10235,11530,7468,11525,9409
2020-06-05 09:13:47.900000,11626.75,11540,7364,11545,10235,11530,7468,11525,9409
2020-06-05 09:13:48.990000,11626.75,11535,1000,11540,8364,11530,518,11525,7384
2020-06-05 09:13:49.260000,11626.75,11535,7950,11540,8364,11530,518,11525,7384
2020-06-05 09:13:52.120000,11625.77,11535,7950,11540,8424,11530,518,11525,7384
2020-06-05 09:13:53.400000,11625.77,11530,349,11535,10005,11525,7965,11520,7477
2020-06-05 09:13:54.290000,11625.77,11530,6082,11535,10005,11525,7965,11520,7477
2020-06-05 09:13:55.330000,11625.77,11530,6082,11535,10005,11525,7965,11520,7477
2020-06-05 09:13:56.360000,11625.77,11530,6082,11535,10005,11525,7935,11520,7477
2020-06-05 09:13:56.820000,11625.77,11530,6082,11535,10005,11525,7935,11520,7477
2020-06-05 09:13:57.960000,11625.77,11530,6082,11535,10005,11525,7935,11520,7447
2020-06-05 09:13:58.460000,11625.77,11530,6733,11535,10005,11525,7357,11520,7447
2020-06-05 09:13:59.530000,11625.77,11530,1000,11535,10005,11525,7357,11520,7447
2020-06-05 09:14:00.580000,11621.75,11530,1000,11535,10005,11525,7935,11520,7447
2020-06-05 09:14:00.960000,11621.75,11530,1000,11535,10005,11525,7935,11520,7477
2020-06-05 09:14:02.170000,11621.75,11535,10505,11540,8424,11525,7965,11520,7477
2020-06-05 09:14:02.750000,11621.75,11535,10505,11540,8424,11525,7965,11520,9558
2020-06-05 09:14:03.740000,11621.75,11530,1,11535,10505,11525,7965,11520,9558
2020-06-05 09:14:04.780000,11621.75,11535,10505,11540,8424,11525,7966,11520,9558
2020-06-05 09:14:05.250000,11621.75,11525,12517,11530,5733,11520,9558,11515,9203
2020-06-05 09:14:06.360000,11621.75,11525,13603,11530,5733,11520,2552,11515,9203
2020-06-05 09:14:06.880000,11621.75,11530,5733,11535,8450,11525,1100,11520,9500
2020-06-05 09:14:07.940000,11621.75,11530,5733,11535,8450,11525,1190,11520,9500
2020-06-05 09:14:09.000000,11621.75,11530,5733,11535,8450,11525,1190,11520,9500
2020-06-05 09:14:10.020000,11621.75,11530,6833,11535,10505,11520,2552,11515,9203
2020-06-05 09:14:10.480000,11617.11,11530,6833,11535,10505,11520,3682,11515,9203
2020-06-05 09:14:11.560000,11617.11,11530,6833,11535,10505,11520,1659,11515,9233
2020-06-05 09:14:12.580000,11617.11,11530,6833,11535,10505,11520,1659,11515,9233
2020-06-05 09:14:12.950000,11617.11,11530,6833,11535,10505,11520,10630,11515,9233
2020-06-05 09:14:14.230000,11617.11,11530,5733,11535,7450,11525,2025,11520,10630
2020-06-05 09:14:15.250000,11617.11,11535,7450,11540,6370,11530,5733,11525,10075
2020-06-05 09:14:15.860000,11617.11,11535,7450,11540,6370,11530,12683,11525,10075
2020-06-05 09:14:16.860000,11617.11,11530,5733,11535,7450,11525,3126,11520,10630
2020-06-05 09:14:17.870000,11617.11,11530,6933,11535,7450,11525,1001,11520,8607
2020-06-05 09:14:18.930000,11617.11,11530,6933,11535,7450,11520,10688,11515,9233
2020-06-05 09:14:19.560000,11616.11,11530,6933,11535,7450,11520,3740,11515,9233
2020-06-05 09:14:20.960000,11616.11,11530,6933,11535,7450,11520,4180,11515,9233
2020-06-05 09:14:22.050000,11616.11,11530,5733,11535,7450,11525,2082,11520,11128
2020-06-05 09:14:22.900000,11616.11,11530,5733,11535,7450,11520,11128,11515,9233
2020-06-05 09:14:23.550000,11616.11,11530,6933,11535,7450,11520,11128,11515,9233
2020-06-05 09:14:24.540000,11616.11,11530,5733,11535,7450,11520,11148,11515,9233
2020-06-05 09:14:25.580000,11616.11,11530,6933,11535,7450,11520,11148,11515,9233
2020-06-05 09:14:25.850000,11616.11,11530,5733,11535,7450,11520,11148,11515,9233
2020-06-05 09:14:26.580000,11616.11,11530,5733,11535,7450,11520,11148,11515,9233
2020-06-05 09:14:27.640000,11616.11,11530,6933,11535,7450,11520,11148,11515,9233
2020-06-05 09:14:28.690000,11616.11,11530,6833,11535,7450,11520,11149,11515,9233
2020-06-05 09:14:29.020000,11616.11,11530,6333,11535,7450,11520,11149,11515,9233
2020-06-05 09:14:29.780000,11616.11,11530,6933,11535,7450,11520,11149,11515,9233
2020-06-05 09:14:31.250000,11617.5,11530,6933,11535,7450,11520,11129,11515,9233
2020-06-05 09:14:32.060000,11617.5,11530,7033,11535,7450,11520,11129,11515,9233
2020-06-05 09:14:32.940000,11617.5,11530,5733,11535,7450,11520,11129,11515,9233
2020-06-05 09:14:34.000000,11617.5,11530,5733,11535,7450,11520,11129,11515,9233
2020-06-05 09:14:34.450000,11617.5,11530,5733,11535,7600,11520,11129,11515,9233
2020-06-05 09:14:35.640000,11617.5,11530,7033,11535,7600,11520,11129,11515,9233
2020-06-05 09:14:36.060000,11617.5,11530,7033,11535,7600,11520,4181,11515,9233
2020-06-05 09:14:37.270000,11617.5,11530,7033,11535,7600,11520,11129,11515,9233
2020-06-05 09:14:39.060000,11617.5,11530,7033,11535,7600,11520,11129,11515,9233
2020-06-05 09:14:40.870000,11618.74,11530,7033,11535,7600,11520,4181,11515,9233
2020-06-05 09:14:42.470000,11618.74,11530,7033,11535,7600,11520,4181,11515,9233
2020-06-05 09:14:42.950000,11618.74,11530,7033,11535,7600,11520,4181,11515,9233
2020-06-05 09:14:44.090000,11618.74,11530,7033,11535,7600,11520,11129,11515,9173
2020-06-05 09:14:45.150000,11618.74,11530,7033,11535,7600,11520,11129,11515,9173
2020-06-05 09:14:45.450000,11618.74,11530,5733,11535,7600,11520,11129,11515,9173
2020-06-05 09:14:46.220000,11618.74,11530,4811,11535,7600,11520,11129,11515,9173
2020-06-05 09:14:47.260000,11618.74,11530,4811,11535,7600,11520,11129,11515,9173
2020-06-05 09:14:48.290000,11618.74,11530,4811,11535,9712,11520,2100,11515,9173
2020-06-05 09:14:48.560000,11618.74,11525,1000,11530,7867,11520,3,11515,86
2020-06-05 09:14:49.550000,11619.68,11520,6947,11525,9250,11515,86,11510,8026
2020-06-05 09:14:50.490000,11619.68,11520,6947,11525,9250,11515,86,11510,8026
2020-06-05 09:14:51.570000,11619.68,11520,6634,11525,9250,11515,86,11510,10162
2020-06-05 09:14:52.050000,11619.68,11525,9250,11530,6567,11515,9059,11510,10162
2020-06-05 09:14:53.160000,11619.68,11525,6950,11530,4511,11515,9061,11510,10162
2020-06-05 09:14:54.210000,11619.68,11530,4511,11535,9712,11515,9061,11510,10162
2020-06-05 09:14:54.520000,11619.68,11530,5811,11535,9712,11515,9061,11510,10162
2020-06-05 09:14:55.350000,11619.68,11530,5811,11535,9712,11515,9061,11510,10162
2020-06-05 09:14:56.360000,11619.68,11530,5811,11535,9712,11520,2023,11515,9061
2020-06-05 09:14:57.430000,11619.68,11530,5811,11535,9712,11520,8971,11515,9071
2020-06-05 09:14:58.470000,11619.68,11530,5811,11535,9712,11520,8971,11515,9071
2020-06-05 09:14:58.790000,11619.68,11525,1000,11530,5811,11520,8973,11515,9071
2020-06-05 09:14:59.760000,11619.68,11530,5811,11535,9712,11520,9973,11515,9071
2020-06-05 09:15:00.650000,11619.51,11530,4164,11535,7840,11520,9973,11515,9071
2020-06-05 09:15:01.700000,11619.51,11530,5464,11535,7840,11520,9973,11515,9071
2020-06-05 09:15:02.360000,11619.51,11530,5464,11535,7840,11520,13590,11515,9071
2020-06-05 09:15:03.260000,11619.51,11530,5464,11535,9895,11520,13590,11515,9071
2020-06-05 09:15:04.350000,11619.51,11530,5464,11535,9895,11520,13590,11515,9071
2020-06-05 09:15:04.540000,11619.51,11530,4164,11535,9895,11520,13590,11515,9071
2020-06-05 09:15:05.430000,11619.51,11530,3164,11535,7840,11520,13590,11515,9071
2020-06-05 09:15:06.490000,11619.51,11530,4464,11535,9895,11520,13593,11515,9071
2020-06-05 09:15:07.530000,11619.51,11530,4464,11535,9895,11520,13593,11515,9071
2020-06-05 09:15:07.960000,11619.51,11530,4464,11535,9895,11520,4620,11515,9071
2020-06-05 09:15:09.100000,11619.51,11530,5464,11535,9895,11520,4620,11515,9071
2020-06-05 09:15:09.460000,11619.51,11525,1000,11530,7520,11520,4620,11515,9071
2020-06-05 09:15:10.270000,11620.63,11520,6950,11525,9350,11515,9071,11510,10775
2020-06-05 09:15:11.240000,11620.63,11525,9350,11530,7520,11515,9071,11510,10775
2020-06-05 09:15:12.240000,11620.63,11525,9350,11530,7520,11515,7048,11510,10775
2020-06-05 09:15:12.680000,11620.63,11525,9350,11530,7520,11515,7048,11510,10775
2020-06-05 09:15:14.260000,11620.63,11525,9350,11530,7520,11515,7048,11510,10775
2020-06-05 09:15:14.880000,11620.63,11525,9350,11530,7520,11515,7048,11510,10775
2020-06-05 09:15:15.910000,11620.63,11525,9350,11530,7520,11515,7048,11510,10775
2020-06-05 09:15:17.490000,11620.63,11525,9350,11530,7520,11515,7038,11510,10775
2020-06-05 09:15:18.540000,11620.63,11525,9350,11530,7520,11515,9061,11510,10775
2020-06-05 09:15:19.160000,11620.63,11525,7950,11530,5464,11515,9061,11510,10775
2020-06-05 09:15:20.130000,11623.65,11525,7950,11530,5464,11515,9061,11510,10765
2020-06-05 09:15:21.150000,11623.65,11525,7950,11530,5464,11515,9061,11510,10765
2020-06-05 09:15:21.660000,11623.65,11525,7950,11530,5464,11515,9061,11510,10765
2020-06-05 09:15:22.460000,11623.65,11525,7950,11530,5464,11520,40,11515,9071
2020-06-05 09:15:23.290000,11623.65,11520,1283,11525,7950,11515,9171,11510,10765
2020-06-05 09:15:24.300000,11623.65,11520,1283,11525,7950,11515,9071,11510,10765
2020-06-05 09:15:25.380000,11623.65,11520,1283,11525,7950,11515,9071,11510,10765
2020-06-05 09:15:26.380000,11623.65,11520,1283,11525,7950,11515,9071,11510,10765
2020-06-05 09:15:26.750000,11623.65,11520,1283,11525,7950,11515,9091,11510,10765
2020-06-05 09:15:27.910000,11623.65,11520,7751,11525,7950,11515,32,11510,10785
2020-06-05 09:15:28.360000,11623.65,11520,8751,11525,7950,11515,32,11510,10785
2020-06-05 09:15:29.570000,11623.65,11520,8751,11525,7950,11515,32,11510,10785
2020-06-05 09:15:30.080000,11624.38,11520,7551,11525,7950,11515,32,11510,10785
2020-06-05 09:15:31.100000,11624.38,11520,7551,11525,7950,11515,32,11510,10785
2020-06-05 09:15:32.140000,11624.38,11520,2283,11525,7950,11515,9005,11510,10785
2020-06-05 09:15:32.450000,11624.38,11525,7950,11530,5464,11520,938,11515,9005
2020-06-05 09:15:33.250000,11624.38,11525,7950,11530,5464,11520,938,11515,9105
2020-06-05 09:15:34.280000,11624.38,11520,442,11525,9050,11515,9105,11510,10785
2020-06-05 09:15:35.300000,11624.38,11520,5710,11525,9050,11515,9105,11510,10785
2020-06-05 09:15:35.660000,11624.38,11520,5710,11525,9050,11515,9105,11510,10785
2020-06-05 09:15:36.480000,11624.38,11520,5710,11525,9050,11515,7082,11510,10785
2020-06-05 09:15:37.410000,11624.38,11520,5710,11525,9050,11515,7082,11510,10755
2020-06-05 09:15:38.480000,11624.38,11520,5710,11525,9050,11515,132,11510,10755
2020-06-05 09:15:38.950000,11624.38,11520,6268,11525,9050,11515,132,11510,10755
2020-06-05 09:15:40.660000,11628.46,11520,6268,11525,9050,11515,132,11510,10755
2020-06-05 09:15:41.380000,11628.46,11520,6268,11525,9050,11515,7082,11510,10755
2020-06-05 09:15:42.880000,11628.46,11520,6268,11525,9050,11515,20,11510,10755
2020-06-05 09:15:43.790000,11628.46,11515,1973,11520,5268,11510,10775,11505,29611
2020-06-05 09:15:44.840000,11628.46,11520,5268,11525,9050,11510,10775,11505,29611
2020-06-05 09:15:45.880000,11628.46,11520,5268,11525,9050,11515,6029,11510,10775
2020-06-05 09:15:46.960000,11628.46,11525,9050,11530,5464,11515,8052,11510,30775
2020-06-05 09:15:48.020000,11628.46,11525,7950,11530,5464,11515,8052,11510,10775
2020-06-05 09:15:48.460000,11628.46,11525,7950,11530,5464,11520,20,11515,8052
2020-06-05 09:15:49.600000,11628.46,11525,7950,11530,5464,11520,20,11515,8052
2020-06-05 09:15:50.550000,11628.32,11525,7950,11530,5464,11515,8052,11510,10755
2020-06-05 09:15:50.960000,11628.32,11525,7950,11530,5464,11515,8052,11510,10755
2020-06-05 09:15:52.190000,11628.32,11525,7950,11530,5464,11515,8052,11510,10755
2020-06-05 09:15:54.290000,11628.32,11525,7950,11530,5464,11515,8072,11510,10755
2020-06-05 09:15:54.690000,11628.32,11520,5268,11525,8850,11515,8072,11510,10775
2020-06-05 09:15:55.460000,11628.32,11520,5268,11525,8850,11515,2043,11510,10775
2020-06-05 09:15:56.390000,11628.32,11520,5268,11525,8850,11515,20,11510,10775
2020-06-05 09:15:57.580000,11628.32,11520,6668,11525,8850,11515,20,11510,10775
2020-06-05 09:15:58.530000,11628.32,11520,7268,11525,8850,11515,20,11510,10755
2020-06-05 09:15:59.580000,11628.32,11520,7268,11525,8850,11510,10755,11505,9591
2020-06-05 09:16:00.660000,11625.14,11515,1000,11520,7268,11510,10755,11505,9591
2020-06-05 09:16:01.660000,11625.14,11515,990,11520,7268,11510,10755,11505,9591
2020-06-05 09:16:02.740000,11625.14,11515,7280,11520,7268,11510,10755,11505,9591
2020-06-05 09:16:03.690000,11625.14,11515,7280,11520,7268,11510,3805,11505,9591
2020-06-05 09:16:04.060000,11625.14,11515,7280,11520,7268,11510,10775,11505,9591
2020-06-05 09:16:04.840000,11625.14,11515,1990,11520,7268,11510,10775,11505,9611
2020-06-05 09:16:05.880000,11625.14,11520,7268,11525,8850,11510,10805,11505,9611
2020-06-05 09:16:06.360000,11625.14,11520,7268,11525,8850,11515,40,11510,10805
