time,nav,sell1,sell1_cnt,sell2,sell2_cnt,buy1,buy1_cnt,buy2,buy2_cnt
2020-06-02 10:07:51.820000,0.0,11570,16440,11575,15092,11560,9230,11555,15056
2020-06-02 10:07:52.900000,11622.04,11570,16440,11575,15092,11560,9230,11555,15056
2020-06-02 10:07:53.290000,11622.04,11570,16440,11575,15092,11560,9230,11555,15056
2020-06-02 10:07:53.900000,11622.04,11570,17891,11575,13641,11560,9230,11555,8765
2020-06-02 10:07:54.320000,11622.04,11570,17891,11575,13641,11560,9230,11555,8765
2020-06-02 10:07:54.790000,11622.04,11565,1000,11570,18891,11560,9230,11555,8765
2020-06-02 10:07:55.230000,11622.04,11565,1800,11570,17440,11560,9230,11555,8765
2020-06-02 10:07:56.070000,11622.04,11565,2800,11570,17470,11560,9230,11555,8765
2020-06-02 10:07:56.460000,11622.04,11565,2800,11570,18921,11560,9230,11555,8765
2020-06-02 10:07:56.990000,11622.04,11565,2800,11570,18921,11560,9230,11555,8765
2020-06-02 10:07:57.400000,11622.04,11565,2800,11570,18921,11560,9230,11555,8765
2020-06-02 10:07:57.820000,11622.04,11565,2800,11570,18921,11560,9230,11555,8765
2020-06-02 10:07:58.290000,11622.04,11565,9650,11570,18921,11560,9230,11555,8765
2020-06-02 10:07:58.700000,11622.04,11565,9650,11570,18921,11560,9230,11555,8765
2020-06-02 10:07:59.100000,11622.04,11565,9650,11570,20952,11560,9230,11555,8765
2020-06-02 10:07:59.490000,11622.04,11565,9650,11570,18921,11560,9230,11555,8765
2020-06-02 10:07:59.900000,11622.04,11565,9650,11570,18921,11560,9230,11555,8765
2020-06-02 10:08:00.400000,11622.04,11570,17470,11575,12292,11560,9230,11555,15056
2020-06-02 10:08:01.700000,11622.04,11570,9047,11575,10292,11565,8949,11560,9230
2020-06-02 10:08:02.260000,11624.71,11570,9047,11575,10292,11565,8949,11560,9230
2020-06-02 10:08:03.010000,11624.71,11570,9047,11575,10292,11565,8949,11560,9230
2020-06-02 10:08:03.450000,11624.71,11570,9047,11575,10292,11565,8949,11560,9230
2020-06-02 10:08:03.850000,11624.71,11570,9047,11575,10292,11565,9049,11560,9230
2020-06-02 10:08:04.460000,11624.71,11570,9047,11575,10292,11565,9049,11560,9230
2020-06-02 10:08:05.420000,11624.71,11570,9047,11575,10292,11565,9049,11560,9230
2020-06-02 10:08:06.260000,11624.71,11570,9047,11575,10292,11565,9049,11560,9230
2020-06-02 10:08:06.600000,11624.71,11570,9447,11575,10292,11565,9049,11560,9230
2020-06-02 10:08:07.120000,11624.71,11570,8961,11575,10292,11565,8963,11560,9230
2020-06-02 10:08:07.670000,11624.71,11570,8952,11575,10287,11565,8963,11560,9230
2020-06-02 10:08:08.560000,11624.71,11570,7952,11575,6800,11565,8963,11560,15521
2020-06-02 10:08:09.260000,11624.71,11570,8452,11575,6795,11565,8963,11560,15521
2020-06-02 10:08:09.920000,11624.71,11570,8452,11575,6775,11565,8963,11560,15521
2020-06-02 10:08:10.480000,11624.71,11570,8452,11575,6770,11565,8963,11560,15521
2020-06-02 10:08:10.760000,11624.71,11570,8452,11575,6765,11565,8963,11560,15521
2020-06-02 10:08:10.980000,11624.71,11570,8452,11575,8216,11565,8963,11560,15521
2020-06-02 10:08:11.570000,11624.71,11570,8452,11575,8216,11565,8963,11560,9230
2020-06-02 10:08:11.990000,11626.76,11570,8452,11575,6765,11565,8963,11560,15521
2020-06-02 10:08:12.490000,11626.76,11570,8452,11575,6765,11565,8963,11560,9230
2020-06-02 10:08:13.060000,11626.76,11570,8452,11575,6765,11565,8963,11560,9230
2020-06-02 10:08:13.350000,11626.76,11570,8452,11575,6765,11565,8963,11560,15521
2020-06-02 10:08:13.890000,11626.76,11570,8452,11575,6765,11565,8963,11560,15521
2020-06-02 10:08:14.100000,11626.76,11570,8452,11575,6765,11565,8963,11560,9230
2020-06-02 10:08:14.320000,11626.76,11570,8452,11575,6765,11565,8963,11560,9230
2020-06-02 10:08:14.590000,11626.76,11570,8452,11575,6765,11565,8962,11560,9230
2020-06-02 10:08:15.090000,11626.76,11570,8452,11575,8216,11565,8962,11560,9230
2020-06-02 10:08:15.370000,11626.76,11570,11352,11575,8216,11565,8962,11560,9230
2020-06-02 10:08:15.900000,11626.76,11570,16975,11575,10247,11565,8962,11560,9230
2020-06-02 10:08:16.200000,11626.76,11570,16975,11575,10247,11565,8648,11560,9230
2020-06-02 10:08:16.650000,11626.76,11570,17975,11575,12247,11560,9230,11555,14970
2020-06-02 10:08:17.200000,11626.76,11570,17975,11575,10247,11565,6515,11560,9230
2020-06-02 10:08:17.700000,11626.76,11570,9452,11575,10247,11565,6353,11560,9230
2020-06-02 10:08:18.090000,11626.76,11570,9452,11575,10247,11565,6353,11560,9230
2020-06-02 10:08:18.430000,11626.76,11570,9374,11575,10247,11565,6353,11560,9230
2020-06-02 10:08:19.090000,11626.76,11570,9374,11575,10247,11565,6353,11560,9230
2020-06-02 10:08:19.590000,11626.76,11570,9374,11575,10247,11565,8410,11560,9230
2020-06-02 10:08:19.730000,11626.76,11570,12274,11575,10247,11565,6353,11560,9230
2020-06-02 10:08:20.320000,11626.76,11570,9774,11575,10247,11565,6353,11560,9230
2020-06-02 10:08:20.560000,11626.76,11570,9374,11575,10247,11565,6353,11560,9230
2020-06-02 10:08:22.980000,11624.57,11570,12274,11575,10247,11565,6353,11560,9230
2020-06-02 10:08:25.100000,11624.57,11570,9374,11575,10247,11565,6353,11560,9230
2020-06-02 10:08:25.390000,11624.57,11570,9374,11575,10247,11565,6353,11560,9230
2020-06-02 10:08:26.420000,11624.57,11570,9374,11575,8796,11565,8410,11560,15521
2020-06-02 10:08:27.200000,11624.57,11570,9374,11575,10247,11565,8410,11560,15521
2020-06-02 10:08:27.430000,11624.57,11570,9374,11575,10247,11565,8410,11560,9230
2020-06-02 10:08:28.760000,11624.57,11570,9374,11575,8796,11565,8410,11560,15521
2020-06-02 10:08:29.090000,11624.57,11570,9374,11575,8796,11565,8410,11560,15521
2020-06-02 10:08:30.380000,11624.57,11570,9374,11575,8796,11565,8410,11560,15521
2020-06-02 10:08:30.540000,11624.57,11570,9374,11575,8796,11565,8410,11560,15521
2020-06-02 10:08:32.600000,11623.81,11575,3960,11580,12033,11565,8410,11560,15521
2020-06-02 10:08:33.480000,11623.81,11575,9665,11580,14033,11565,11310,11560,15521
2020-06-02 10:08:33.760000,11623.81,11575,9665,11580,14033,11565,11310,11560,9230
2020-06-02 10:08:34.600000,11623.81,11575,9665,11580,14033,11565,8410,11560,9230
2020-06-02 10:08:34.710000,11623.81,11575,13123,11580,12582,11565,8410,11560,9230
2020-06-02 10:08:35.130000,11623.81,11575,9665,11580,14033,11565,11310,11560,15521
2020-06-02 10:08:35.660000,11623.81,11575,9665,11580,12033,11565,11310,11560,15521
2020-06-02 10:08:35.930000,11623.81,11575,9665,11580,14033,11565,11310,11560,15521
2020-06-02 10:08:36.650000,11623.81,11575,17250,11580,14033,11565,11310,11560,15521
2020-06-02 10:08:37.120000,11623.81,11575,18701,11580,12582,11565,9010,11560,9230
2020-06-02 10:08:37.520000,11623.81,11575,17250,11580,14033,11565,11310,11560,9230
2020-06-02 10:08:39.740000,11623.81,11575,17250,11580,14033,11565,11310,11560,9230
2020-06-02 10:08:40.460000,11623.81,11575,17250,11580,14033,11565,11310,11560,15521
2020-06-02 10:08:40.800000,11623.81,11575,17250,11580,14033,11565,11310,11560,9230
2020-06-02 10:08:41.600000,11623.81,11575,18701,11580,12582,11565,11310,11560,9230
2020-06-02 10:08:41.820000,11623.81,11575,20708,11580,12582,11565,11310,11560,9230
2020-06-02 10:08:42.430000,11623.81,11575,20708,11580,12582,11565,11310,11560,9230
2020-06-02 10:08:43.690000,11621.32,11575,20708,11580,12582,11565,11310,11560,9230
2020-06-02 10:08:44.080000,11621.32,11570,5623,11575,20708,11565,11110,11560,9230
2020-06-02 10:08:44.430000,11621.32,11570,5623,11575,20708,11565,8410,11560,9230
2020-06-02 10:08:44.860000,11621.32,11570,8623,11575,20708,11565,8410,11560,9230
2020-06-02 10:08:45.690000,11621.32,11570,800,11575,20708,11565,8410,11560,9230
2020-06-02 10:08:46.140000,11621.32,11570,3000,11575,20708,11565,8410,11560,9230
2020-06-02 10:08:46.490000,11621.32,11570,2200,11575,20708,11565,8410,11560,9230
2020-06-02 10:08:46.940000,11621.32,11570,8523,11575,22708,11565,6353,11560,9230
2020-06-02 10:08:47.740000,11621.32,11570,9523,11575,22708,11560,9230,11555,14970
2020-06-02 10:08:47.860000,11621.32,11570,12982,11575,21257,11560,9230,11555,8679
2020-06-02 10:08:48.740000,11621.32,11565,1000,11570,12982,11560,9230,11555,8679
2020-06-02 10:08:49.000000,11621.32,11565,10846,11570,14982,11560,7198,11555,8679
2020-06-02 10:08:49.560000,11621.32,11565,10850,11570,14982,11555,8679,11550,20908
2020-06-02 10:08:49.960000,11621.32,11565,12301,11570,13531,11555,8679,11550,14617
2020-06-02 10:08:50.810000,11621.32,11560,6850,11565,14310,11555,7462,11550,14617
2020-06-02 10:08:51.030000,11621.32,11565,10850,11570,14982,11555,7462,11550,20908
2020-06-02 10:08:52.850000,11620.36,11565,10850,11570,12982,11555,7462,11550,20908
2020-06-02 10:08:53.220000,11620.36,11565,4000,11570,12982,11555,7462,11550,20908
2020-06-02 10:08:54.280000,11620.36,11565,1700,11570,12982,11555,7462,11550,20908
2020-06-02 10:08:55.160000,11620.36,11565,1700,11570,12982,11555,7462,11550,20908
2020-06-02 10:08:55.360000,11620.36,11565,3900,11570,12982,11555,7462,11550,20908
2020-06-02 10:08:56.190000,11620.36,11565,3900,11570,14982,11555,7462,11550,20908
2020-06-02 10:08:56.590000,11620.36,11565,10750,11570,14982,11555,7462,11550,20908
2020-06-02 10:08:57.610000,11620.36,11565,14210,11570,13531,11555,7462,11550,14617
2020-06-02 10:08:57.730000,11620.36,11565,14210,11570,13531,11555,7462,11550,14617
2020-06-02 10:08:58.110000,11620.36,11565,14210,11570,13531,11555,7462,11550,14617
2020-06-02 10:08:58.530000,11620.36,11565,14210,11570,13531,11555,6647,11550,14617
2020-06-02 10:08:58.890000,11620.36,11560,6850,11565,14210,11555,6547,11550,14617
2020-06-02 10:08:59.430000,11620.36,11560,6850,11565,14210,11555,6547,11550,14617
2020-06-02 10:09:00.040000,11620.36,11565,12201,11570,13531,11555,7362,11550,14617
2020-06-02 10:09:00.450000,11620.36,11565,10750,11570,14982,11555,7362,11550,14617
2020-06-02 10:09:00.900000,11620.36,11565,10750,11570,14982,11555,7362,11550,20908
2020-06-02 10:09:01.420000,11620.36,11565,10750,11570,14982,11555,7362,11550,20908
2020-06-02 10:09:02.530000,11622.0,11565,10750,11570,14982,11555,7362,11550,20908
2020-06-02 10:09:02.990000,11622.0,11565,10750,11570,14982,11555,7362,11550,20908
2020-06-02 10:09:03.310000,11622.0,11565,10750,11570,12982,11555,7362,11550,20908
2020-06-02 10:09:03.730000,11622.0,11565,1000,11570,12982,11555,7362,11550,20908
2020-06-02 10:09:04.200000,11622.0,11565,1200,11570,12982,11555,7362,11550,20908
2020-06-02 10:09:04.650000,11622.0,11565,1000,11570,12982,11555,7362,11550,20908
2020-06-02 10:09:05.650000,11622.0,11565,3900,11570,12982,11555,7362,11550,20908
2020-06-02 10:09:06.180000,11622.0,11565,3900,11570,12982,11555,7362,11550,20908
2020-06-02 10:09:06.590000,11622.0,11565,1000,11570,12982,11555,7362,11550,20908
2020-06-02 10:09:08.320000,11622.0,11565,3900,11570,12982,11555,7362,11550,20908
2020-06-02 10:09:08.870000,11622.0,11565,3900,11570,12982,11555,7362,11550,20908
2020-06-02 10:09:11.160000,11622.0,11565,3900,11570,12982,11555,7362,11550,20908
2020-06-02 10:09:11.770000,11622.0,11565,3900,11570,12982,11555,7362,11550,20908
2020-06-02 10:09:11.900000,11622.0,11565,3900,11570,12982,11560,864,11555,7362
2020-06-02 10:09:12.200000,11621.49,11565,3900,11570,12982,11560,7342,11555,7362
2020-06-02 10:09:12.600000,11621.49,11565,3900,11570,12982,11560,7342,11555,7362
2020-06-02 10:09:13.200000,11621.49,11565,3900,11570,12982,11560,7342,11555,7362
2020-06-02 10:09:13.400000,11621.49,11565,3900,11570,12982,11560,7342,11555,7362
2020-06-02 10:09:14.100000,11621.49,11565,10750,11570,12982,11560,7342,11555,7362
2020-06-02 10:09:15.260000,11621.49,11565,10750,11570,14982,11555,7362,11550,20908
2020-06-02 10:09:15.660000,11621.49,11565,10750,11570,14982,11555,7362,11550,20908
2020-06-02 10:09:17.620000,11621.49,11565,14210,11570,13531,11555,7362,11550,14617
2020-06-02 10:09:17.870000,11621.49,11565,14210,11570,13531,11555,7362,11550,14617
2020-06-02 10:09:19.220000,11621.49,11565,12759,11570,14982,11555,7362,11550,14617
2020-06-02 10:09:19.490000,11621.49,11565,12759,11570,14982,11555,7362,11550,20908
2020-06-02 10:09:19.760000,11621.49,11565,3900,11570,12982,11555,7362,11550,20908
2020-06-02 10:09:20.100000,11621.49,11565,3900,11570,12982,11555,7362,11550,20908
2020-06-02 10:09:21.190000,11621.49,11565,10750,11570,14982,11555,7362,11550,20908
2020-06-02 10:09:21.330000,11621.49,11565,10750,11570,14982,11555,7362,11550,20908
2020-06-02 10:09:22.150000,11619.23,11565,10750,11570,14982,11555,7362,11550,20908
2020-06-02 10:09:22.360000,11619.23,11565,14210,11570,13531,11555,7362,11550,20908
2020-06-02 10:09:22.600000,11619.23,11565,10750,11570,14982,11555,7362,11550,20908
2020-06-02 10:09:22.930000,11619.23,11565,1000,11570,12982,11555,7362,11550,20908
2020-06-02 10:09:23.790000,11619.23,11565,1000,11570,12982,11555,7362,11550,20908
2020-06-02 10:09:24.300000,11619.23,11565,1000,11570,12982,11555,7362,11550,20908
2020-06-02 10:09:25.630000,11619.23,11565,950,11570,12982,11555,7362,11550,20908
2020-06-02 10:09:25.990000,11619.23,11570,12982,11575,21257,11555,7362,11550,20908
2020-06-02 10:09:26.290000,11619.23,11570,12982,11575,21257,11555,7362,11550,20908
2020-06-02 10:09:27.430000,11619.23,11570,11531,11575,22708,11560,2056,11555,15180
2020-06-02 10:09:27.600000,11619.23,11570,9523,11575,22708,11560,8186,11555,15180
2020-06-02 10:09:28.410000,11619.23,11570,9523,11575,22708,11560,8186,11555,15180
2020-06-02 10:09:28.520000,11619.23,11570,9523,11575,22708,11565,6353,11560,8186
2020-06-02 10:09:28.800000,11619.23,11570,9523,11575,22708,11565,6353,11560,8186
2020-06-02 10:09:29.440000,11619.23,11570,9523,11575,20708,11560,8186,11555,15180
2020-06-02 10:09:29.830000,11619.23,11570,9523,11575,20708,11565,6353,11560,8186
2020-06-02 10:09:30.490000,11619.23,11570,9523,11575,20708,11565,6353,11560,8186
2020-06-02 10:09:30.800000,11619.23,11570,9523,11575,22708,11560,8186,11555,15180
2020-06-02 10:09:35.590000,11618.82,11570,9523,11575,22708,11560,8990,11555,15180
2020-06-02 10:09:38.590000,11618.82,11570,9523,11575,20708,11560,8990,11555,15180
2020-06-02 10:09:38.980000,11618.82,11570,1000,11575,20708,11565,6353,11560,8990
2020-06-02 10:09:39.480000,11618.82,11570,1000,11575,20708,11565,6363,11560,8990
2020-06-02 10:09:39.920000,11618.82,11570,1000,11575,20708,11565,6363,11560,8990
2020-06-02 10:09:40.300000,11618.82,11570,1000,11575,20708,11565,6363,11560,8990
2020-06-02 10:09:41.090000,11618.82,11570,3900,11575,20708,11565,6363,11560,8990
2020-06-02 10:09:41.230000,11618.82,11570,9523,11575,22708,11565,10,11560,8990
2020-06-02 10:09:42.090000,11618.82,11570,9523,11575,22708,11565,10,11560,8990
2020-06-02 10:09:42.200000,11618.82,11570,3900,11575,20708,11565,6363,11560,8990
2020-06-02 10:09:42.500000,11622.08,11570,1000,11575,20708,11565,6363,11560,8990
2020-06-02 10:09:42.830000,11622.08,11570,5623,11575,20708,11565,6363,11560,8990
2020-06-02 10:09:43.640000,11622.08,11570,8423,11575,22708,11565,6363,11560,7799
2020-06-02 10:09:43.830000,11622.08,11570,8423,11575,22708,11565,6363,11560,7799
2020-06-02 10:09:43.970000,11622.08,11570,5623,11575,22708,11565,6363,11560,7799
2020-06-02 10:09:44.670000,11622.08,11570,5623,11575,20708,11565,6363,11560,9970
2020-06-02 10:09:45.140000,11622.08,11570,5623,11575,20708,11565,6363,11560,9970
2020-06-02 10:09:45.500000,11622.08,11570,5623,11575,20708,11565,6363,11560,9970
2020-06-02 10:09:46.620000,11622.08,11570,5623,11575,20708,11565,6363,11560,9970
2020-06-02 10:09:47.480000,11622.08,11570,8523,11575,22708,11565,10,11560,9970
2020-06-02 10:09:47.790000,11622.08,11570,9523,11575,22708,11565,10,11560,9970
2020-06-02 10:09:48.140000,11622.08,11570,9523,11575,22708,11565,10,11560,9970
2020-06-02 10:09:49.260000,11622.08,11570,9523,11575,22708,11565,10,11560,9970
2020-06-02 10:09:50.180000,11622.08,11570,9523,11575,24289,11565,10,11560,9970
2020-06-02 10:09:50.510000,11622.08,11570,9523,11575,24289,11565,10,11560,9970
2020-06-02 10:09:51.030000,11622.08,11570,6623,11575,22289,11565,10,11560,9970
2020-06-02 10:09:51.540000,11622.08,11570,9423,11575,22289,11565,6363,11560,9970
2020-06-02 10:09:52.120000,11622.19,11570,9423,11575,22289,11565,5129,11560,9970
2020-06-02 10:09:52.590000,11622.19,11570,7823,11575,22289,11565,5129,11560,9970
2020-06-02 10:09:53.730000,11622.19,11570,6623,11575,22289,11565,5129,11560,9970
2020-06-02 10:09:54.780000,11622.19,11570,4594,11575,22289,11565,11482,11560,9970
2020-06-02 10:09:54.960000,11622.19,11570,4357,11575,22289,11565,11482,11560,9970
2020-06-02 10:09:55.150000,11622.19,11570,3652,11575,22289,11565,11482,11560,9970
2020-06-02 10:09:55.540000,11622.19,11570,3918,11575,22289,11565,12482,11560,9970
2020-06-02 10:09:56.340000,11622.19,11570,3918,11575,22289,11565,12482,11560,9970
2020-06-02 10:09:56.510000,11622.19,11570,3918,11575,22289,11565,12482,11560,9970
2020-06-02 10:09:56.540000,11622.19,11570,3918,11575,22289,11565,12482,11560,9970
2020-06-02 10:09:57.380000,11622.19,11570,6718,11575,24289,11565,12482,11560,9970
2020-06-02 10:09:57.650000,11622.19,11570,10177,11575,22838,11565,6129,11560,9970
2020-06-02 10:09:58.090000,11622.19,11570,8726,11575,24289,11565,6129,11560,9970
2020-06-02 10:09:58.930000,11622.19,11570,6718,11575,24289,11565,6129,11560,9970
2020-06-02 10:09:59.990000,11622.19,11570,6718,11575,24289,11565,12482,11560,9970
2020-06-02 10:10:00.200000,11622.19,11570,6718,11575,24289,11565,6129,11560,9970
2020-06-02 10:10:00.990000,11622.19,11570,6718,11575,22289,11565,12482,11560,9970
2020-06-02 10:10:01.260000,11622.19,11570,3918,11575,22289,11565,12482,11560,9970
2020-06-02 10:10:01.930000,11622.19,11570,6716,11575,22289,11565,12482,11560,9970
2020-06-02 10:10:02.230000,11622.1,11570,10175,11575,22838,11565,6129,11560,9970
2020-06-02 10:10:03.090000,11622.1,11570,6716,11575,22289,11565,12482,11560,9970
2020-06-02 10:10:03.290000,11622.1,11570,6316,11575,22289,11565,12482,11560,9970
2020-06-02 10:10:03.510000,11622.1,11570,1266,11575,22289,11565,12482,11560,9970
2020-06-02 10:10:04.650000,11622.1,11570,4116,11575,22289,11565,12482,11560,9970
2020-06-02 10:10:06.770000,11622.1,11570,4116,11575,22289,11565,12482,11560,9970
2020-06-02 10:10:06.930000,11622.1,11570,4116,11575,22289,11565,12482,11560,9970
2020-06-02 10:10:07.910000,11622.1,11570,4116,11575,22289,11565,12482,11560,9970
2020-06-02 10:10:08.260000,11622.1,11570,1316,11575,22289,11565,12482,11560,9970
2020-06-02 10:10:09.350000,11622.1,11570,4116,11575,22289,11565,12482,11560,9970
2020-06-02 10:10:09.690000,11622.1,11570,4116,11575,22289,11565,12482,11560,9970
2020-06-02 10:10:10.490000,11622.1,11570,1316,11575,22289,11565,12482,11560,9970
2020-06-02 10:10:10.790000,11622.1,11570,3216,11575,22289,11565,12482,11560,9970
2020-06-02 10:10:11.440000,11624.02,11570,10966,11575,22289,11565,12482,11560,9970
2020-06-02 10:10:11.630000,11624.02,11570,10966,11575,24289,11560,9970,11555,15180
2020-06-02 10:10:11.850000,11624.02,11570,14421,11575,22838,11560,7799,11555,8889
2020-06-02 10:10:12.540000,11624.02,11565,1000,11570,16421,11560,7799,11555,6547
2020-06-02 10:10:12.790000,11624.02,11565,7294,11570,14970,11560,7799,11555,6547
2020-06-02 10:10:13.130000,11624.02,11565,10650,11570,16421,11560,7799,11555,6547
2020-06-02 10:10:13.460000,11624.02,11565,14110,11570,14970,11560,865,11555,6547
2020-06-02 10:10:13.800000,11624.02,11565,14110,11570,14970,11560,865,11555,6547
2020-06-02 10:10:14.830000,11624.02,11565,14110,11570,14970,11560,865,11555,6547
2020-06-02 10:10:14.990000,11624.02,11565,14110,11570,14970,11560,865,11555,7801
2020-06-02 10:10:15.690000,11624.02,11565,14110,11570,14970,11560,865,11555,7801
2020-06-02 10:10:15.800000,11624.02,11565,12659,11570,16421,11560,865,11555,7801
2020-06-02 10:10:15.860000,11624.02,11565,12659,11570,16421,11560,865,11555,7801
2020-06-02 10:10:16.220000,11624.02,11565,14110,11570,14970,11555,7801,11550,14617
2020-06-02 10:10:17.080000,11624.02,11565,12659,11570,16421,11555,7801,11550,14617
2020-06-02 10:10:17.390000,11624.02,11565,12659,11570,16421,11555,7801,11550,14617
2020-06-02 10:10:17.880000,11624.02,11565,12659,11570,16421,11555,7801,11550,14617
2020-06-02 10:10:18.160000,11624.02,11565,5809,11570,16421,11555,7801,11550,14617
2020-06-02 10:10:18.890000,11624.02,11565,3800,11570,16421,11555,7801,11550,20908
2020-06-02 10:10:20.000000,11624.02,11565,3800,11570,16421,11555,7801,11550,20908
2020-06-02 10:10:20.360000,11624.02,11565,12101,11570,14970,11555,7801,11550,14617
2020-06-02 10:10:20.740000,11624.02,11565,14110,11570,14970,11555,7801,11550,14617
2020-06-02 10:10:21.610000,11624.02,11565,14110,11570,14980,11555,7801,11550,14617
2020-06-02 10:10:22.580000,11624.21,11565,16110,11570,14980,11555,7801,11550,14617
2020-06-02 10:10:22.720000,11624.21,11560,50,11565,16110,11555,7801,11550,14617
2020-06-02 10:10:22.950000,11624.21,11560,50,11565,14110,11555,7801,11550,14617
2020-06-02 10:10:23.720000,11624.21,11565,14110,11570,14930,11555,7801,11550,14617
2020-06-02 10:10:24.750000,11624.21,11565,5809,11570,16381,11555,7801,11550,20908
2020-06-02 10:10:25.690000,11624.21,11565,14110,11570,14930,11555,7801,11550,14617
2020-06-02 10:10:26.140000,11624.21,11565,14110,11570,14930,11555,7801,11550,14617
2020-06-02 10:10:26.520000,11624.21,11565,14110,11570,14930,11555,7801,11550,14617
2020-06-02 10:10:27.830000,11624.21,11565,14110,11570,14930,11555,7801,11550,14617
2020-06-02 10:10:27.910000,11624.21,11565,14110,11570,14930,11555,7811,11550,14617
2020-06-02 10:10:28.200000,11624.21,11565,14110,11570,14930,11555,7811,11550,14617
2020-06-02 10:10:30.160000,11624.21,11565,5809,11570,16381,11555,7811,11550,20908
2020-06-02 10:10:30.500000,11624.21,11565,5809,11570,16381,11555,7811,11550,20908
2020-06-02 10:10:32.000000,11624.63,11565,7260,11570,14930,11555,7811,11550,20908
2020-06-02 10:10:32.590000,11624.63,11565,14110,11570,14930,11555,7811,11550,14617
2020-06-02 10:10:33.790000,11624.63,11565,14110,11570,14930,11555,7811,11550,14617
2020-06-02 10:10:34.030000,11624.63,11565,14110,11570,14930,11555,7811,11550,14617
2020-06-02 10:10:35.250000,11624.63,11565,14110,11570,14930,11555,7811,11550,14617
2020-06-02 10:10:36.280000,11624.63,11565,14110,11570,14930,11555,7811,11550,14617
2020-06-02 10:10:37.860000,11624.63,11565,14110,11570,14930,11555,7811,11550,14617
2020-06-02 10:10:38.000000,11624.63,11565,14110,11570,14930,11555,6557,11550,14617
2020-06-02 10:10:38.200000,11624.63,11565,14110,11570,14930,11555,7811,11550,14617
2020-06-02 10:10:38.890000,11624.63,11565,14110,11570,14930,11555,7811,11550,14617
2020-06-02 10:10:39.000000,11624.63,11565,14110,11570,14930,11555,7811,11550,14617
2020-06-02 10:10:39.090000,11624.63,11565,14110,11570,14930,11555,7811,11550,14617
2020-06-02 10:10:39.390000,11624.63,11565,14110,11570,14930,11555,7811,11550,14617
2020-06-02 10:10:39.980000,11624.63,11565,14110,11570,14930,11555,6557,11550,14617
2020-06-02 10:10:40.960000,11624.63,11565,14110,11570,14930,11555,7811,11550,14617
2020-06-02 10:10:44.120000,11621.15,11565,14110,11570,14930,11555,7811,11550,14617
2020-06-02 10:10:44.730000,11621.15,11565,14110,11570,14930,11555,7811,11550,14617
2020-06-02 10:10:44.870000,11621.15,11565,14110,11570,14930,11555,7811,11550,14617
2020-06-02 10:10:45.880000,11621.15,11565,14110,11570,14930,11555,7811,11550,14617
2020-06-02 10:10:46.840000,11621.15,11565,16110,11570,14930,11555,6557,11550,14617
2020-06-02 10:10:47.020000,11621.15,11560,10311,11565,14659,11555,216,11550,14617
2020-06-02 10:10:47.790000,11621.15,11560,14111,11565,14659,11555,216,11550,14617
2020-06-02 10:10:48.880000,11621.15,11560,1000,11565,16110,11555,5557,11550,14617
2020-06-02 10:10:49.070000,11621.15,11560,1000,11565,16110,11555,5557,11550,14627
2020-06-02 10:10:49.870000,11621.15,11560,1000,11565,16110,11555,5557,11550,14627
2020-06-02 10:10:50.260000,11621.15,11560,3800,11565,16110,11555,5557,11550,14627
2020-06-02 10:10:51.490000,11621.15,11560,3796,11565,16110,11555,5557,11550,14627
2020-06-02 10:10:52.070000,11623.62,11560,996,11565,14110,11555,5557,11550,13562
2020-06-02 10:10:53.430000,11623.62,11560,3796,11565,14110,11555,5557,11550,13562
2020-06-02 10:10:54.120000,11623.62,11560,3795,11565,14110,11555,5557,11550,13562
2020-06-02 10:10:54.290000,11623.62,11560,3795,11565,14110,11555,5557,11550,13562
2020-06-02 10:10:56.100000,11623.62,11560,3795,11565,14110,11555,5557,11550,13562
2020-06-02 10:10:56.490000,11623.62,11560,3795,11565,14110,11555,5557,11550,13562
2020-06-02 10:10:57.350000,11623.62,11560,3795,11565,14110,11555,5557,11550,13562
2020-06-02 10:10:57.470000,11623.62,11560,3695,11565,14110,11555,5557,11550,13562
2020-06-02 10:10:57.690000,11623.62,11560,995,11565,14110,11555,6557,11550,13562
2020-06-02 10:10:57.990000,11623.62,11560,995,11565,14110,11555,6557,11550,13562
2020-06-02 10:10:58.990000,11623.62,11560,995,11565,14110,11555,6557,11550,13562
2020-06-02 10:10:59.330000,11623.62,11560,2700,11565,14110,11555,6557,11550,13562
2020-06-02 10:10:59.690000,11623.62,11560,2700,11565,14110,11555,6557,11550,13562
2020-06-02 10:11:00.510000,11623.62,11560,2700,11565,16110,11555,6557,11550,13562
2020-06-02 10:11:00.650000,11623.62,11560,2700,11565,16110,11555,7206,11550,13562
2020-06-02 10:11:00.990000,11623.62,11565,14110,11570,21658,11555,7206,11550,13562
2020-06-02 10:11:01.380000,11623.62,11565,14110,11570,21658,11555,7206,11550,13562
2020-06-02 10:11:02.050000,11623.62,11565,16110,11570,21658,11555,7206,11550,11450
2020-06-02 10:11:02.300000,11619.8,11565,16110,11570,21658,11555,7206,11550,11450
2020-06-02 10:11:03.210000,11619.8,11565,16110,11570,21658,11555,7206,11550,11450
2020-06-02 10:11:05.130000,11619.8,11565,16110,11570,21658,11555,7206,11550,12849
2020-06-02 10:11:08.990000,11619.8,11565,14101,11570,21658,11555,7206,11550,12849
2020-06-02 10:11:10.910000,11619.8,11560,8301,11565,14831,11555,7206,11550,12849
2020-06-02 10:11:11.300000,11619.8,11560,13011,11565,14831,11555,7206,11550,12849
2020-06-02 10:11:11.690000,11619.8,11560,13011,11565,14831,11555,7206,11550,12849
2020-06-02 10:11:14.700000,11622.24,11560,14011,11565,14831,11555,7206,11550,12849
2020-06-02 10:11:15.760000,11622.24,11560,14011,11565,14831,11555,6206,11550,12849
2020-06-02 10:11:16.950000,11622.24,11560,14011,11565,14831,11555,6206,11550,12849
2020-06-02 10:11:17.790000,11622.24,11560,14011,11565,14831,11555,6206,11550,12849
2020-06-02 10:11:17.880000,11622.24,11560,14011,11565,14831,11555,6206,11550,12849
2020-06-02 10:11:17.960000,11622.24,11560,14011,11565,14831,11555,6206,11550,12849
2020-06-02 10:11:18.590000,11622.24,11560,14011,11565,14831,11555,6206,11550,12849
2020-06-02 10:11:19.300000,11622.24,11560,14011,11565,14831,11555,6206,11550,12849
2020-06-02 10:11:19.460000,11622.24,11560,11911,11565,14831,11555,6206,11550,12849
2020-06-02 10:11:20.290000,11622.24,11560,11881,11565,14831,11555,6206,11550,12849
2020-06-02 10:11:21.960000,11619.74,11560,11881,11565,14831,11555,6206,11550,12881
2020-06-02 10:11:22.260000,11619.74,11560,3700,11565,16282,11555,6206,11550,12881
2020-06-02 10:11:23.070000,11619.74,11560,1000,11565,16282,11555,6206,11550,12881
2020-06-02 10:11:23.320000,11619.74,11560,3700,11565,16282,11555,6211,11550,12881
2020-06-02 10:11:24.160000,11619.74,11560,1000,11565,14282,11555,6211,11550,12881
2020-06-02 10:11:24.380000,11619.74,11560,1000,11565,14282,11555,7211,11550,12881
2020-06-02 10:11:24.550000,11619.74,11565,14282,11570,21658,11555,7211,11550,12881
2020-06-02 10:11:29.880000,11619.74,11565,16282,11570,21658,11555,7211,11550,12881
2020-06-02 10:11:32.610000,11616.56,11560,3461,11565,14831,11555,7211,11550,12881
2020-06-02 10:11:32.960000,11616.56,11560,4710,11565,16282,11555,7211,11550,12881
2020-06-02 10:11:33.440000,11616.56,11560,6161,11565,14831,11555,7211,11550,12881
2020-06-02 10:11:33.990000,11616.56,11560,6161,11565,14831,11555,7211,11550,12881
2020-06-02 10:11:35.280000,11616.56,11560,13011,11565,14831,11555,7211,11550,12881
2020-06-02 10:11:38.330000,11616.56,11560,13011,11565,14831,11555,7211,11550,12881
2020-06-02 10:11:39.300000,11616.56,11555,7211,11560,14011,11550,12881,11545,18281
2020-06-02 10:11:39.600000,11616.56,11560,14011,11565,14831,11550,12881,11545,18281
2020-06-02 10:11:39.860000,11616.56,11560,14011,11565,14831,11550,13881,11545,18281
2020-06-02 10:11:40.330000,11616.56,11560,5710,11565,16282,11555,5341,11550,13881
2020-06-02 10:11:41.110000,11616.56,11560,1000,11565,14282,11555,5341,11550,13881
2020-06-02 10:11:41.420000,11615.65,11560,1994,11565,14282,11555,5341,11550,13881
2020-06-02 10:11:41.920000,11615.65,11560,1194,11565,14282,11555,5341,11550,13881
2020-06-02 10:11:42.390000,11615.65,11560,1194,11565,14282,11555,5341,11550,13881
2020-06-02 10:11:43.130000,11615.65,11560,1194,11565,14282,11555,5341,11550,13881
2020-06-02 10:11:43.200000,11615.65,11560,3694,11565,14282,11555,5341,11550,13881
2020-06-02 10:11:43.530000,11615.65,11560,3694,11565,14282,11555,5341,11550,13881
2020-06-02 10:11:43.800000,11615.65,11560,994,11565,14282,11555,5341,11550,13881
2020-06-02 10:11:44.270000,11615.65,11560,994,11565,14282,11555,5341,11550,13881
2020-06-02 10:11:44.500000,11615.65,11560,994,11565,14282,11555,5341,11550,13881
2020-06-02 10:11:45.190000,11615.65,11560,3694,11565,14282,11555,5341,11550,13881
2020-06-02 10:11:45.220000,11615.65,11560,2794,11565,14282,11555,5341,11550,13881
2020-06-02 10:11:45.390000,11615.65,11560,3694,11565,14282,11555,5341,11550,13881
2020-06-02 10:11:45.730000,11615.65,11560,3694,11565,16282,11555,5341,11550,13881
2020-06-02 10:11:46.230000,11615.65,11560,12554,11565,16282,11555,5341,11550,13881
2020-06-02 10:11:46.590000,11615.65,11560,12560,11565,16282,11555,5341,11550,13881
2020-06-02 10:11:47.800000,11615.65,11560,10550,11565,16282,11555,5341,11550,13881
2020-06-02 10:11:48.560000,11615.65,11560,1000,11565,14282,11555,5341,11550,13881
2020-06-02 10:11:48.780000,11615.65,11560,1000,11565,14282,11555,6106,11550,13881
2020-06-02 10:11:49.120000,11615.65,11565,14282,11570,18858,11555,6341,11550,14823
2020-06-02 10:11:51.090000,11615.65,11565,14282,11570,18858,11555,8396,11550,14823
2020-06-02 10:11:51.330000,11615.65,11565,14282,11570,18858,11555,6341,11550,14823
2020-06-02 10:11:53.290000,11612.76,11565,14282,11570,18858,11555,6341,11550,14823
2020-06-02 10:11:54.640000,11612.76,11565,14532,11570,18858,11555,6341,11550,14823
2020-06-02 10:11:54.840000,11612.76,11565,16532,11570,12130,11555,6341,11550,14823
2020-06-02 10:11:55.180000,11612.76,11560,6850,11565,16532,11555,5341,11550,14823
2020-06-02 10:11:55.730000,11612.76,11560,10550,11565,16532,11550,14823,11545,18281
2020-06-02 10:11:56.200000,11612.76,11560,10550,11565,16532,11550,14823,11545,24572
2020-06-02 10:11:56.900000,11612.76,11560,14011,11565,15081,11550,14823,11545,18281
2020-06-02 10:11:57.090000,11612.76,11560,10550,11565,16532,11550,14823,11545,18281
2020-06-02 10:11:57.780000,11612.76,11560,10550,11565,16532,11555,5341,11550,14823
2020-06-02 10:11:58.010000,11612.76,11560,10550,11565,16532,11555,5341,11550,14823
2020-06-02 10:11:58.790000,11612.76,11560,10550,11565,16532,11555,5341,11550,14823
2020-06-02 10:12:00.430000,11612.76,11560,3700,11565,16532,11555,5341,11550,14823
2020-06-02 10:12:00.530000,11612.76,11560,10550,11565,16532,11555,5341,11550,14823
2020-06-02 10:12:00.850000,11612.76,11560,10549,11565,16532,11555,5341,11550,14823
2020-06-02 10:12:01.400000,11612.76,11560,3699,11565,14532,11555,5341,11550,14823
2020-06-02 10:12:01.880000,11614.4,11560,3699,11565,16532,11555,5341,11550,14823
2020-06-02 10:12:03.520000,11614.4,11560,10549,11565,16532,11555,5341,11550,14823
2020-06-02 10:12:07.700000,11614.4,11560,14067,11565,15081,11555,5341,11550,14823
2020-06-02 10:12:08.290000,11614.4,11560,14067,11565,15081,11550,14823,11545,18281
2020-06-02 10:12:08.510000,11614.4,11560,14067,11565,15081,11550,14823,11545,18281
2020-06-02 10:12:09.320000,11614.4,11555,3700,11560,14067,11550,14823,11545,18281
2020-06-02 10:12:09.790000,11614.4,11555,3700,11560,14067,11550,14823,11545,18281
2020-06-02 10:12:11.230000,11614.4,11555,3700,11560,14067,11550,14823,11545,18281
2020-06-02 10:12:11.600000,11614.4,11555,3700,11560,14067,11550,14823,11545,18281
2020-06-02 10:12:12.190000,11611.25,11555,3700,11560,14067,11550,14823,11545,18281
2020-06-02 10:12:12.400000,11611.25,11555,3700,11560,14067,11550,14823,11545,18281
2020-06-02 10:12:12.800000,11611.25,11555,3200,11560,14067,11550,14823,11545,18281
2020-06-02 10:12:13.470000,11611.25,11555,3200,11560,14067,11550,14823,11545,18281
2020-06-02 10:12:13.720000,11611.25,11555,3195,11560,14067,11550,14823,11545,18281
2020-06-02 10:12:14.020000,11611.25,11555,3195,11560,14067,11550,12482,11545,18281
2020-06-02 10:12:14.400000,11611.25,11555,3195,11560,14067,11550,12492,11545,18281
2020-06-02 10:12:15.240000,11611.25,11555,495,11560,14067,11550,12492,11545,18281
2020-06-02 10:12:15.400000,11611.25,11555,1795,11560,14067,11550,12492,11545,18281
2020-06-02 10:12:16.100000,11611.25,11555,1795,11560,14067,11550,12492,11545,18281
2020-06-02 10:12:16.210000,11611.25,11555,3195,11560,14067,11550,12492,11545,18281
2020-06-02 10:12:16.440000,11611.25,11555,3195,11560,14067,11550,12492,11545,18281
2020-06-02 10:12:16.610000,11611.25,11555,3195,11560,14067,11550,12492,11545,18281
2020-06-02 10:12:16.930000,11611.25,11555,3191,11560,14067,11550,12492,11545,18281
2020-06-02 10:12:17.490000,11611.25,11555,491,11560,14067,11550,12492,11545,18281
2020-06-02 10:12:18.220000,11611.25,11555,991,11560,14067,11550,12492,11545,18281
2020-06-02 10:12:18.490000,11611.25,11555,491,11560,14067,11550,12492,11545,18281
2020-06-02 10:12:19.100000,11611.25,11560,14067,11565,15081,11550,12492,11545,18281
2020-06-02 10:12:19.630000,11611.25,11555,1000,11560,14066,11550,12492,11545,18281
2020-06-02 10:12:20.390000,11611.25,11555,3600,11560,16066,11550,12492,11545,18281
2020-06-02 10:12:20.640000,11611.25,11555,13983,11560,14615,11550,5282,11545,15195
2020-06-02 10:12:22.990000,11610.86,11555,13983,11560,14615,11550,5282,11545,15195
2020-06-02 10:12:25.270000,11610.86,11555,13983,11560,14615,11550,5282,11545,17248
2020-06-02 10:12:25.490000,11610.86,11555,13983,11560,14615,11550,11492,11545,17248
2020-06-02 10:12:25.890000,11610.86,11555,13983,11560,14615,11550,11492,11545,17248
2020-06-02 10:12:26.640000,11610.86,11555,1075,11560,14066,11550,11492,11545,17248
2020-06-02 10:12:27.130000,11610.86,11555,1075,11560,14066,11550,11492,11545,17248
2020-06-02 10:12:27.440000,11610.86,11560,14066,11565,15081,11550,12492,11545,17248
2020-06-02 10:12:29.740000,11610.86,11560,14066,11565,15081,11550,14546,11545,17248
2020-06-02 10:12:30.220000,11610.86,11560,10548,11565,16532,11555,6850,11550,14546
2020-06-02 10:12:31.310000,11610.86,11560,10548,11565,16532,11555,6850,11550,14546
2020-06-02 10:12:31.660000,11610.86,11560,14009,11565,15081,11550,14546,11545,17248
2020-06-02 10:12:33.450000,11612.7,11560,14009,11565,15081,11550,14546,11545,17248
2020-06-02 10:12:33.640000,11612.7,11560,14009,11565,15081,11555,1000,11550,14546
2020-06-02 10:12:34.860000,11612.7,11560,10548,11565,16532,11555,1000,11550,14546
2020-06-02 10:12:35.560000,11612.7,11560,10472,11565,16532,11555,7850,11550,14546
2020-06-02 10:12:35.750000,11612.7,11560,2886,11565,14532,11555,7850,11550,14546
2020-06-02 10:12:35.890000,11612.7,11560,3686,11565,14532,11555,7850,11550,14546
2020-06-02 10:12:36.300000,11612.7,11560,2886,11565,14532,11555,7850,11550,14546
2020-06-02 10:12:36.700000,11612.7,11560,3686,11565,14532,11555,7850,11550,14546
2020-06-02 10:12:37.150000,11612.7,11560,2881,11565,14532,11555,7850,11550,14546
2020-06-02 10:12:37.560000,11612.7,11565,14533,11570,12130,11555,8850,11550,14546
2020-06-02 10:12:37.980000,11612.7,11565,14533,11570,12130,11555,8850,11550,14546
2020-06-02 10:12:39.790000,11612.7,11565,14533,11570,12130,11555,8850,11550,14546
2020-06-02 10:12:40.200000,11612.7,11565,14533,11570,12130,11555,8850,11550,14546
2020-06-02 10:12:40.620000,11612.7,11565,14533,11570,12130,11555,8850,11550,19536
2020-06-02 10:12:41.430000,11612.7,11565,14533,11570,12130,11555,8850,11550,19536
2020-06-02 10:12:42.920000,11613.31,11565,14533,11570,12130,11555,8850,11550,19536
2020-06-02 10:12:43.180000,11613.31,11565,14533,11570,12130,11555,8950,11550,19536
2020-06-02 10:12:45.290000,11613.31,11565,14533,11570,12130,11555,8950,11550,19536
2020-06-02 10:12:46.620000,11613.31,11565,14533,11570,12130,11555,8950,11550,19536
2020-06-02 10:12:47.060000,11613.31,11565,14533,11570,12130,11555,8950,11550,19536
2020-06-02 10:12:47.510000,11613.31,11565,14533,11570,12130,11555,11005,11550,19536
2020-06-02 10:12:47.890000,11613.31,11565,14533,11570,12130,11555,8950,11550,19536
2020-06-02 10:12:49.780000,11613.31,11565,13082,11570,13581,11555,11005,11550,19536
2020-06-02 10:12:50.790000,11613.31,11565,13082,11570,13581,11555,11005,11550,19536
2020-06-02 10:12:51.200000,11613.31,11565,13082,11570,13581,11555,11005,11550,19536
2020-06-02 10:12:51.590000,11613.31,11565,14361,11570,12130,11555,11005,11550,19536
2020-06-02 10:12:52.280000,11614.23,11565,14361,11570,12130,11555,11005,11550,19536
2020-06-02 10:12:52.450000,11614.23,11565,14361,11570,12130,11555,11005,11550,19536
2020-06-02 10:12:53.200000,11614.23,11565,14361,11570,12130,11555,11005,11550,19536
2020-06-02 10:12:53.590000,11614.23,11565,14361,11570,12130,11555,11005,11550,19536
2020-06-02 10:12:53.900000,11614.23,11560,6850,11565,14361,11555,11005,11550,19536
2020-06-02 10:12:55.200000,11614.23,11565,14361,11570,12130,11555,11005,11550,19536
2020-06-02 10:12:55.950000,11614.23,11565,16361,11570,12130,11555,8950,11550,19536
2020-06-02 10:12:57.040000,11614.23,11565,16361,11570,12130,11555,8950,11550,19541
2020-06-02 10:12:57.210000,11614.23,11565,16361,11570,12130,11555,8950,11550,19541
2020-06-02 10:12:57.520000,11614.23,11560,6850,11565,16361,11555,8950,11550,19541
2020-06-02 10:12:59.090000,11614.23,11565,14361,11570,12130,11555,8950,11550,19541
2020-06-02 10:12:59.190000,11614.23,11565,14361,11570,12130,11555,8950,11550,19541
2020-06-02 10:12:59.600000,11614.23,11565,14361,11570,12130,11555,8950,11550,19541
2020-06-02 10:13:01.660000,11614.23,11565,14361,11570,12130,11555,8950,11550,19541
2020-06-02 10:13:01.990000,11615.71,11565,14361,11570,12130,11555,8950,11550,19541
2020-06-02 10:13:02.790000,11615.71,11565,14361,11570,12130,11555,8950,11550,19541
2020-06-02 10:13:02.900000,11615.71,11565,14361,11570,12130,11555,8950,11550,19541
2020-06-02 10:13:03.220000,11615.71,11565,15060,11570,12130,11555,8950,11550,19541
2020-06-02 10:13:03.630000,11615.71,11565,15060,11570,12130,11555,8950,11550,19541
2020-06-02 10:13:04.380000,11615.71,11565,15060,11570,12130,11555,8950,11550,19541
2020-06-02 10:13:04.490000,11615.71,11565,15060,11570,12130,11555,8950,11550,19541
2020-06-02 10:13:04.790000,11615.71,11565,15070,11570,12130,11555,8950,11550,19541
2020-06-02 10:13:05.100000,11615.71,11565,15070,11570,12130,11555,8950,11550,19541
2020-06-02 10:13:05.860000,11615.71,11565,15070,11570,12130,11555,8950,11550,19541
2020-06-02 10:13:08.160000,11615.71,11565,15070,11570,12130,11560,1000,11555,8950
2020-06-02 10:13:08.410000,11615.71,11565,15070,11570,12130,11560,1000,11555,11005
2020-06-02 10:13:08.910000,11615.71,11565,14872,11570,12130,11560,1000,11555,11005
2020-06-02 10:13:09.540000,11615.71,11565,15070,11570,12130,11560,1000,11555,11005
2020-06-02 10:13:09.880000,11615.71,11565,15070,11570,12130,11560,1000,11555,11005
2020-06-02 10:13:10.600000,11615.71,11565,15070,11570,12130,11560,1000,11555,8950
2020-06-02 10:13:10.850000,11615.71,11565,15070,11570,12130,11555,8950,11550,19541
2020-06-02 10:13:11.860000,11614.59,11565,15070,11570,12130,11555,11005,11550,19541
2020-06-02 10:13:12.720000,11614.59,11565,15070,11570,12130,11555,8950,11550,19541
2020-06-02 10:13:12.940000,11614.59,11565,13619,11570,13581,11560,1000,11555,11005
2020-06-02 10:13:14.060000,11614.59,11565,1960,11570,11581,11560,7130,11555,11005
2020-06-02 10:13:14.810000,11614.59,11565,960,11570,13581,11560,7130,11555,11005
2020-06-02 10:13:15.060000,11614.59,11565,958,11570,11581,11560,7130,11555,11005
2020-06-02 10:13:15.810000,11614.59,11565,6918,11570,12130,11560,7130,11555,11005
2020-06-02 10:13:16.050000,11614.59,11565,13768,11570,12130,11560,7130,11555,11005
2020-06-02 10:13:16.310000,11614.59,11565,10309,11570,13581,11560,1000,11555,11005
2020-06-02 10:13:17.360000,11614.59,11565,10309,11570,13581,11560,1000,11555,11005
2020-06-02 10:13:17.530000,11614.59,11565,7809,11570,13581,11560,7130,11555,11005
2020-06-02 10:13:17.780000,11614.59,11570,11581,11575,18684,11565,691,11560,7130
2020-06-02 10:13:18.990000,11614.59,11570,13581,11575,18684,11565,691,11560,7130
2020-06-02 10:13:19.280000,11614.59,11570,13681,11575,18684,11565,691,11560,9186
2020-06-02 10:13:20.020000,11614.59,11570,13581,11575,18684,11565,691,11560,9186
2020-06-02 10:13:20.520000,11614.59,11570,18281,11575,18684,11560,9186,11555,11005
2020-06-02 10:13:21.580000,11614.59,11565,7850,11570,18281,11560,7130,11555,11005
2020-06-02 10:13:21.810000,11614.59,11565,7850,11570,18281,11560,1000,11555,11005
2020-06-02 10:13:22.120000,11621.27,11565,7850,11570,18281,11560,1000,11555,11005
2020-06-02 10:13:22.590000,11621.27,11565,6767,11570,18281,11560,7130,11555,11005
2020-06-02 10:13:23.120000,11621.27,11570,18281,11575,18684,11560,7130,11555,11005
2020-06-02 10:13:24.250000,11621.27,11570,13581,11575,18684,11565,1288,11560,7130
2020-06-02 10:13:25.280000,11621.27,11570,13433,11575,18684,11565,1372,11560,7130
2020-06-02 10:13:25.500000,11621.27,11570,13361,11575,18684,11565,1372,11560,7130
2020-06-02 10:13:25.810000,11621.27,11570,12413,11575,18684,11565,1372,11560,7130
2020-06-02 10:13:26.280000,11621.27,11570,12413,11575,18684,11565,1372,11560,7130
2020-06-02 10:13:26.720000,11621.27,11570,12413,11575,18684,11565,1372,11560,7130
2020-06-02 10:13:27.140000,11621.27,11570,13413,11575,18684,11565,1372,11560,7130
2020-06-02 10:13:27.480000,11621.27,11570,12413,11575,18684,11565,1372,11560,7130
2020-06-02 10:13:27.780000,11621.27,11570,12413,11575,18684,11565,2746,11560,7130
2020-06-02 10:13:28.510000,11621.27,11570,12413,11575,18684,11565,2746,11560,7130
2020-06-02 10:13:28.690000,11621.27,11570,13413,11575,18684,11565,2746,11560,7130
2020-06-02 10:13:29.500000,11621.27,11570,13413,11575,18684,11565,2746,11560,7130
2020-06-02 10:13:29.610000,11621.27,11570,13413,11575,18684,11565,2746,11560,7130
2020-06-02 10:13:30.890000,11621.27,11570,13413,11575,18684,11565,2746,11560,7130
2020-06-02 10:13:31.620000,11621.27,11570,13413,11575,18684,11565,2746,11560,7130
2020-06-02 10:13:31.730000,11621.27,11570,13413,11575,18684,11565,2746,11560,7130
2020-06-02 10:13:32.810000,11624.25,11570,14313,11575,18684,11565,2746,11560,7130
2020-06-02 10:13:33.090000,11624.25,11570,13413,11575,18684,11565,2746,11560,7130
2020-06-02 10:13:34.210000,11624.25,11570,13413,11575,18684,11565,2746,11560,7130
2020-06-02 10:13:34.390000,11624.25,11570,13413,11575,18684,11565,2746,11560,7130
2020-06-02 10:13:34.730000,11624.25,11570,13413,11575,18684,11565,1458,11560,7130
2020-06-02 10:13:35.030000,11624.25,11570,15711,11575,18684,11565,1501,11560,7130
2020-06-02 10:13:35.850000,11624.25,11570,14211,11575,18684,11565,1501,11560,7130
2020-06-02 10:13:36.040000,11624.25,11570,14211,11575,18684,11565,1501,11560,7130
2020-06-02 10:13:37.100000,11624.25,11565,7767,11570,16011,11560,7130,11555,11005
2020-06-02 10:13:38.040000,11624.25,11565,7767,11570,18011,11560,7130,11555,11005
2020-06-02 10:13:38.240000,11624.25,11565,7767,11570,18011,11560,7130,11555,11005
2020-06-02 10:13:38.420000,11624.25,11565,7767,11570,18011,11560,7130,11555,11005
2020-06-02 10:13:39.620000,11624.25,11565,7767,11570,18011,11560,7130,11555,11005
2020-06-02 10:13:40.700000,11624.25,11565,6767,11570,18011,11560,7130,11555,11005
2020-06-02 10:13:41.670000,11624.25,11570,18011,11575,18684,11560,7130,11555,11005
2020-06-02 10:13:41.880000,11624.25,11570,16011,11575,18684,11560,7130,11555,11005
2020-06-02 10:13:43.260000,11624.36,11570,16011,11575,18684,11560,7330,11555,11005
2020-06-02 10:13:44.820000,11624.36,11570,16011,11575,18684,11565,2352,11560,7330
2020-06-02 10:13:44.990000,11624.36,11570,18011,11575,18684,11565,2352,11560,7330
2020-06-02 10:13:45.180000,11624.36,11570,18011,11575,18684,11565,1288,11560,7330
2020-06-02 10:13:45.620000,11624.36,11570,18011,11575,18684,11565,1271,11560,7330
2020-06-02 10:13:48.570000,11624.36,11570,15411,11575,18684,11565,1271,11560,7330
2020-06-02 10:13:48.990000,11624.36,11570,15411,11575,18684,11565,1271,11560,7330
2020-06-02 10:13:50.010000,11624.36,11570,15315,11575,18684,11565,1271,11560,7330
2020-06-02 10:13:50.070000,11624.36,11570,15915,11575,18684,11565,1271,11560,7330
2020-06-02 10:13:50.320000,11624.36,11570,15915,11575,18684,11565,2136,11560,7330
2020-06-02 10:13:51.220000,11624.36,11570,15315,11575,18684,11565,2136,11560,7330
2020-06-02 10:13:54.130000,11623.05,11570,15315,11575,18684,11565,2146,11560,7330
2020-06-02 10:13:54.740000,11623.05,11570,17815,11575,18684,11565,2146,11560,7330
2020-06-02 10:13:54.960000,11623.05,11570,15315,11575,18684,11565,2146,11560,7330
2020-06-02 10:13:55.360000,11623.05,11570,15315,11575,18684,11565,2146,11560,7330
2020-06-02 10:13:57.350000,11623.05,11570,15315,11575,18684,11565,2346,11560,7130
2020-06-02 10:13:57.470000,11623.05,11570,15315,11575,18684,11565,2346,11560,7130
2020-06-02 10:13:59.660000,11623.05,11570,13231,11575,18684,11565,2346,11560,7130
2020-06-02 10:14:00.610000,11623.05,11570,13231,11575,18684,11565,2346,11560,7130
2020-06-02 10:14:02.710000,11623.95,11570,13231,11575,18684,11565,2346,11560,7130
2020-06-02 10:14:03.770000,11623.95,11570,13231,11575,18684,11565,2346,11560,9243
2020-06-02 10:14:04.110000,11623.95,11570,12228,11575,18684,11565,2346,11560,9243
2020-06-02 10:14:04.550000,11623.95,11575,15096,11580,12671,11565,9699,11560,9243
2020-06-02 10:14:05.350000,11623.95,11575,17596,11580,12671,11565,9699,11560,9243
2020-06-02 10:14:05.810000,11623.95,11575,19718,11580,12671,11565,9699,11560,9243
2020-06-02 10:14:06.920000,11623.95,11570,10,11575,19718,11565,9699,11560,9743
2020-06-02 10:14:07.250000,11623.95,11575,17218,11580,12671,11565,9699,11560,9743
2020-06-02 10:14:07.990000,11623.95,11575,19718,11580,12671,11565,9699,11560,9743
2020-06-02 10:14:09.020000,11623.95,11575,17218,11580,12671,11565,9699,11560,9743
2020-06-02 10:14:09.270000,11623.95,11575,19718,11580,12671,11565,9699,11560,9743
2020-06-02 10:14:10.050000,11623.95,11575,17218,11580,12671,11565,9699,11560,9743
2020-06-02 10:14:10.300000,11623.95,11575,17218,11580,12671,11570,1000,11565,9699
2020-06-02 10:14:11.030000,11623.95,11575,17218,11580,12671,11570,1000,11565,9699
2020-06-02 10:14:11.480000,11623.42,11575,17218,11580,12671,11570,1000,11565,11354
2020-06-02 10:14:12.660000,11623.42,11575,17218,11580,12671,11570,904,11565,9699
2020-06-02 10:14:13.000000,11623.42,11575,17218,11580,12671,11570,904,11565,9699
2020-06-02 10:14:13.660000,11623.42,11575,17218,11580,12671,11570,904,11565,8834
2020-06-02 10:14:14.700000,11623.42,11575,17118,11580,12671,11570,904,11565,8834
2020-06-02 10:14:14.920000,11623.42,11575,17118,11580,12671,11570,904,11565,8834
2020-06-02 10:14:15.800000,11623.42,11575,17118,11580,12671,11570,904,11565,8834
2020-06-02 10:14:16.840000,11623.42,11575,17118,11580,12671,11570,1027,11565,10891
2020-06-02 10:14:17.090000,11623.42,11575,17128,11580,12671,11570,1127,11565,10891
2020-06-02 10:14:18.390000,11623.42,11575,15677,11580,14122,11570,1127,11565,10891
2020-06-02 10:14:19.390000,11623.42,11575,15554,11580,14122,11570,1127,11565,10891
2020-06-02 10:14:19.840000,11623.42,11575,16947,11580,12671,11570,2127,11565,10891
2020-06-02 10:14:20.480000,11623.42,11575,16947,11580,12671,11570,2135,11565,8834
2020-06-02 10:14:21.530000,11623.42,11575,18947,11580,12671,11570,2135,11565,8834
2020-06-02 10:14:21.930000,11623.51,11570,5763,11575,19947,11565,8834,11560,7630
2020-06-02 10:14:22.510000,11623.51,11570,9222,11575,18496,11565,2481,11560,7630
2020-06-02 10:14:23.000000,11623.51,11570,9222,11575,21451,11565,2481,11560,7630
2020-06-02 10:14:23.480000,11623.51,11570,9222,11575,21451,11565,2481,11560,9748
2020-06-02 10:14:24.010000,11623.51,11570,9222,11575,21451,11565,2481,11560,9691
2020-06-02 10:14:24.590000,11623.51,11570,7871,11575,22902,11565,2481,11560,9691
2020-06-02 10:14:25.680000,11623.51,11570,7761,11575,22902,11565,8834,11560,9691
2020-06-02 10:14:25.890000,11623.51,11570,6765,11575,22902,11565,8834,11560,9691
2020-06-02 10:14:26.710000,11623.51,11570,6077,11575,22902,11565,8834,11560,9691
2020-06-02 10:14:26.890000,11623.51,11570,6077,11575,23002,11565,8957,11560,9691
2020-06-02 10:14:27.150000,11623.51,11570,4069,11575,23002,11565,8957,11560,9691
2020-06-02 10:14:28.620000,11623.51,11570,4069,11575,23002,11565,8957,11560,9691
2020-06-02 10:14:28.980000,11623.51,11570,4069,11575,23002,11565,8957,11560,9691
2020-06-02 10:14:29.260000,11623.51,11570,4069,11575,23002,11565,8957,11560,9691
2020-06-02 10:14:29.560000,11623.51,11570,4069,11575,23002,11565,8957,11560,9691
2020-06-02 10:14:30.370000,11623.51,11570,10028,11575,21551,11565,8957,11560,9691
2020-06-02 10:14:31.380000,11623.51,11570,6077,11575,23002,11565,8957,11560,9691
2020-06-02 10:14:31.650000,11623.51,11570,7528,11575,21551,11565,8957,11560,9691
2020-06-02 10:14:32.410000,11623.51,11570,6077,11575,23002,11565,8957,11560,9691
2020-06-02 10:14:32.590000,11629.88,11570,6077,11575,23002,11565,8957,11560,9691
2020-06-02 10:14:33.370000,11629.88,11570,6077,11575,23002,11565,8957,11560,9791
2020-06-02 10:14:33.510000,11629.88,11570,2008,11575,23002,11565,8957,11560,9791
2020-06-02 10:14:34.540000,11629.88,11570,5959,11575,21551,11565,8957,11560,9791
2020-06-02 10:14:34.740000,11629.88,11570,5959,11575,21551,11565,8957,11560,9791
2020-06-02 10:14:35.550000,11629.88,11570,12809,11575,21551,11565,2604,11560,9791
2020-06-02 10:14:35.800000,11629.88,11570,10409,11575,21551,11565,2604,11560,9791
2020-06-02 10:14:36.600000,11629.88,11570,10409,11575,21551,11565,2604,11560,9791
2020-06-02 10:14:36.770000,11629.88,11570,10409,11575,21551,11565,2604,11560,9791
2020-06-02 10:14:36.910000,11629.88,11570,10409,11575,21551,11565,2604,11560,9791
2020-06-02 10:14:37.290000,11629.88,11570,10309,11575,21551,11565,8957,11560,9791
2020-06-02 10:14:38.090000,11629.88,11570,10309,11575,21551,11565,8957,11560,9791
2020-06-02 10:14:39.050000,11629.88,11570,8858,11575,23002,11565,8957,11560,9791
2020-06-02 10:14:39.830000,11629.88,11570,10309,11575,21551,11565,8957,11560,9791
2020-06-02 10:14:40.220000,11629.88,11570,8858,11575,23002,11565,8957,11560,9791
2020-06-02 10:14:40.720000,11629.88,11570,8858,11575,23002,11565,8957,11560,9791
2020-06-02 10:14:41.160000,11629.88,11570,8858,11575,23002,11565,8957,11560,9791
2020-06-02 10:14:41.880000,11629.88,11570,6850,11575,23002,11565,8957,11560,9791
2020-06-02 10:14:42.240000,11630.31,11570,6850,11575,23002,11565,9057,11560,9791
2020-06-02 10:14:42.940000,11630.31,11575,23002,11580,12681,11565,9057,11560,9791
2020-06-02 10:14:45.080000,11630.31,11575,25502,11580,12681,11565,9057,11560,9791
2020-06-02 10:14:45.290000,11630.31,11575,23002,11580,12681,11565,9057,11560,9791
2020-06-02 10:14:46.140000,11630.31,11575,24202,11580,12681,11565,9057,11560,9791
2020-06-02 10:14:47.190000,11630.31,11575,25502,11580,12681,11565,9057,11560,9791
2020-06-02 10:14:47.380000,11630.31,11575,23002,11580,12681,11565,9057,11560,9791
2020-06-02 10:14:47.580000,11630.31,11570,12799,11575,24151,11565,9057,11560,9791
2020-06-02 10:14:48.080000,11630.31,11570,12799,11575,24151,11565,9057,11560,9791
2020-06-02 10:14:49.330000,11630.31,11570,12799,11575,24151,11565,9057,11560,9791
2020-06-02 10:14:50.160000,11630.31,11570,12799,11575,24151,11565,9057,11560,9791
2020-06-02 10:14:50.920000,11630.31,11570,12799,11575,24151,11565,9057,11560,9791
2020-06-02 10:14:53.970000,11626.02,11570,12799,11575,24151,11565,9057,11560,9791
2020-06-02 10:14:54.830000,11626.02,11570,12799,11575,24151,11565,2704,11560,9791
2020-06-02 10:14:55.630000,11626.02,11570,15799,11575,24151,11565,1704,11560,9791
2020-06-02 10:14:55.860000,11626.02,11570,13799,11575,24151,11560,7735,11555,10005
2020-06-02 10:14:56.670000,11626.02,11570,15799,11575,24151,11560,7735,11555,10005
2020-06-02 10:14:58.090000,11626.02,11570,15799,11575,24151,11560,12058,11555,10005
2020-06-02 10:14:58.480000,11626.02,11570,15799,11575,24151,11560,12058,11555,10005
2020-06-02 10:15:00.560000,11626.02,11570,13799,11575,24151,11560,12058,11555,10005
2020-06-02 10:15:01.360000,11626.02,11570,13799,11575,24151,11565,6353,11560,14114
2020-06-02 10:15:01.560000,11626.02,11570,13799,11575,24151,11565,6353,11560,14114
2020-06-02 10:15:02.480000,11626.11,11570,13799,11575,24151,11565,6353,11560,14114
2020-06-02 10:15:03.000000,11626.11,11570,13797,11575,24151,11565,6353,11560,14114
2020-06-02 10:15:04.050000,11626.11,11570,13797,11575,24151,11565,6253,11560,14114
2020-06-02 10:15:05.090000,11626.11,11570,13797,11575,24151,11560,14114,11555,10005
2020-06-02 10:15:06.090000,11626.11,11570,13797,11575,24151,11565,4323,11560,9791
2020-06-02 10:15:06.640000,11626.11,11570,13797,11575,24151,11565,10576,11560,9791
2020-06-02 10:15:07.760000,11626.11,11570,13797,11575,24151,11565,10576,11560,9791
2020-06-02 10:15:08.700000,11626.11,11570,13797,11575,24151,11565,4323,11560,9791
2020-06-02 10:15:08.930000,11626.11,11570,15797,11575,24151,11565,4323,11560,7735
2020-06-02 10:15:09.840000,11626.11,11565,658,11570,15797,11560,7735,11555,10005
2020-06-02 10:15:10.070000,11626.11,11565,2600,11570,13797,11560,7735,11555,10005
2020-06-02 10:15:10.870000,11626.11,11565,2600,11570,15797,11560,7735,11555,10005
2020-06-02 10:15:11.180000,11627.01,11565,2100,11570,15797,11560,7735,11555,10005
2020-06-02 10:15:11.870000,11627.01,11565,2600,11570,15797,11560,7735,11555,10005
2020-06-02 10:15:12.250000,11627.01,11565,2600,11570,15797,11560,7735,11555,10005
2020-06-02 10:15:12.680000,11627.01,11565,2610,11570,15797,11560,7735,11555,10005
2020-06-02 10:15:13.480000,11627.01,11565,2610,11570,15797,11560,7735,11555,10005
2020-06-02 10:15:13.680000,11627.01,11565,2600,11570,11789,11560,7735,11555,10005
2020-06-02 10:15:14.500000,11627.01,11570,11789,11575,24151,11565,59,11560,7735
2020-06-02 10:15:14.670000,11627.01,11570,11789,11575,24151,11565,59,11560,9791
2020-06-02 10:15:15.570000,11627.01,11570,11789,11575,24151,11565,6312,11560,9791
2020-06-02 10:15:15.790000,11627.01,11570,13791,11575,24151,11560,7735,11555,10005
2020-06-02 10:15:16.590000,11627.01,11570,15791,11575,24151,11560,7735,11555,10005
2020-06-02 10:15:16.790000,11627.01,11570,13791,11575,24151,11560,7735,11555,7950
2020-06-02 10:15:18.060000,11627.01,11570,13791,11575,24151,11560,7735,11555,10177
2020-06-02 10:15:18.590000,11627.01,11570,13791,11575,24151,11560,7735,11555,10177
2020-06-02 10:15:19.120000,11627.01,11570,13891,11575,24151,11560,7735,11555,10177
2020-06-02 10:15:20.240000,11627.01,11565,2,11570,13891,11560,7735,11555,10177
2020-06-02 10:15:20.450000,11627.01,11565,12,11570,13891,11560,7735,11555,10177
2020-06-02 10:15:21.290000,11627.01,11565,12,11570,13891,11560,7735,11555,10177
2020-06-02 10:15:21.460000,11627.01,11565,12,11570,13891,11560,7735,11555,10177
2020-06-02 10:15:21.710000,11627.01,11565,12,11570,13891,11560,7735,11555,10177
2020-06-02 10:15:22.700000,11623.93,11565,912,11570,13891,11560,7735,11555,10177
2020-06-02 10:15:23.460000,11623.93,11565,1812,11570,13891,11560,7735,11555,10177
2020-06-02 10:15:23.680000,11623.93,11565,2502,11570,13891,11560,7735,11555,10177
2020-06-02 10:15:25.010000,11623.93,11565,1802,11570,13891,11560,7735,11555,10177
2020-06-02 10:15:25.120000,11623.93,11565,902,11570,13891,11560,7735,11555,10177
2020-06-02 10:15:25.620000,11623.93,11570,13891,11575,24151,11565,158,11560,7735
2020-06-02 10:15:26.190000,11623.93,11570,13891,11575,24151,11565,6253,11560,7735
2020-06-02 10:15:28.230000,11623.93,11570,13891,11575,24151,11565,6253,11560,8735
2020-06-02 10:15:28.460000,11623.93,11570,3594,11575,23590,11565,6253,11560,10791
2020-06-02 10:15:29.240000,11623.93,11570,3594,11575,25590,11565,6253,11560,10791
2020-06-02 10:15:30.190000,11623.93,11570,3594,11575,25739,11565,6253,11560,10791
2020-06-02 10:15:30.550000,11623.93,11570,3594,11575,25848,11565,6253,11560,10791
2020-06-02 10:15:31.330000,11623.93,11570,13891,11575,24452,11560,8735,11555,10177
2020-06-02 10:15:31.520000,11623.93,11570,13891,11575,24559,11560,8735,11555,10177
2020-06-02 10:15:31.720000,11623.93,11570,13891,11575,24758,11560,8735,11555,10177
2020-06-02 10:15:32.290000,11622.68,11570,13891,11575,24855,11560,8735,11555,10177
2020-06-02 10:15:32.820000,11622.68,11570,13891,11575,24868,11560,8735,11555,10177
2020-06-02 10:15:33.410000,11622.68,11570,13891,11575,24868,11560,8735,11555,10177
2020-06-02 10:15:33.790000,11622.68,11570,13891,11575,24868,11560,8735,11555,10177
2020-06-02 10:15:36.080000,11622.68,11565,710,11570,15891,11560,8735,11555,10177
2020-06-02 10:15:36.330000,11622.68,11570,13891,11575,24868,11560,8735,11555,10177
2020-06-02 10:15:38.210000,11622.68,11570,15891,11575,24868,11560,8735,11555,10177
2020-06-02 10:15:40.270000,11622.68,11565,710,11570,15891,11560,8735,11555,10177
2020-06-02 10:15:40.500000,11622.68,11565,3010,11570,15891,11560,8735,11555,10177
2020-06-02 10:15:42.720000,11621.48,11565,9777,11570,15891,11560,2605,11555,10177
2020-06-02 10:15:43.190000,11621.48,11565,13282,11570,14452,11555,10177,11550,13551
2020-06-02 10:15:43.720000,11621.48,11565,13282,11570,14452,11555,10177,11550,13551
2020-06-02 10:15:44.390000,11621.48,11565,13282,11570,14452,11555,10177,11550,13551
2020-06-02 10:15:45.520000,11621.48,11565,13278,11570,14452,11555,10177,11550,13551
2020-06-02 10:15:45.720000,11621.48,11565,13278,11570,14452,11560,7130,11555,10177
2020-06-02 10:15:49.300000,11621.48,11565,13572,11570,14452,11560,6130,11555,10177
2020-06-02 10:15:49.800000,11621.48,11565,13572,11570,14452,11560,6130,11555,10177
2020-06-02 10:15:50.760000,11621.48,11565,6805,11570,14452,11560,6130,11555,10177
2020-06-02 10:15:51.010000,11621.48,11565,1000,11570,15891,11560,6130,11555,10177
2020-06-02 10:15:51.840000,11621.48,11565,1000,11570,15891,11560,6130,11555,10177
2020-06-02 10:15:52.220000,11621.76,11565,1000,11570,15891,11560,6030,11555,10177
2020-06-02 10:15:52.690000,11621.76,11570,13891,11575,24868,11560,7030,11555,10177
2020-06-02 10:15:53.250000,11621.76,11570,13891,11575,24868,11560,9086,11555,10177
2020-06-02 10:15:54.190000,11621.76,11570,12452,11575,26307,11560,9086,11555,16468
2020-06-02 10:15:55.330000,11621.76,11570,13891,11575,24868,11560,9086,11555,10177
2020-06-02 10:15:59.200000,11621.76,11570,13891,11575,24868,11560,9036,11555,10177
2020-06-02 10:15:59.400000,11621.76,11570,13891,11575,24868,11560,9036,11555,10177
2020-06-02 10:15:59.730000,11621.76,11570,13891,11575,24868,11560,9036,11555,10177
2020-06-02 10:16:00.150000,11621.76,11570,13891,11575,24868,11560,6980,11555,10177
2020-06-02 10:16:00.600000,11621.76,11570,13891,11575,24868,11560,6980,11555,10177
2020-06-02 10:16:01.320000,11621.76,11570,13891,11575,22868,11560,7080,11555,10177
2020-06-02 10:16:02.420000,11620.92,11570,14391,11575,22868,11560,7080,11555,10177
2020-06-02 10:16:02.640000,11620.92,11570,14391,11575,22868,11560,7080,11555,10177
2020-06-02 10:16:02.930000,11620.92,11570,14391,11575,22868,11560,7080,11555,10177
2020-06-02 10:16:03.430000,11620.92,11570,14391,11575,22868,11560,7080,11555,10177
2020-06-02 10:16:03.810000,11620.92,11570,14391,11575,22868,11560,7080,11555,10177
2020-06-02 10:16:05.030000,11620.92,11570,14391,11575,22868,11560,7080,11555,10177
2020-06-02 10:16:05.310000,11620.92,11570,14391,11575,22868,11560,7080,11555,10177
2020-06-02 10:16:06.350000,11620.92,11565,7767,11570,16391,11560,2757,11555,10177
2020-06-02 10:16:07.040000,11620.92,11565,10267,11570,16391,11560,2757,11555,10177
2020-06-02 10:16:09.210000,11620.92,11565,7767,11570,16391,11560,2757,11555,10177
2020-06-02 10:16:09.380000,11620.92,11565,10267,11570,16391,11560,2757,11555,10177
2020-06-02 10:16:10.230000,11620.92,11565,10267,11570,16391,11560,1100,11555,10177
2020-06-02 10:16:10.490000,11620.92,11565,13772,11570,14952,11560,100,11555,10177
2020-06-02 10:16:11.290000,11620.92,11565,13772,11570,14952,11560,100,11555,10177
2020-06-02 10:16:12.340000,11621.72,11565,13772,11570,14952,11560,100,11555,10177
2020-06-02 10:16:12.590000,11621.72,11565,13772,11570,14952,11560,100,11555,10177
2020-06-02 10:16:13.380000,11621.72,11565,13772,11570,14952,11560,100,11555,7950
2020-06-02 10:16:13.630000,11621.72,11565,13772,11570,14952,11560,100,11555,7950
2020-06-02 10:16:14.550000,11621.72,11565,13772,11570,14952,11560,100,11555,7950
2020-06-02 10:16:15.400000,11621.72,11565,13772,11570,14952,11555,7950,11550,14041
2020-06-02 10:16:15.540000,11621.72,11565,13772,11570,14952,11555,7950,11550,14041
2020-06-02 10:16:16.540000,11621.72,11565,15772,11570,14952,11555,7950,11550,14051
2020-06-02 10:16:17.600000,11621.72,11560,3449,11565,14333,11555,100,11550,14051
2020-06-02 10:16:17.880000,11621.72,11560,12799,11565,14333,11555,100,11550,14051
2020-06-02 10:16:18.520000,11621.72,11560,12799,11565,14333,11555,100,11550,14051
2020-06-02 10:16:19.130000,11621.72,11560,13291,11565,14333,11555,100,11550,14051
2020-06-02 10:16:20.180000,11621.72,11560,9842,11565,15772,11555,100,11550,14051
2020-06-02 10:16:21.270000,11621.72,11560,9842,11565,15772,11555,100,11550,14051
2020-06-02 10:16:21.490000,11621.72,11560,9842,11565,15772,11555,100,11550,14051
2020-06-02 10:16:22.320000,11617.85,11560,11852,11565,15772,11555,100,11550,14051
2020-06-02 10:16:22.740000,11617.85,11560,9842,11565,15772,11555,6950,11550,14051
2020-06-02 10:16:23.320000,11617.85,11560,2992,11565,15772,11555,6950,11550,14051
2020-06-02 10:16:24.430000,11617.85,11565,13772,11570,15052,11555,7950,11550,14051
2020-06-02 10:16:24.660000,11617.85,11565,13772,11570,17052,11555,7950,11550,14051
2020-06-02 10:16:25.640000,11617.85,11565,13772,11570,17052,11555,7950,11550,14051
2020-06-02 10:16:26.500000,11617.85,11565,13772,11570,17052,11555,7937,11550,14051
2020-06-02 10:16:26.920000,11617.85,11565,13772,11570,17052,11555,7937,11550,14051
2020-06-02 10:16:27.460000,11617.85,11565,13772,11570,17052,11555,7937,11550,14051
2020-06-02 10:16:28.580000,11617.85,11565,13772,11570,17052,11555,9992,11550,14051
2020-06-02 10:16:28.810000,11617.85,11565,13772,11570,17052,11555,9992,11550,14051
2020-06-02 10:16:29.600000,11617.85,11565,13772,11570,17052,11555,9992,11550,14051
2020-06-02 10:16:30.660000,11617.85,11565,13772,11570,17052,11555,9992,11550,14051
2020-06-02 10:16:30.800000,11617.85,11565,13772,11570,17052,11555,7247,11550,14051
2020-06-02 10:16:31.190000,11617.85,11565,13772,11570,17052,11555,5192,11550,14051
2020-06-02 10:16:31.600000,11617.85,11565,13872,11570,17052,11555,5192,11550,14051
2020-06-02 10:16:32.160000,11618.97,11565,13872,11570,17052,11555,5192,11550,14051
2020-06-02 10:16:33.340000,11618.97,11565,13872,11570,17052,11555,5192,11550,14051
2020-06-02 10:16:34.340000,11618.97,11565,13872,11570,17052,11555,5192,11550,14051
2020-06-02 10:16:34.520000,11618.97,11565,13872,11570,17052,11555,5192,11550,14051
2020-06-02 10:16:35.420000,11618.97,11565,13872,11570,17052,11555,5192,11550,14051
2020-06-02 10:16:35.640000,11618.97,11565,13872,11570,17052,11555,4378,11550,14051
2020-06-02 10:16:36.480000,11618.97,11565,13872,11570,17052,11555,3363,11550,14051
2020-06-02 10:16:36.640000,11618.97,11565,13872,11570,17052,11555,2363,11550,14051
2020-06-02 10:16:38.560000,11618.97,11565,13872,11570,17052,11555,2363,11550,14051
2020-06-02 10:16:38.760000,11618.97,11565,15872,11570,17052,11555,2363,11550,14051
2020-06-02 10:16:39.510000,11618.97,11565,15872,11570,17052,11555,6850,11550,14051
2020-06-02 10:16:39.690000,11618.97,11565,15872,11570,17052,11550,14051,11545,22581
2020-06-02 10:16:40.390000,11618.97,11565,15872,11570,17052,11550,14051,11545,22581
2020-06-02 10:16:42.170000,11619.42,11565,15872,11570,18052,11550,14051,11545,22581
2020-06-02 10:16:42.340000,11619.42,11565,15872,11570,18052,11550,15051,11545,22581
2020-06-02 10:16:43.200000,11619.42,11560,535,11565,15872,11550,15051,11545,22581
2020-06-02 10:16:43.340000,11619.42,11560,9885,11565,15872,11555,1000,11550,15051
2020-06-02 10:16:45.360000,11619.42,11560,9885,11565,15872,11555,1000,11550,15051
2020-06-02 10:16:46.640000,11619.42,11560,7385,11565,13872,11555,7850,11550,15051
2020-06-02 10:16:47.450000,11619.42,11560,535,11565,13872,11555,7850,11550,15051
2020-06-02 10:16:47.590000,11619.42,11560,535,11565,13872,11555,7850,11550,15051
2020-06-02 10:16:49.840000,11619.42,11560,535,11565,13872,11555,7850,11550,15051
2020-06-02 10:16:50.650000,11619.42,11560,535,11565,13872,11555,7850,11550,15051
2020-06-02 10:16:50.930000,11619.42,11560,535,11565,13872,11555,7850,11550,15051
2020-06-02 10:16:51.710000,11619.42,11560,535,11565,13872,11555,7850,11550,15051
2020-06-02 10:16:52.060000,11615.25,11560,535,11565,13872,11555,7850,11550,15051
2020-06-02 10:16:52.480000,11615.25,11560,535,11565,13872,11555,8715,11550,15051
2020-06-02 10:16:53.200000,11615.25,11560,535,11565,13872,11555,8715,11550,15051
2020-06-02 10:16:53.380000,11615.25,11560,535,11565,13872,11555,8715,11550,15051
2020-06-02 10:16:54.260000,11615.25,11560,535,11565,13872,11555,8715,11550,15051
2020-06-02 10:16:54.700000,11615.25,11560,535,11565,13872,11555,8715,11550,15051
2020-06-02 10:16:55.230000,11615.25,11560,535,11565,13872,11555,8715,11550,15051
2020-06-02 10:16:55.590000,11615.25,11560,9885,11565,15872,11555,8715,11550,15051
2020-06-02 10:16:56.310000,11615.25,11560,9885,11565,15872,11555,16385,11550,15051
2020-06-02 10:16:57.880000,11615.25,11560,9885,11565,15872,11555,9535,11550,15051
2020-06-02 10:16:58.380000,11615.25,11560,13334,11565,14433,11555,9535,11550,15051
2020-06-02 10:16:59.660000,11615.25,11560,13334,11565,14433,11555,9535,11550,15051
2020-06-02 10:17:00.540000,11615.25,11560,13334,11565,14433,11555,9535,11550,15051
2020-06-02 10:17:00.760000,11615.25,11560,13334,11565,14433,11555,9535,11550,15051
2020-06-02 10:17:00.990000,11615.25,11560,9885,11565,15872,11555,9535,11550,15051
2020-06-02 10:17:01.590000,11615.25,11560,7385,11565,15872,11555,9535,11550,15051
2020-06-02 10:17:03.940000,11615.37,11560,7385,11565,15872,11555,9535,11550,15051
2020-06-02 10:17:05.190000,11615.37,11560,7385,11565,16872,11555,9535,11550,15051
2020-06-02 10:17:06.430000,11615.37,11560,7385,11565,14872,11555,16385,11550,15051
2020-06-02 10:17:07.410000,11615.37,11560,7385,11565,14872,11555,16385,11550,15051
2020-06-02 10:17:07.520000,11615.37,11560,535,11565,14872,11555,16385,11550,15051
2020-06-02 10:17:07.910000,11615.37,11565,14872,11570,17052,11560,182,11555,16385
2020-06-02 10:17:08.400000,11615.37,11565,14872,11570,17061,11560,182,11555,16385
2020-06-02 10:17:09.650000,11615.37,11565,12372,11570,17061,11560,182,11555,16385
2020-06-02 10:17:10.050000,11615.37,11565,12372,11570,17061,11560,182,11555,16385
2020-06-02 10:17:11.990000,11616.79,11565,14872,11570,17061,11560,182,11555,16385
2020-06-02 10:17:12.490000,11616.79,11565,8867,11570,18500,11560,182,11555,18440
2020-06-02 10:17:13.130000,11616.79,11565,8867,11570,18500,11560,7032,11555,18440
2020-06-02 10:17:16.520000,11616.79,11565,2100,11570,16500,11560,7062,11555,18440
2020-06-02 10:17:16.810000,11616.79,11565,2100,11570,16500,11560,7062,11555,18440
2020-06-02 10:17:17.250000,11616.79,11565,2100,11570,16500,11560,7062,11555,18470
2020-06-02 10:17:18.210000,11616.79,11565,2100,11570,16500,11560,8062,11555,18470
2020-06-02 10:17:18.990000,11616.79,11565,2100,11570,16500,11560,8062,11555,18470
2020-06-02 10:17:19.160000,11616.79,11565,2100,11570,16500,11560,8062,11555,18470
2020-06-02 10:17:20.060000,11616.79,11565,8867,11570,16500,11560,8062,11555,18470
2020-06-02 10:17:20.240000,11616.79,11565,8867,11570,16500,11560,8062,11555,18470
2020-06-02 10:17:21.360000,11616.79,11565,8867,11570,18500,11560,1212,11555,18470
2020-06-02 10:17:22.250000,11617.57,11565,8867,11570,18500,11560,1212,11555,18470
2020-06-02 10:17:25.520000,11617.57,11565,8867,11570,18500,11560,1212,11555,10800
2020-06-02 10:17:26.280000,11617.57,11565,9667,11570,18500,11560,1212,11555,10800
2020-06-02 10:17:26.500000,11617.57,11565,11367,11570,18500,11560,212,11555,10800
2020-06-02 10:17:27.310000,11617.57,11565,14815,11570,17061,11560,212,11555,10800
2020-06-02 10:17:27.550000,11617.57,11565,14815,11570,17061,11560,30,11555,10800
2020-06-02 10:17:28.420000,11617.57,11565,14815,11570,17061,11560,30,11555,10800
2020-06-02 10:17:29.500000,11617.57,11565,14815,11570,17061,11560,30,11555,10800
2020-06-02 10:17:30.390000,11617.57,11565,14815,11570,17061,11560,30,11555,10800
2020-06-02 10:17:30.530000,11617.57,11565,12676,11570,18500,11560,30,11555,10800
2020-06-02 10:17:31.360000,11616.66,11565,11676,11570,18500,11560,30,11555,10800
2020-06-02 10:17:32.510000,11616.66,11565,16715,11570,17061,11560,30,11555,10800
2020-06-02 10:17:33.950000,11616.66,11565,15276,11570,18500,11560,30,11555,10800
2020-06-02 10:17:34.150000,11616.66,11565,16715,11570,17061,11560,30,11555,10800
2020-06-02 10:17:36.120000,11616.66,11565,16715,11570,17071,11560,30,11555,10800
2020-06-02 10:17:39.150000,11616.66,11565,16715,11570,17071,11555,10800,11550,15081
2020-06-02 10:17:39.640000,11616.66,11560,6850,11565,18715,11555,1895,11550,15081
2020-06-02 10:17:40.060000,11616.66,11560,6850,11565,18715,11555,1895,11550,15081
2020-06-02 10:17:40.760000,11616.66,11560,6925,11565,18715,11555,1895,11550,15081
2020-06-02 10:17:41.200000,11616.66,11560,9325,11565,18715,11555,1895,11550,15081
2020-06-02 10:17:42.320000,11615.98,11560,9325,11565,18715,11555,1895,11550,15081
2020-06-02 10:17:42.590000,11615.98,11560,12774,11565,17276,11555,1895,11550,15081
2020-06-02 10:17:43.450000,11615.98,11560,13774,11565,17276,11555,895,11550,15081
2020-06-02 10:17:43.670000,11615.98,11560,13774,11565,17276,11555,895,11550,15081
2020-06-02 10:17:44.540000,11615.98,11560,13774,11565,17276,11555,915,11550,15081
2020-06-02 10:17:44.790000,11615.98,11560,10325,11565,18715,11555,915,11550,15081
2020-06-02 10:17:46.540000,11615.98,11560,10325,11565,18715,11555,7765,11550,15081
2020-06-02 10:17:46.820000,11615.98,11560,1075,11565,16715,11555,7765,11550,15081
2020-06-02 10:17:47.740000,11615.98,11560,3475,11565,16715,11555,7765,11550,15081
2020-06-02 10:17:48.060000,11615.98,11560,1075,11565,16715,11555,8765,11550,15081
2020-06-02 10:17:48.600000,11615.98,11560,75,11565,16715,11555,8765,11550,15081
2020-06-02 10:17:49.760000,11615.98,11560,160,11565,16715,11555,8765,11550,15081
2020-06-02 10:17:49.990000,11615.98,11560,160,11565,16715,11555,8765,11550,15081
2020-06-02 10:17:50.710000,11615.98,11560,160,11565,16715,11555,8765,11550,15081
2020-06-02 10:17:52.820000,11614.94,11560,160,11565,16715,11555,8665,11550,15081
2020-06-02 10:17:53.720000,11614.94,11560,2460,11565,16715,11555,8665,11550,15081
2020-06-02 10:17:54.430000,11614.94,11560,2460,11565,16715,11555,8665,11550,15081
2020-06-02 10:17:54.790000,11614.94,11560,2460,11565,16715,11555,8665,11550,15081
2020-06-02 10:17:55.470000,11614.94,11560,2460,11565,16715,11555,8665,11550,15081
2020-06-02 10:17:55.930000,11614.94,11560,160,11565,16815,11555,8665,11550,15081
2020-06-02 10:17:56.320000,11614.94,11560,160,11565,16815,11555,8665,11550,15081
2020-06-02 10:17:58.190000,11614.94,11560,180,11565,16815,11555,8665,11550,15081
2020-06-02 10:17:58.460000,11614.94,11560,2480,11565,16815,11555,8665,11550,15081
2020-06-02 10:18:00.320000,11614.94,11560,2480,11565,16815,11555,8665,11550,15081
2020-06-02 10:18:00.490000,11614.94,11560,2480,11565,16815,11555,8665,11550,15081
2020-06-02 10:18:01.380000,11614.94,11560,180,11565,16815,11555,8665,11550,15081
2020-06-02 10:18:01.690000,11614.94,11560,2480,11565,16815,11555,8665,11550,15081
2020-06-02 10:18:02.280000,11615.55,11560,180,11565,16815,11555,8665,11550,15081
2020-06-02 10:18:02.830000,11615.55,11560,180,11565,16815,11555,8665,11550,15081
2020-06-02 10:18:03.220000,11615.55,11560,2480,11565,16815,11555,8665,11550,15081
2020-06-02 10:18:04.320000,11615.55,11560,180,11565,16815,11555,8665,11550,15081
2020-06-02 10:18:05.050000,11615.55,11560,180,11565,16815,11555,8616,11550,15081
2020-06-02 10:18:05.320000,11615.55,11560,180,11565,16815,11555,8616,11550,15081
2020-06-02 10:18:06.060000,11615.55,11560,180,11565,16815,11555,8616,11550,15081
2020-06-02 10:18:06.310000,11615.55,11560,180,11565,16815,11555,8616,11550,15081
2020-06-02 10:18:07.100000,11615.55,11560,180,11565,16815,11555,8616,11550,15081
2020-06-02 10:18:07.490000,11615.55,11560,180,11565,16815,11555,8616,11550,15081
2020-06-02 10:18:08.390000,11615.55,11560,180,11565,16815,11555,8626,11550,15081
2020-06-02 10:18:08.750000,11615.55,11560,180,11565,16815,11555,8626,11550,15081
2020-06-02 10:18:09.860000,11615.55,11560,180,11565,16815,11555,8626,11550,15081
2020-06-02 10:18:10.060000,11615.55,11560,180,11565,16815,11555,8626,11550,15081
2020-06-02 10:18:11.250000,11616.64,11560,180,11565,16815,11555,8626,11550,15081
2020-06-02 10:18:11.780000,11616.64,11560,180,11565,16815,11555,8626,11550,15081
2020-06-02 10:18:12.390000,11616.64,11560,180,11565,16815,11555,10681,11550,15081
2020-06-02 10:18:13.390000,11616.64,11560,180,11565,16815,11555,10681,11550,15081
2020-06-02 10:18:13.610000,11616.64,11565,13776,11570,18610,11560,6850,11555,10681
2020-06-02 10:18:14.080000,11616.64,11565,10967,11570,18610,11560,6850,11555,10681
2020-06-02 10:18:15.060000,11616.64,11565,10967,11570,18610,11560,6850,11555,10681
2020-06-02 10:18:16.510000,11616.64,11565,10967,11570,18610,11560,6850,11555,10681
2020-06-02 10:18:16.950000,11616.64,11565,16715,11570,17171,11555,10681,11550,15081
2020-06-02 10:18:17.300000,11616.64,11565,16715,11570,17171,11555,10681,11550,15081
2020-06-02 10:18:18.720000,11616.64,11565,16715,11570,17171,11555,10674,11550,15081
2020-06-02 10:18:19.190000,11616.64,11565,16715,11570,17171,11555,10674,11550,15081
2020-06-02 10:18:19.750000,11616.64,11565,16715,11570,17171,11560,436,11555,10674
2020-06-02 10:18:20.090000,11616.64,11565,16715,11570,17171,11560,436,11555,10674
2020-06-02 10:18:21.250000,11616.64,11565,10967,11570,18610,11560,436,11555,10674
2020-06-02 10:18:21.390000,11616.64,11565,16715,11570,17171,11560,436,11555,10674
2020-06-02 10:18:23.000000,11614.84,11565,12976,11570,18610,11560,436,11555,10674
2020-06-02 10:18:23.230000,11614.84,11565,10967,11570,18610,11560,436,11555,10674
2020-06-02 10:18:23.920000,11614.84,11565,13167,11570,18610,11560,436,11555,10674
2020-06-02 10:18:24.980000,11614.84,11565,13167,11570,18610,11560,436,11555,10674
2020-06-02 10:18:25.040000,11614.84,11565,16615,11570,17171,11560,436,11555,10674
2020-06-02 10:18:25.750000,11614.84,11565,16615,11570,17171,11555,10674,11550,15081
2020-06-02 10:18:26.480000,11614.84,11565,16615,11570,17171,11555,10674,11550,15081
2020-06-02 10:18:26.980000,11614.84,11565,16645,11570,17171,11555,8619,11550,15081
2020-06-02 10:18:29.090000,11614.84,11565,16645,11570,17171,11555,8619,11550,15081
2020-06-02 10:18:29.590000,11614.84,11565,16645,11570,17171,11555,10674,11550,15081
2020-06-02 10:18:29.890000,11614.84,11565,14445,11570,17171,11555,10674,11550,15081
2020-06-02 10:18:32.700000,11618.45,11560,1028,11565,14445,11555,10674,11550,15081
2020-06-02 10:18:32.950000,11618.45,11565,10997,11570,18610,11560,725,11555,10674
2020-06-02 10:18:33.180000,11618.45,11565,10997,11570,18610,11560,725,11555,10674
2020-06-02 10:18:33.560000,11618.45,11565,10997,11570,18610,11555,10674,11550,21372
2020-06-02 10:18:34.260000,11618.45,11565,12297,11570,18610,11555,10674,11550,21372
2020-06-02 10:18:34.370000,11618.45,11565,10997,11570,18610,11555,10674,11550,21372
2020-06-02 10:18:35.200000,11618.45,11565,13297,11570,18610,11555,10674,11550,21372
2020-06-02 10:18:35.820000,11618.45,11565,13497,11570,18610,11555,10674,11550,21372
2020-06-02 10:18:35.910000,11618.45,11565,13497,11570,18610,11555,10675,11550,21372
2020-06-02 10:18:36.960000,11618.45,11565,13497,11570,18610,11555,10675,11550,21372
2020-06-02 10:18:37.230000,11618.45,11565,11897,11570,18610,11555,10675,11550,21372
2020-06-02 10:18:37.990000,11618.45,11565,11197,11570,18610,11560,6850,11555,10675
2020-06-02 10:18:38.240000,11618.45,11565,11197,11570,18610,11560,7050,11555,10675
2020-06-02 10:18:38.990000,11618.45,11565,11197,11570,18610,11560,7050,11555,10675
2020-06-02 10:18:39.100000,11618.45,11565,11197,11570,18610,11560,7050,11555,10675
2020-06-02 10:18:43.720000,11617.55,11565,13497,11570,18610,11560,200,11555,10675
2020-06-02 10:18:43.970000,11617.55,11565,13497,11570,18610,11555,10675,11550,15081
2020-06-02 10:18:44.830000,11617.55,11565,13497,11570,18610,11555,10675,11550,15081
2020-06-02 10:18:45.820000,11617.55,11565,13497,11570,18610,11555,10675,11550,15181
2020-06-02 10:18:46.260000,11617.55,11565,16945,11570,17171,11555,8620,11550,15181
2020-06-02 10:18:46.690000,11617.55,11565,16945,11570,17201,11555,8620,11550,15181
2020-06-02 10:18:47.970000,11617.55,11560,6850,11565,18945,11555,8620,11550,15181
2020-06-02 10:18:48.130000,11617.55,11560,9250,11565,18945,11555,1770,11550,15181
2020-06-02 10:18:48.790000,11617.55,11560,10250,11565,18945,11555,770,11550,15181
2020-06-02 10:18:49.680000,11617.55,11560,10244,11565,18945,11555,770,11550,15181
2020-06-02 10:18:49.990000,11617.55,11560,10244,11565,18945,11555,770,11550,15181
2020-06-02 10:18:51.750000,11617.55,11560,7844,11565,18945,11555,770,11550,15181
2020-06-02 10:18:52.640000,11617.51,11560,10144,11565,18945,11555,770,11550,15181
2020-06-02 10:18:53.600000,11617.51,11560,10144,11565,18945,11555,7620,11550,15181
2020-06-02 10:18:53.890000,11617.51,11560,1000,11565,16945,11555,7620,11550,15181
2020-06-02 10:18:54.830000,11617.51,11560,3300,11565,16945,11555,7620,11550,15181
2020-06-02 10:18:55.300000,11617.51,11560,1000,11565,16945,11555,7620,11550,15181
2020-06-02 10:18:56.220000,11617.51,11560,3300,11565,16945,11555,7620,11550,15181
2020-06-02 10:18:58.030000,11617.51,11560,3300,11565,16945,11555,7619,11550,15181
2020-06-02 10:18:58.340000,11617.51,11560,3300,11565,16945,11555,7619,11550,15181
2020-06-02 10:18:59.720000,11617.51,11560,3300,11565,16945,11555,7619,11550,15191
2020-06-02 10:19:00.630000,11617.51,11560,3300,11565,16945,11555,7619,11550,15191
2020-06-02 10:19:00.880000,11617.51,11560,3300,11565,18945,11555,7719,11550,15191
2020-06-02 10:19:01.690000,11617.51,11560,3300,11565,16945,11555,7719,11550,15191
2020-06-02 10:19:01.890000,11617.51,11560,3300,11565,16945,11555,7719,11550,15191
2020-06-02 10:19:02.730000,11616.52,11560,3300,11565,16945,11555,7719,11550,15191
2020-06-02 10:19:03.250000,11616.52,11560,3300,11565,16945,11555,7719,11550,15191
2020-06-02 10:19:04.280000,11616.52,11560,3800,11565,16945,11555,7719,11550,15191
2020-06-02 10:19:04.470000,11616.52,11560,3800,11565,16945,11555,8719,11550,15191
2020-06-02 10:19:04.830000,11616.52,11560,1500,11565,16945,11555,8719,11550,15191
2020-06-02 10:19:05.300000,11616.52,11560,1500,11565,16945,11555,8719,11550,15191
2020-06-02 10:19:06.370000,11616.52,11560,3800,11565,16945,11555,8719,11550,15191
2020-06-02 10:19:06.580000,11616.52,11560,500,11565,16945,11555,8010,11550,15191
2020-06-02 10:19:06.860000,11616.52,11560,2800,11565,16945,11555,8010,11550,15191
2020-06-02 10:19:09.420000,11616.52,11560,500,11565,16945,11555,8010,11550,15196
2020-06-02 10:19:09.760000,11616.52,11560,2200,11565,16945,11555,8010,11550,15196
2020-06-02 10:19:10.500000,11616.52,11560,500,11565,16945,11555,8010,11550,15196
2020-06-02 10:19:10.610000,11616.52,11560,500,11565,16945,11555,8010,11550,15196
2020-06-02 10:19:10.970000,11616.52,11560,2800,11565,16945,11555,8010,11550,15196
2020-06-02 10:19:11.980000,11616.6,11560,2800,11565,16945,11555,8010,11550,15196
2020-06-02 10:19:12.390000,11616.6,11560,500,11565,16945,11555,8010,11550,15196
2020-06-02 10:19:13.110000,11616.6,11560,496,11565,16945,11555,8010,11550,15196
2020-06-02 10:19:13.420000,11616.6,11560,496,11565,16945,11555,8010,11550,15196
2020-06-02 10:19:14.210000,11616.6,11560,496,11565,15506,11555,8010,11550,15196
2020-06-02 10:19:14.450000,11616.6,11560,496,11565,16945,11555,8010,11550,15196
2020-06-02 10:19:15.250000,11616.6,11560,496,11565,16945,11555,8010,11550,15196
2020-06-02 10:19:15.450000,11616.6,11560,496,11565,16945,11555,8010,11550,15196
2020-06-02 10:19:15.650000,11616.6,11560,496,11565,16945,11555,8010,11550,15196
2020-06-02 10:19:15.980000,11616.6,11560,2696,11565,16945,11555,8010,11550,15196
2020-06-02 10:19:16.750000,11616.6,11560,2696,11565,16945,11555,8010,11550,15196
2020-06-02 10:19:16.920000,11616.6,11560,2696,11565,16945,11555,8010,11550,15196
2020-06-02 10:19:19.230000,11616.6,11560,2696,11565,16945,11555,8010,11550,15196
2020-06-02 10:19:19.980000,11616.6,11560,2696,11565,16945,11555,8010,11550,15196
2020-06-02 10:19:20.120000,11616.6,11560,2696,11565,16945,11555,8010,11550,15196
2020-06-02 10:19:20.380000,11616.6,11560,2696,11565,16945,11555,8010,11550,15196
2020-06-02 10:19:20.790000,11616.6,11560,491,11565,16945,11555,8010,11550,15196
2020-06-02 10:19:21.620000,11616.6,11560,491,11565,13497,11555,8010,11550,15196
2020-06-02 10:19:21.790000,11614.25,11560,491,11565,13497,11555,8010,11550,15196
2020-06-02 10:19:22.090000,11614.25,11560,491,11565,16945,11555,8010,11550,15196
2020-06-02 10:19:22.620000,11614.25,11560,491,11565,13497,11555,8010,11550,15196
2020-06-02 10:19:22.880000,11614.25,11560,491,11565,15506,11555,8500,11550,14706
2020-06-02 10:19:26.240000,11614.25,11560,491,11565,13497,11555,10555,11550,20997
2020-06-02 10:19:26.590000,11614.25,11565,11197,11570,18140,11560,6850,11555,10555
2020-06-02 10:19:29.380000,11614.25,11565,11197,11570,18140,11560,6850,11555,10555
2020-06-02 10:19:29.520000,11614.25,11565,11197,11570,18140,11560,6850,11555,10555
2020-06-02 10:19:29.590000,11614.25,11565,11197,11570,18140,11560,6850,11555,10555
2020-06-02 10:19:30.510000,11614.25,11565,11197,11570,18140,11560,6850,11555,10555
2020-06-02 10:19:30.730000,11614.25,11565,11197,11570,18140,11560,6850,11555,10555
2020-06-02 10:19:31.580000,11614.25,11565,11197,11570,18240,11560,6850,11555,10555
2020-06-02 10:19:32.630000,11619.14,11565,11197,11570,18240,11555,10555,11550,20997
2020-06-02 10:19:33.010000,11619.14,11565,12697,11570,18240,11555,10555,11550,20997
2020-06-02 10:19:34.010000,11619.14,11565,11197,11570,18240,11560,10,11555,10555
2020-06-02 10:19:34.180000,11619.14,11565,11197,11570,18240,11560,6860,11555,10555
2020-06-02 10:19:35.130000,11619.14,11565,11197,11570,16240,11560,6860,11555,10555
2020-06-02 10:19:36.190000,11619.14,11565,11197,11570,16240,11560,6860,11555,10555
2020-06-02 10:19:37.210000,11619.14,11565,11197,11570,16240,11560,6860,11555,10555
2020-06-02 10:19:37.690000,11619.14,11565,11197,11570,16240,11560,6860,11555,10555
2020-06-02 10:19:38.210000,11619.14,11565,11197,11570,16240,11560,6860,11555,10555
2020-06-02 10:19:38.320000,11619.14,11565,11197,11570,16240,11560,6860,11555,10555
2020-06-02 10:19:38.710000,11619.14,11565,4430,11570,16240,11560,6860,11555,10555
2020-06-02 10:19:39.190000,11619.14,11565,4430,11570,16240,11560,6860,11555,10555
2020-06-02 10:19:40.330000,11619.14,11565,4430,11570,16240,11560,6857,11555,10555
2020-06-02 10:19:40.580000,11619.14,11565,4430,11570,16240,11560,6857,11555,10555
2020-06-02 10:19:41.520000,11618.59,11565,11197,11570,16240,11560,6857,11555,10565
2020-06-02 10:19:41.910000,11618.59,11565,11197,11570,16240,11560,6860,11555,10565
2020-06-02 10:19:42.410000,11618.59,11565,11197,11570,16240,11560,6860,11555,10565
2020-06-02 10:19:42.890000,11618.59,11565,11197,11570,16240,11560,6860,11555,10565
2020-06-02 10:19:43.580000,11618.59,11565,11197,11570,16240,11560,6860,11555,10565
2020-06-02 10:19:43.990000,11618.59,11565,11197,11570,18240,11560,6860,11555,10565
2020-06-02 10:19:44.660000,11618.59,11565,11197,11570,18240,11560,10,11555,10565
2020-06-02 10:19:44.910000,11618.59,11565,13397,11570,18240,11560,10,11555,10565
2020-06-02 10:19:46.580000,11618.59,11565,13397,11570,18240,11560,10,11555,10565
2020-06-02 10:19:49.690000,11618.59,11565,13397,11570,18240,11560,10,11555,10565
2020-06-02 10:19:50.020000,11618.59,11565,16845,11570,16801,11555,10565,11550,14716
2020-06-02 10:19:51.160000,11618.59,11565,13397,11570,18240,11555,10565,11550,21007
2020-06-02 10:19:51.750000,11618.26,11565,13397,11570,18240,11555,10565,11550,21007
2020-06-02 10:19:52.300000,11618.26,11565,11197,11570,18240,11560,1000,11555,10565
2020-06-02 10:19:52.810000,11618.26,11565,13497,11570,21240,11560,1000,11555,10565
2020-06-02 10:19:53.310000,11618.26,11565,13497,11570,21240,11560,1000,11555,10565
2020-06-02 10:19:53.800000,11618.26,11565,13497,11570,18240,11560,1000,11555,10565
2020-06-02 10:19:54.890000,11618.26,11565,11197,11570,18240,11560,1000,11555,10565
2020-06-02 10:19:55.030000,11618.26,11565,11197,11570,18240,11560,1000,11555,10565
2020-06-02 10:19:55.190000,11618.26,11565,13397,11570,18240,11560,1000,11555,10565
2020-06-02 10:19:56.030000,11618.26,11565,13397,11570,18240,11555,10565,11550,21007
2020-06-02 10:19:57.200000,11618.26,11565,13397,11570,18240,11555,10565,11550,21007
2020-06-02 10:19:58.250000,11618.26,11565,13397,11570,21240,11555,10565,11550,14716
2020-06-02 10:19:58.480000,11618.26,11565,13397,11570,21240,11555,10565,11550,14716
2020-06-02 10:19:59.650000,11618.26,11565,16845,11570,19801,11555,8510,11550,14716
2020-06-02 10:19:59.830000,11618.26,11565,16845,11570,19801,11555,8510,11550,14716
2020-06-02 10:20:00.620000,11618.26,11565,16845,11570,19801,11555,8510,11550,14716
2020-06-02 10:20:00.830000,11618.26,11565,16845,11570,19801,11555,8510,11550,14716
2020-06-02 10:20:01.750000,11618.26,11565,16845,11570,19801,11555,8510,11550,14716
2020-06-02 10:20:01.920000,11615.38,11560,6844,11565,18845,11555,1660,11550,14716
2020-06-02 10:20:02.280000,11615.38,11560,9144,11565,18845,11555,1660,11550,14716
2020-06-02 10:20:02.680000,11615.38,11560,9560,11565,18845,11555,1660,11550,14716
2020-06-02 10:20:03.790000,11615.38,11560,9558,11565,18845,11555,1660,11550,14716
2020-06-02 10:20:04.120000,11615.38,11560,9558,11565,18845,11555,1660,11550,14716
2020-06-02 10:20:04.850000,11615.38,11560,9558,11565,18845,11555,8510,11550,14716
2020-06-02 10:20:05.750000,11615.38,11560,9558,11565,18845,11555,8510,11550,14716
2020-06-02 10:20:06.500000,11615.38,11560,9558,11565,18845,11555,8510,11550,14716
2020-06-02 10:20:06.780000,11615.38,11560,9558,11565,18845,11555,8510,11550,14716
2020-06-02 10:20:07.450000,11615.38,11560,9558,11565,18845,11555,8510,11550,14716
2020-06-02 10:20:07.590000,11615.38,11560,9558,11565,18845,11555,8510,11550,14716
2020-06-02 10:20:07.950000,11615.38,11560,9558,11565,18845,11555,8510,11550,14716
2020-06-02 10:20:08.390000,11615.38,11560,9558,11565,18845,11555,8510,11550,14716
2020-06-02 10:20:09.030000,11615.38,11560,9558,11565,18845,11555,8510,11550,14716
2020-06-02 10:20:09.170000,11615.38,11560,9558,11565,18845,11555,8510,11550,14716
2020-06-02 10:20:09.480000,11615.38,11560,9558,11565,18845,11555,1660,11550,14716
2020-06-02 10:20:09.880000,11615.38,11560,9558,11565,18845,11555,1660,11550,19716
2020-06-02 10:20:13.790000,11613.23,11560,9558,11565,18845,11555,1660,11550,24716
2020-06-02 10:20:15.450000,11613.23,11560,9558,11565,18845,11555,1660,11550,24716
2020-06-02 10:20:15.850000,11613.23,11560,9558,11565,18845,11555,1660,11550,24716
2020-06-02 10:20:16.460000,11613.23,11560,416,11565,18845,11555,13510,11550,24716
2020-06-02 10:20:16.600000,11613.23,11560,2200,11565,16845,11555,13510,11550,24716
2020-06-02 10:20:16.900000,11613.23,11565,15406,11570,18240,11555,15565,11550,31007
2020-06-02 10:20:17.290000,11613.23,11565,11197,11570,18240,11560,6850,11555,15565
2020-06-02 10:20:17.690000,11613.23,11565,11197,11570,18240,11555,15565,11550,31007
2020-06-02 10:20:18.490000,11613.23,11565,11197,11570,18240,11555,15565,11550,31007
2020-06-02 10:20:18.820000,11613.23,11565,11197,11570,18240,11555,15565,11550,31007
2020-06-02 10:20:19.190000,11613.23,11565,11197,11570,18240,11555,15565,11550,31007
2020-06-02 10:20:19.770000,11613.23,11565,11197,11570,18240,11555,15565,11550,31007
2020-06-02 10:20:20.120000,11613.23,11565,11197,11570,18240,11555,15565,11550,31007
2020-06-02 10:20:21.270000,11613.23,11565,11197,11570,18240,11560,7850,11555,15565
2020-06-02 10:20:21.520000,11615.1,11565,11197,11570,18240,11560,7850,11555,15565
2020-06-02 10:20:22.320000,11615.1,11565,11197,11570,18240,11560,7850,11555,15565
2020-06-02 10:20:22.490000,11615.1,11565,11197,11570,18240,11560,7850,11555,15565
2020-06-02 10:20:22.900000,11615.1,11565,11197,11570,18240,11560,7850,11555,15565
2020-06-02 10:20:23.330000,11615.1,11565,11197,11570,18240,11560,7850,11555,15565
2020-06-02 10:20:23.490000,11615.1,11565,11197,11570,18240,11560,7850,11555,15565
2020-06-02 10:20:23.830000,11615.1,11565,13497,11570,18240,11560,7850,11555,15565
2020-06-02 10:20:24.220000,11615.1,11565,11197,11570,16240,11560,7850,11555,15565
2020-06-02 10:20:25.000000,11615.1,11565,11197,11570,16240,11560,7850,11555,15565
2020-06-02 10:20:25.130000,11615.1,11565,11197,11570,18240,11560,7850,11555,15565
2020-06-02 10:20:26.050000,11615.1,11565,11197,11570,18240,11560,7850,11555,15565
2020-06-02 10:20:26.580000,11615.1,11565,11197,11570,18240,11560,7850,11555,15565
2020-06-02 10:20:28.690000,11615.1,11565,11197,11570,18240,11560,948,11555,15565
2020-06-02 10:20:29.630000,11615.1,11565,13397,11570,18240,11560,948,11555,15565
2020-06-02 10:20:30.020000,11615.1,11565,13397,11570,18240,11555,15565,11550,31007
2020-06-02 10:20:31.220000,11615.1,11565,11197,11570,18240,11555,15565,11550,31007
2020-06-02 10:20:31.710000,11615.1,11565,11197,11570,18240,11555,15565,11550,31007
2020-06-02 10:20:32.190000,11614.12,11560,1352,11565,13197,11555,15565,11550,31007
2020-06-02 10:20:32.600000,11614.12,11560,1352,11565,13197,11555,15565,11550,26007
2020-06-02 10:20:33.630000,11614.12,11560,1352,11565,13197,11555,15565,11550,26007
2020-06-02 10:20:34.280000,11614.12,11560,3652,11565,16645,11555,15565,11550,19716
2020-06-02 10:20:34.450000,11614.12,11560,1352,11565,16645,11555,15565,11550,19716
2020-06-02 10:20:34.890000,11614.12,11560,1352,11565,16645,11555,15565,11550,19716
2020-06-02 10:20:35.390000,11614.12,11560,1352,11565,15206,11555,15565,11550,19716
2020-06-02 10:20:36.490000,11614.12,11560,1352,11565,13197,11555,15565,11550,26007
2020-06-02 10:20:36.690000,11614.12,11560,1352,11565,13197,11555,15565,11550,19716
2020-06-02 10:20:37.090000,11614.12,11560,3652,11565,16645,11555,15565,11550,19716
2020-06-02 10:20:38.190000,11614.12,11560,1352,11565,16645,11555,15565,11550,19716
2020-06-02 10:20:39.060000,11614.12,11560,1352,11565,16645,11555,15565,11550,19716
2020-06-02 10:20:39.130000,11614.12,11560,1352,11565,16645,11555,13510,11550,19716
2020-06-02 10:20:40.020000,11614.12,11560,2752,11565,16645,11555,13510,11550,19716
2020-06-02 10:20:40.230000,11614.12,11560,3652,11565,16645,11555,13510,11550,19716
2020-06-02 10:20:40.550000,11614.12,11560,10494,11565,18645,11555,6660,11550,19716
2020-06-02 10:20:43.810000,11616.32,11560,11494,11565,18645,11555,6660,11550,19716
2020-06-02 10:20:44.800000,11616.32,11560,11494,11565,18645,11555,6660,11550,19716
2020-06-02 10:20:45.280000,11616.32,11560,11494,11565,18645,11555,6660,11550,19716
2020-06-02 10:20:45.720000,11616.32,11560,11494,11565,18645,11555,6660,11550,19716
2020-06-02 10:20:46.090000,11616.32,11560,11494,11565,21645,11555,6660,11550,19716
2020-06-02 10:20:46.940000,11616.32,11560,14943,11565,20206,11555,6660,11550,17662
2020-06-02 10:20:47.170000,11616.32,11560,14943,11565,20206,11555,5660,11550,17662
2020-06-02 10:20:47.390000,11616.32,11560,14943,11565,20206,11555,5660,11550,17662
2020-06-02 10:20:47.890000,11616.32,11560,14943,11565,20206,11555,5660,11550,17662
2020-06-02 10:20:48.360000,11616.32,11560,14943,11565,20206,11555,5660,11550,17662
2020-06-02 10:20:48.720000,11616.32,11560,14943,11565,20206,11555,5660,11550,17662
2020-06-02 10:20:49.920000,11616.32,11555,1000,11560,16943,11550,17662,11545,16310
2020-06-02 10:20:51.090000,11616.32,11555,2300,11560,16943,11550,17662,11545,16310
2020-06-02 10:20:51.280000,11616.32,11555,9146,11560,16943,11550,11452,11545,16310
2020-06-02 10:20:52.590000,11613.44,11555,9146,11560,16943,11550,17662,11545,16310
2020-06-02 10:20:53.140000,11613.44,11555,12596,11560,15504,11550,17662,11545,16310
2020-06-02 10:20:53.640000,11613.44,11555,7846,11560,16943,11550,17662,11545,16310
2020-06-02 10:20:54.000000,11613.44,11555,1000,11560,14943,11550,17662,11545,16310
2020-06-02 10:20:54.810000,11613.44,11555,2200,11560,16943,11550,17662,11545,16310
2020-06-02 10:20:55.870000,11613.44,11555,2300,11560,16943,11550,17662,11545,16310
2020-06-02 10:20:56.070000,11613.44,11555,2300,11560,16943,11550,17662,11545,16310
2020-06-02 10:20:56.820000,11613.44,11555,1000,11560,14943,11550,17662,11545,16310
2020-06-02 10:20:56.990000,11613.44,11560,14943,11565,20206,11550,17662,11545,16310
2020-06-02 10:20:57.170000,11613.44,11560,14943,11565,20206,11550,17662,11545,16310
2020-06-02 10:20:59.710000,11613.44,11555,1000,11560,14943,11550,17662,11545,16310
2020-06-02 10:21:00.510000,11613.44,11555,1000,11560,14943,11550,17662,11545,16310
2020-06-02 10:21:00.620000,11613.44,11560,14943,11565,20206,11550,17662,11545,16310
2020-06-02 10:21:01.540000,11613.44,11560,14943,11565,20206,11550,17662,11545,16310
2020-06-02 10:21:01.790000,11613.44,11560,12933,11565,20206,11550,18232,11545,16310
2020-06-02 10:21:02.590000,11613.3,11560,14943,11565,17206,11555,1,11550,18232
2020-06-02 10:21:03.020000,11613.3,11560,14943,11565,20206,11555,1,11550,18232
2020-06-02 10:21:04.520000,11613.3,11560,14943,11565,17206,11555,1,11550,18232
2020-06-02 10:21:05.700000,11613.3,11560,14943,11565,20206,11555,1,11550,18232
2020-06-02 10:21:07.510000,11613.3,11560,14943,11565,17206,11555,1,11550,18232
2020-06-02 10:21:08.430000,11613.3,11560,14943,11565,17206,11555,6851,11550,18232
2020-06-02 10:21:08.660000,11613.3,11560,14943,11565,20206,11555,1001,11550,18232
2020-06-02 10:21:10.910000,11613.3,11560,14943,11565,20206,11555,1001,11550,18232
2020-06-02 10:21:11.400000,11613.3,11560,14943,11565,20206,11555,1001,11550,18232
2020-06-02 10:21:13.080000,11614.5,11560,14943,11565,20206,11555,1001,11550,18232
2020-06-02 10:21:15.140000,11614.5,11560,14943,11565,20206,11555,1001,11550,18232
2020-06-02 10:21:16.240000,11614.5,11560,14943,11565,20206,11555,1001,11550,18232
2020-06-02 10:21:16.600000,11614.5,11560,14943,11565,20206,11555,1001,11550,18232
2020-06-02 10:21:17.300000,11614.5,11560,14943,11565,20206,11555,1001,11550,18232
2020-06-02 10:21:19.410000,11614.5,11560,14943,11565,17206,11555,1001,11550,18232
2020-06-02 10:21:19.490000,11614.5,11560,14943,11565,17206,11555,1001,11550,17662
2020-06-02 10:21:19.780000,11614.5,11560,14943,11565,17206,11555,912,11550,17662
2020-06-02 10:21:20.440000,11614.5,11560,14943,11565,17206,11555,912,11550,17662
2020-06-02 10:21:20.580000,11614.5,11560,14943,11565,17206,11555,912,11550,17662
2020-06-02 10:21:20.960000,11614.5,11560,14943,11565,17206,11555,912,11550,17662
2020-06-02 10:21:21.390000,11614.5,11560,14943,11565,17206,11555,912,11550,17662
2020-06-02 10:21:21.780000,11612.73,11555,800,11560,14943,11550,17662,11545,16310
2020-06-02 10:21:22.520000,11612.73,11555,2000,11560,14943,11550,17662,11545,16310
2020-06-02 10:21:22.610000,11612.73,11555,2000,11560,14943,11550,17662,11545,16310
2020-06-02 10:21:22.750000,11612.73,11555,2000,11560,14943,11550,17662,11545,16310
2020-06-02 10:21:23.080000,11612.73,11555,2000,11560,14943,11550,17662,11545,16310
2020-06-02 10:21:23.390000,11612.73,11555,2000,11560,14943,11550,17662,11545,16310
2020-06-02 10:21:24.100000,11612.73,11555,2000,11560,14943,11550,17662,11545,16310
2020-06-02 10:21:24.770000,11612.73,11555,2300,11560,14943,11550,17662,11545,16310
2020-06-02 10:21:25.190000,11612.73,11555,2000,11560,17943,11550,17662,11545,16310
2020-06-02 10:21:25.750000,11612.73,11555,1300,11560,17943,11550,17657,11545,16310
2020-06-02 10:21:25.950000,11612.73,11560,17943,11565,20206,11550,17657,11545,16310
2020-06-02 10:21:26.280000,11612.73,11555,88,11560,17943,11550,17657,11545,16310
2020-06-02 10:21:26.690000,11612.73,11555,88,11560,17943,11550,17657,11545,16310
2020-06-02 10:21:27.190000,11612.73,11555,88,11560,17943,11550,17657,11545,16310
2020-06-02 10:21:27.890000,11612.73,11555,88,11560,17943,11550,17457,11545,16310
2020-06-02 10:21:28.090000,11612.73,11555,6934,11560,19943,11550,17457,11545,16310
2020-06-02 10:21:28.860000,11612.73,11555,6934,11560,19943,11550,17457,11545,16310
2020-06-02 10:21:28.970000,11612.73,11555,6934,11560,19943,11550,17457,11545,16310
2020-06-02 10:21:29.970000,11612.73,11555,88,11560,17943,11550,17457,11545,16310
2020-06-02 10:21:30.140000,11612.73,11560,17943,11565,20206,11550,17457,11545,16310
2020-06-02 10:21:30.280000,11612.73,11555,5,11560,17943,11550,17457,11545,16310
2020-06-02 10:21:30.950000,11612.73,11555,5,11560,17943,11550,17457,11545,16310
2020-06-02 10:21:31.090000,11612.73,11555,1405,11560,17943,11550,17457,11545,16310
2020-06-02 10:21:31.390000,11609.75,11555,1405,11560,17943,11550,17457,11545,16310
2020-06-02 10:21:31.830000,11609.75,11555,9151,11560,19943,11550,17457,11545,16310
2020-06-02 10:21:32.550000,11609.75,11555,9151,11560,19943,11550,17457,11545,16310
2020-06-02 10:21:32.610000,11609.75,11555,9151,11560,19943,11550,17457,11545,16310
2020-06-02 10:21:32.720000,11609.75,11555,9151,11560,19943,11550,17457,11545,16310
2020-06-02 10:21:34.590000,11609.75,11555,9151,11560,19943,11550,17457,11545,16310
2020-06-02 10:21:34.980000,11609.75,11555,9151,11560,19943,11550,17457,11545,16310
2020-06-02 10:21:35.720000,11609.75,11555,11701,11560,18504,11550,17457,11545,16310
2020-06-02 10:21:35.980000,11609.75,11555,11701,11560,18504,11550,17457,11545,16310
2020-06-02 10:21:36.790000,11609.75,11555,11701,11560,18504,11550,17457,11545,16310
2020-06-02 10:21:37.290000,11609.75,11555,11701,11560,18504,11550,17457,11545,16310
2020-06-02 10:21:37.620000,11609.75,11555,11701,11560,18504,11550,17457,11545,16310
2020-06-02 10:21:38.230000,11609.75,11555,5,11560,19943,11550,17457,11545,16310
2020-06-02 10:21:38.340000,11609.75,11555,5,11560,19943,11550,17457,11545,16310
2020-06-02 10:21:38.590000,11609.75,11555,5,11560,19943,11550,17457,11545,16310
2020-06-02 10:21:39.310000,11609.75,11555,5,11560,19943,11550,17457,11545,16310
2020-06-02 10:21:39.530000,11609.75,11555,5,11560,19943,11550,17457,11545,16310
2020-06-02 10:21:40.430000,11609.75,11555,5,11560,19943,11550,17457,11545,16310
2020-06-02 10:21:40.540000,11609.75,11555,6851,11560,19943,11550,17457,11545,16310
2020-06-02 10:21:41.530000,11609.75,11555,6851,11560,19943,11550,17457,11545,16310
2020-06-02 10:21:41.920000,11609.43,11555,6851,11560,19943,11550,17457,11545,16310
2020-06-02 10:21:43.210000,11609.43,11555,6851,11560,19943,11550,17457,11545,16310
2020-06-02 10:21:44.090000,11609.43,11555,5,11560,17943,11550,17457,11545,16310
2020-06-02 10:21:44.260000,11609.43,11555,5,11560,17943,11550,17457,11545,16310
2020-06-02 10:21:45.100000,11609.43,11555,5,11560,17943,11550,17457,11545,16310
2020-06-02 10:21:45.280000,11609.43,11555,5,11560,17943,11550,17457,11545,16310
2020-06-02 10:21:45.820000,11609.43,11555,5,11560,17943,11550,17457,11545,16310
2020-06-02 10:21:46.390000,11609.43,11555,5,11560,19943,11550,17457,11545,16310
2020-06-02 10:21:46.620000,11609.43,11555,1405,11560,19943,11550,17457,11545,16310
2020-06-02 10:21:47.090000,11609.43,11555,9151,11560,19943,11550,17457,11545,16310
2020-06-02 10:21:48.680000,11609.43,11555,6851,11560,19943,11550,17457,11545,16310
2020-06-02 10:21:49.920000,11609.43,11555,6851,11560,19943,11550,17457,11545,16310
2020-06-02 10:21:50.340000,11609.43,11555,11601,11560,18504,11550,17457,11545,16310
2020-06-02 10:21:51.590000,11609.43,11555,11601,11560,18504,11550,17457,11545,16310
2020-06-02 10:21:51.880000,11607.94,11555,11601,11560,18504,11550,17457,11545,16310
2020-06-02 10:21:52.310000,11607.94,11555,11601,11560,18504,11550,17457,11545,16310
2020-06-02 10:21:52.650000,11607.94,11555,14601,11560,18504,11550,11247,11545,13225
2020-06-02 10:21:53.400000,11607.94,11555,15789,11560,18504,11550,10247,11545,13225
2020-06-02 10:21:53.590000,11607.94,11555,15789,11560,18504,11550,9371,11545,13225
2020-06-02 10:21:54.430000,11607.94,11555,15789,11560,17152,11550,9371,11545,13225
2020-06-02 10:21:55.790000,11607.94,11555,15689,11560,17152,11550,9371,11545,13225
2020-06-02 10:21:56.600000,11607.94,11555,14689,11560,17152,11550,9371,11545,13225
2020-06-02 10:21:57.520000,11607.94,11555,17789,11560,17152,11550,9371,11545,13225
2020-06-02 10:21:57.660000,11607.94,11555,17789,11560,17152,11545,13225,11540,15266
2020-06-02 10:21:57.880000,11607.94,11555,17789,11560,17152,11545,13225,11540,15266
