time,nav,sell1,sell1_cnt,sell2,sell2_cnt,buy1,buy1_cnt,buy2,buy2_cnt
2020-06-11 09:35:12.74,0.0,11965,1968,11970,10159,11960,6836,11955,7527
2020-06-11 09:35:14.29,0.0,11965,1968,11970,9559,11960,6836,11955,7527
2020-06-11 09:35:15.83,0.0,11965,1968,11970,9559,11960,6836,11955,9560
2020-06-11 09:35:18.19,0.0,11965,1555,11970,9859,11960,6836,11955,9560
2020-06-11 09:35:19.10,0.0,11965,1555,11970,9859,11960,6836,11955,9560
2020-06-11 09:35:44.29,0.0,11970,12430,11975,10464,11965,10,11960,12846
2020-06-11 09:35:45.10,0.0,11970,12430,11975,10464,11960,12846,11955,7537
2020-06-11 09:35:46.60,0.0,11970,12440,11975,10464,11960,12846,11955,7537
2020-06-11 09:35:47.40,0.0,11970,12446,11975,10464,11960,12846,11955,7537
2020-06-11 09:35:50.29,0.0,11970,12446,11975,10464,11960,12846,11955,7537
2020-06-11 09:35:51.10,12127.2,11965,6318,11970,12446,11960,12846,11955,7537
2020-06-11 09:35:54.69,12127.2,11965,6318,11970,12446,11960,12836,11955,7537
2020-06-11 09:35:55.39,12127.2,11965,8339,11970,12446,11960,12836,11955,7537
2020-06-11 09:35:56.10,12127.2,11965,6318,11970,12446,11960,12836,11955,7537
2020-06-11 09:35:56.60,12127.2,11965,6318,11970,12446,11960,12837,11955,7537
2020-06-11 09:35:57.19,12127.2,11965,6318,11970,12446,11960,12837,11955,7537
2020-06-11 09:35:57.79,12127.2,11970,10429,11975,10464,11960,12837,11955,9570
2020-06-11 09:35:58.49,12127.2,11975,7393,11980,7656,11960,14874,11955,9570
2020-06-11 09:35:59.29,12127.2,11975,7393,11980,7656,11970,1,11960,14874
2020-06-11 09:35:59.99,12127.2,11975,8393,11980,7656,11970,6737,11965,6750
2020-06-11 09:36:00.60,12127.2,11975,8393,11980,9839,11970,6737,11965,6750
2020-06-11 09:36:01.19,12127.2,11975,8393,11980,9839,11970,6737,11965,6751
2020-06-11 09:36:01.99,12126.24,11975,2134,11980,9839,11970,6737,11965,8792
2020-06-11 09:36:02.69,12126.24,11975,2133,11980,9839,11970,6737,11965,8792
2020-06-11 09:36:03.40,12126.24,11975,8392,11980,9839,11970,6737,11965,6751
2020-06-11 09:36:04.29,12126.24,11975,8392,11980,9839,11970,6737,11965,6751
2020-06-11 09:36:04.99,12126.24,11975,2133,11980,9839,11970,6737,11965,6751
2020-06-11 09:36:05.69,12126.24,11975,2133,11980,9839,11970,6737,11965,8792
2020-06-11 09:36:06.40,12126.24,11975,2133,11980,9839,11970,6848,11965,8792
2020-06-11 09:36:10.85,12126.24,11975,2146,11980,9839,11965,8792,11960,14788
2020-06-11 09:36:11.22,12127.31,11975,666,11980,9839,11965,8792,11960,14788
2020-06-11 09:36:12.08,12127.31,11980,7656,11985,19152,11970,2045,11965,8792
2020-06-11 09:36:12.88,12127.31,11980,8656,11985,19152,11970,6750,11965,8792
2020-06-11 09:36:13.72,12127.31,11980,8656,11985,19152,11970,7750,11965,8792
2020-06-11 09:36:14.60,12127.31,11980,8656,11985,19152,11970,7750,11965,8792
2020-06-11 09:36:15.43,12127.31,11975,25,11980,8656,11970,7950,11965,8792
2020-06-11 09:36:16.29,12127.31,11975,25,11980,8656,11970,3950,11965,8792
2020-06-11 09:36:18.28,12127.31,11975,6284,11980,10665,11970,3950,11965,8791
2020-06-11 09:36:18.93,12127.31,11975,6284,11980,10665,11970,3950,11965,8791
2020-06-11 09:36:19.58,12127.31,11975,6284,11980,10665,11970,3950,11965,8793
2020-06-11 09:36:20.10,12127.31,11975,25,11980,10665,11970,3950,11965,8793
2020-06-11 09:36:20.72,12127.31,11975,25,11980,10665,11970,3950,11965,8793
2020-06-11 09:36:22.19,12129.72,11975,8375,11980,10665,11970,3950,11965,8793
2020-06-11 09:36:22.86,12129.72,11975,8318,11980,8656,11970,3950,11965,8793
2020-06-11 09:36:25.30,12129.72,11975,7901,11980,8656,11970,5995,11965,8793
2020-06-11 09:36:25.99,12129.72,11975,7901,11980,8656,11970,5995,11965,8793
2020-06-11 09:36:26.63,12129.72,11975,7901,11980,8656,11970,5995,11965,8793
2020-06-11 09:36:27.86,12129.72,11975,7901,11980,8656,11970,5995,11965,8793
2020-06-11 09:36:28.50,12129.72,11975,7901,11980,8656,11970,5995,11965,8793
2020-06-11 09:36:29.25,12129.72,11975,7901,11980,8656,11970,3950,11965,8793
2020-06-11 09:36:30.08,12129.72,11975,14160,11980,10665,11970,1200,11965,6752
2020-06-11 09:36:41.29,12126.89,11970,6991,11975,17369,11965,552,11960,13100
2020-06-11 09:36:41.97,12126.89,11970,6991,11975,17369,11965,552,11960,13100
2020-06-11 09:36:42.69,12126.89,11970,6991,11975,17369,11965,552,11960,13100
2020-06-11 09:36:43.43,12126.89,11970,6991,11975,17369,11965,552,11960,13100
2020-06-11 09:36:44.10,12126.89,11970,6991,11975,17369,11965,562,11960,13100
2020-06-11 09:36:46.49,12126.89,11970,6991,11975,17369,11965,562,11960,15137
2020-06-11 09:36:47.93,12126.89,11970,9008,11975,17369,11960,13100,11955,8410
2020-06-11 09:36:50.19,12126.89,11970,9008,11975,17369,11960,13100,11955,8410
2020-06-11 09:36:50.36,12126.89,11970,9008,11975,17369,11960,13200,11955,8310
2020-06-11 09:36:51.00,12128.2,11970,6991,11975,17369,11960,13200,11955,8310
2020-06-11 09:36:51.79,12128.2,11970,6991,11975,17369,11960,13100,11955,8410
2020-06-11 09:36:52.39,12128.2,11970,6991,11975,17369,11965,1000,11960,15137
2020-06-11 09:36:53.36,12128.2,11970,1000,11975,17369,11965,7750,11960,15137
2020-06-11 09:36:54.35,12128.2,11970,1000,11975,17369,11965,7750,11960,15137
2020-06-11 09:36:55.19,12128.2,11970,6991,11975,17369,11965,1000,11960,15137
2020-06-11 09:36:56.02,12128.2,11970,6991,11975,17369,11965,7750,11960,15137
2020-06-11 09:36:56.79,12128.2,11970,1000,11975,17369,11965,7750,11960,15137
2020-06-11 09:36:58.30,12128.2,11970,577,11975,17369,11965,7750,11960,15137
2020-06-11 09:36:59.05,12128.2,11970,6568,11975,17369,11965,7750,11960,15137
2020-06-11 09:36:59.71,12128.2,11970,6598,11975,17369,11965,7750,11960,15137
2020-06-11 09:37:02.64,12127.03,11975,17369,11980,10665,11970,393,11965,7750
2020-06-11 09:37:03.47,12127.03,11970,1000,11975,15356,11965,7750,11960,15137
2020-06-11 09:37:04.35,12127.03,11970,1100,11975,15356,11965,7750,11960,15137
2020-06-11 09:37:05.29,12127.03,11970,7091,11975,17369,11965,1000,11960,15137
2020-06-11 09:37:06.00,12127.03,11970,7091,11975,17369,11965,1000,11960,13090
2020-06-11 09:37:07.30,12127.03,11970,7091,11975,17369,11965,1020,11960,13090
2020-06-11 09:37:08.08,12127.03,11970,7091,11975,17369,11965,1020,11960,13090
2020-06-11 09:37:08.90,12127.03,11970,7091,11975,17369,11965,1020,11960,13090
2020-06-11 09:37:10.52,12127.03,11965,6730,11970,9108,11960,13090,11955,8410
2020-06-11 09:37:11.22,12127.03,11965,6730,11970,9108,11960,6340,11955,8410
2020-06-11 09:37:13.10,12127.11,11970,7101,11975,15356,11960,13090,11955,8410
2020-06-11 09:37:13.69,12127.11,11965,20,11970,7101,11960,13090,11955,8410
2020-06-11 09:37:32.52,0.0,11965,1000,11970,9087,11960,6240,11955,8410
2020-06-11 09:37:33.33,0.0,11970,9087,11975,17379,11960,12990,11955,8410
2020-06-11 09:37:34.11,0.0,11970,9117,11975,17379,11960,12990,11955,8410
2020-06-11 09:37:35.00,0.0,11970,9117,11975,17379,11960,12990,11955,8410
2020-06-11 09:37:36.38,0.0,11970,9117,11975,17379,11960,12990,11955,8400
2020-06-11 09:37:37.04,0.0,11970,9117,11975,17379,11960,13040,11955,8400
2020-06-11 09:37:37.71,0.0,11970,9175,11975,17379,11960,13040,11955,8400
2020-06-11 09:37:38.32,0.0,11970,9230,11975,17379,11960,13040,11955,8400
2020-06-11 09:37:38.91,0.0,11970,9230,11975,17379,11960,13040,11955,8400
2020-06-11 09:37:40.21,0.0,11970,9230,11975,17379,11960,13060,11955,8400
2020-06-11 09:37:41.50,12124.69,11970,9230,11975,17379,11960,13060,11955,8400
2020-06-11 09:37:42.71,12124.69,11970,9230,11975,17379,11960,13040,11955,8400
2020-06-11 09:37:43.94,12124.69,11970,9230,11975,17379,11960,13040,11955,8400
2020-06-11 09:37:44.60,12124.69,11970,7155,11975,17379,11960,13040,11955,8400
2020-06-11 09:37:46.11,12124.69,11970,7155,11975,17379,11960,13040,11955,8300
2020-06-11 09:37:46.71,12124.69,11970,7155,11975,17379,11960,13040,11955,8400
2020-06-11 09:37:47.41,12124.69,11970,7155,11975,17379,11960,13040,11955,8300
2020-06-11 09:37:48.08,12124.69,11970,7155,11975,17379,11960,13040,11955,8300
2020-06-11 09:37:48.82,12124.69,11970,9172,11975,17379,11960,6290,11955,6267
2020-06-11 09:37:51.00,12124.69,11970,9167,11975,17379,11960,6290,11955,6267
2020-06-11 09:37:51.89,12123.73,11970,9167,11975,17379,11960,13040,11955,8300
2020-06-11 09:37:52.91,12123.73,11970,9167,11975,17379,11960,13040,11955,8300
2020-06-11 09:37:54.61,12123.73,11970,9167,11975,17379,11960,13040,11955,8300
2020-06-11 09:37:57.41,12123.73,11970,9167,11975,17379,11960,13040,11955,8300
2020-06-11 09:37:58.85,12123.73,11970,9200,11975,17379,11960,13040,11955,8300
2020-06-11 09:37:59.74,12123.73,11970,9200,11975,17379,11965,1000,11960,13040
2020-06-11 09:38:00.82,12119.7,11970,9159,11975,17379,11965,1000,11960,13040
2020-06-11 09:38:01.91,12119.7,11970,9159,11975,17379,11965,1000,11960,13126
2020-06-11 09:38:03.46,12119.7,11970,9159,11975,17379,11965,1010,11960,13126
2020-06-11 09:38:04.21,12119.7,11970,9159,11975,17379,11960,13126,11955,8300
2020-06-11 09:38:05.05,12119.7,11970,9159,11975,17379,11960,6376,11955,8300
2020-06-11 09:38:05.71,12119.7,11965,1000,11970,9159,11960,6376,11955,8300
2020-06-11 09:38:06.50,12119.7,11965,7730,11970,9159,11960,6376,11955,6267
2020-06-11 09:38:07.35,12119.7,11965,7530,11970,9159,11960,6376,11955,8300
2020-06-11 09:38:08.82,12119.7,11965,7530,11970,9159,11960,6376,11955,8300
2020-06-11 09:38:11.54,12119.7,11965,800,11970,9159,11960,13126,11955,8300
2020-06-11 09:38:11.85,12119.85,11970,9159,11975,17379,11960,13126,11955,8300
2020-06-11 09:38:12.71,12119.85,11970,7142,11975,17379,11960,13126,11955,8300
2020-06-11 09:38:13.22,12119.85,11970,7142,11975,17379,11960,13126,11955,8300
2020-06-11 09:38:14.11,12119.85,11970,9159,11975,17379,11960,6376,11955,8300
2020-06-11 09:38:15.75,12119.85,11970,9159,11975,17379,11960,6576,11955,8300
2020-06-11 09:38:16.50,12119.85,11970,9159,11975,17379,11960,6576,11955,6267
2020-06-11 09:38:17.22,12119.85,11965,1000,11970,9159,11960,6576,11955,6267
2020-06-11 09:38:17.97,12119.85,11965,7730,11970,9159,11960,6676,11955,6267
2020-06-11 09:38:19.32,12119.85,11965,7730,11970,9159,11960,6676,11955,6267
2020-06-11 09:38:21.30,12117.46,11965,7730,11970,9159,11960,6676,11955,6467
2020-06-11 09:38:24.68,12117.46,11965,7730,11970,9159,11960,6676,11955,6467
2020-06-11 09:38:25.97,12117.46,11965,7730,11970,9159,11960,6676,11955,6467
2020-06-11 09:38:26.60,12117.46,11965,7730,11970,9159,11960,6676,11955,6467
2020-06-11 09:38:27.35,12117.46,11965,7730,11970,9159,11960,13426,11955,6467
2020-06-11 09:38:28.16,12117.46,11965,1000,11970,9159,11960,13426,11955,6467
2020-06-11 09:38:28.77,12117.46,11965,7730,11970,9159,11960,13426,11955,6467
2020-06-11 09:38:29.61,12117.46,11965,7730,11970,9159,11960,6676,11955,6467
2020-06-11 09:38:30.14,12117.46,11965,9751,11970,9159,11960,5212,11955,6467
2020-06-11 09:38:30.96,12117.02,11965,9751,11970,9159,11960,5212,11955,6467
2020-06-11 09:38:33.11,12117.02,11965,7730,11970,9159,11960,5212,11955,6467
2020-06-11 09:38:33.77,12117.02,11965,7689,11970,9159,11960,5212,11955,6467
2020-06-11 09:38:38.50,12117.02,11965,7689,11970,9159,11960,5386,11955,6467
2020-06-11 09:38:40.02,12117.02,11965,7689,11970,9159,11960,5286,11955,6467
2020-06-11 09:38:40.71,12117.02,11965,7689,11970,9159,11960,5286,11955,6467
2020-06-11 09:38:41.73,12119.71,11965,9710,11970,9159,11960,5286,11955,6467
2020-06-11 09:38:43.04,12119.71,11965,7689,11970,9159,11960,5286,11955,6467
2020-06-11 09:38:47.10,12119.71,11965,7689,11970,9159,11960,5286,11955,6467
2020-06-11 09:38:50.35,12119.71,11965,7689,11970,9159,11960,5195,11955,6467
2020-06-11 09:38:51.02,12119.71,11965,7689,11970,9159,11960,5195,11955,6467
2020-06-11 09:38:51.82,12116.37,11965,7689,11970,9159,11960,5195,11955,6467
2020-06-11 09:38:52.54,12116.37,11965,959,11970,9159,11960,11945,11955,8558
2020-06-11 09:38:53.33,12116.37,11965,959,11970,9160,11960,11945,11955,8558
2020-06-11 09:38:54.32,12116.37,11965,7689,11970,9160,11960,12945,11955,8558
2020-06-11 09:38:55.04,12116.37,11965,959,11970,9160,11960,12945,11955,8558
2020-06-11 09:38:55.71,12116.37,11970,9160,11975,17379,11960,12945,11955,8558
2020-06-11 09:38:56.97,12116.37,11970,9160,11975,17379,11960,12945,11955,8558
2020-06-11 09:38:59.24,12116.37,11970,9160,11975,17379,11960,12957,11955,8558
2020-06-11 09:39:01.93,12117.51,11970,9155,11975,17379,11960,12957,11955,8558
2020-06-11 09:39:04.46,12117.51,11970,9155,11975,17379,11960,12957,11955,8558
2020-06-11 09:39:06.19,12117.51,11965,1000,11970,9155,11960,12957,11955,8558
2020-06-11 09:39:06.79,12117.51,11965,7730,11970,9155,11960,12957,11955,8558
2020-06-11 09:39:07.30,12117.51,11965,7730,11970,9155,11960,12957,11955,8558
2020-06-11 09:39:07.91,12117.51,11965,7689,11970,9155,11960,6207,11955,6467
2020-06-11 09:39:08.61,12117.51,11965,7689,11970,9155,11960,5413,11955,6467
2020-06-11 09:39:09.21,12117.51,11965,959,11970,9155,11960,10938,11955,6467
2020-06-11 09:39:09.79,12117.51,11965,959,11970,9155,11960,10938,11955,8500
2020-06-11 09:39:10.49,12117.51,11970,9155,11975,17479,11960,10938,11955,8500
2020-06-11 09:39:11.11,12114.16,11965,1000,11970,9155,11960,10938,11955,8500
2020-06-11 09:39:12.41,12114.16,11965,1000,11970,9155,11960,10852,11955,12500
2020-06-11 09:39:13.51,12114.16,11965,1000,11970,9155,11960,10852,11955,12500
2020-06-11 09:39:14.00,12114.16,11965,1000,11970,9155,11960,10852,11955,12500
2020-06-11 09:39:15.77,12114.16,11965,7730,11970,9155,11960,10852,11955,12500
2020-06-11 09:39:16.44,12114.16,11965,7730,11970,9155,11960,10852,11955,12500
2020-06-11 09:39:17.60,12114.16,11965,7730,11970,9155,11960,4102,11955,12500
2020-06-11 09:39:18.91,12114.16,11965,7730,11970,9155,11960,10852,11955,12500
2020-06-11 09:39:19.64,12114.16,11965,1000,11970,9155,11960,10852,11955,12500
2020-06-11 09:39:20.30,12114.16,11965,1000,11970,9155,11960,10852,11955,12500
2020-06-11 09:39:21.00,12116.18,11965,989,11970,9155,11960,10852,11955,12500
2020-06-11 09:39:21.77,12116.18,11965,932,11970,9155,11960,10852,11955,12500
2020-06-11 09:39:22.61,12116.18,11965,932,11970,9155,11960,10852,11955,12500
2020-06-11 09:39:23.32,12116.18,11965,932,11970,9155,11960,10852,11955,12500
2020-06-11 09:39:24.11,12116.18,11965,7662,11970,9155,11960,10852,11955,12500
2020-06-11 09:39:24.91,12116.18,11965,7662,11970,9155,11960,10852,11955,12500
2020-06-11 09:39:25.57,12116.18,11965,7662,11970,9155,11960,10872,11955,12500
2020-06-11 09:39:26.35,12116.18,11965,7662,11970,9155,11960,10872,11955,12520
2020-06-11 09:39:27.00,12116.18,11965,7488,11970,9155,11960,3948,11955,12520
2020-06-11 09:39:27.75,12116.18,11965,7488,11970,9155,11960,3948,11955,10487
2020-06-11 09:39:29.32,12116.18,11965,7488,11970,9155,11960,3948,11955,10487
2020-06-11 09:39:30.21,12116.18,11965,7488,11970,9155,11960,3928,11955,12520
2020-06-11 09:39:31.05,12116.18,11965,7488,11970,9155,11960,3928,11955,10487
2020-06-11 09:39:31.91,12113.31,11965,7487,11970,9155,11960,4128,11955,10487
2020-06-11 09:39:36.20,12113.31,11965,7487,11970,9165,11960,4128,11955,10487
2020-06-11 09:39:36.91,12113.31,11965,7487,11970,9165,11960,10878,11955,12520
2020-06-11 09:39:38.91,12113.31,11965,757,11970,9365,11960,10878,11955,12520
2020-06-11 09:39:40.37,12113.31,11965,767,11970,9365,11960,10878,11955,12520
2020-06-11 09:39:41.03,12113.31,11965,726,11970,9365,11960,10878,11955,12520
2020-06-11 09:39:41.64,12112.69,11965,726,11970,9365,11960,10878,11955,12520
2020-06-11 09:39:42.34,12112.69,11965,726,11970,9365,11960,10878,11955,12520
2020-06-11 09:39:44.34,12112.69,11965,10,11970,9365,11960,10878,11955,12520
2020-06-11 09:39:45.04,12112.69,11965,10,11970,9365,11960,10878,11955,12520
2020-06-11 09:39:45.67,12112.69,11965,5,11970,9365,11960,10878,11955,12520
2020-06-11 09:39:47.53,12112.69,11970,9365,11975,17579,11960,10878,11955,12520
2020-06-11 09:39:48.90,12112.69,11970,9365,11975,17579,11960,10878,11955,12520
2020-06-11 09:39:49.71,12112.69,11970,9365,11975,17579,11960,10878,11955,12520
2020-06-11 09:39:50.51,12112.69,11970,7348,11975,17579,11960,10878,11955,12520
2020-06-11 09:39:51.14,12111.43,11965,1000,11970,9365,11960,10878,11955,12520
2020-06-11 09:39:52.71,12111.43,11965,1000,11970,9365,11960,9176,11955,12520
2020-06-11 09:39:53.40,12111.43,11965,7730,11970,9365,11960,1610,11955,10487
2020-06-11 09:39:54.10,12111.43,11965,7730,11970,9365,11960,1110,11955,10487
2020-06-11 09:39:57.01,12111.43,11965,7730,11970,9365,11960,1110,11955,10487
2020-06-11 09:39:57.71,12111.43,11965,7730,11970,9365,11960,1110,11955,10487
2020-06-11 09:39:58.43,12111.43,11965,7752,11970,9365,11960,1110,11955,10487
2020-06-11 09:40:00.34,12111.43,11965,7752,11970,9365,11960,183,11955,10487
2020-06-11 09:40:01.21,12103.44,11965,7752,11970,9565,11960,183,11955,10487
2020-06-11 09:40:02.01,12103.44,11960,37682,11965,7752,11955,11487,11950,10919
2020-06-11 09:40:02.71,12103.44,11960,37704,11965,7952,11955,11487,11950,10919
2020-06-11 09:40:03.41,12103.44,11960,37704,11965,7752,11955,11487,11950,10919
2020-06-11 09:40:04.07,12103.44,11960,37704,11965,7752,11955,11487,11950,10919
2020-06-11 09:40:04.76,12103.44,11960,37714,11965,7752,11955,11487,11950,10919
2020-06-11 09:40:06.97,12103.44,11955,19443,11960,6782,11950,11919,11945,10168
2020-06-11 09:40:07.60,12103.44,11955,19443,11960,6782,11950,11919,11945,10168
2020-06-11 09:40:09.44,12103.44,11955,19443,11960,6782,11950,11919,11945,10168
2020-06-11 09:40:10.18,12103.44,11955,19443,11960,6782,11950,11919,11945,10168
2020-06-11 09:40:10.90,12103.44,11955,19443,11960,6782,11950,10877,11945,10168
2020-06-11 09:40:11.74,12100.36,11955,19443,11960,6782,11950,10877,11945,10168
2020-06-11 09:40:12.57,12100.36,11955,19443,11960,6782,11950,10935,11945,10168
2020-06-11 09:40:13.54,12100.36,11955,19402,11960,6782,11950,10935,11945,10168
2020-06-11 09:40:14.50,12100.36,11955,19402,11960,6782,11950,10935,11945,10168
2020-06-11 09:40:15.50,12100.36,11955,19402,11960,6782,11950,10935,11945,10168
2020-06-11 09:40:17.00,12100.36,11955,27152,11960,6782,11950,8828,11945,7101
2020-06-11 09:40:18.44,12100.36,11955,27152,11960,6782,11950,7828,11945,9299
2020-06-11 09:40:19.03,12100.36,11955,20402,11960,6782,11950,7828,11945,9299
2020-06-11 09:40:20.19,12100.36,11950,11574,11955,7750,11945,10279,11940,11407
2020-06-11 09:40:20.60,12100.36,11950,11574,11955,7750,11945,10279,11940,10190
2020-06-11 09:40:22.33,12099.96,11950,11574,11955,7750,11945,10279,11940,10190
2020-06-11 09:40:22.61,12099.96,11950,11574,11955,7750,11945,10279,11940,10190
2020-06-11 09:40:23.42,12099.96,11950,11574,11955,7750,11945,10279,11940,10150
2020-06-11 09:40:26.58,12099.96,11950,11574,11955,7750,11945,10279,11940,10150
2020-06-11 09:40:27.00,12099.96,11950,11574,11955,7760,11945,10279,11940,10150
2020-06-11 09:40:28.45,12099.96,11950,11574,11955,7760,11945,10257,11940,10150
2020-06-11 09:40:29.20,12099.96,11950,11574,11955,7760,11945,8059,11940,10150
2020-06-11 09:40:30.22,12099.96,11950,11574,11955,7760,11945,8059,11940,10150
2020-06-11 09:40:31.31,12099.96,11950,11584,11955,7760,11945,10084,11940,10150
2020-06-11 09:40:31.70,12099.37,11950,11544,11955,7760,11945,9684,11940,10150
2020-06-11 09:40:32.89,12099.37,11950,17803,11955,7760,11945,9684,11940,10150
2020-06-11 09:40:33.22,12099.37,11950,11544,11955,7760,11945,9684,11940,10150
2020-06-11 09:40:33.80,12099.37,11950,11524,11955,7760,11945,9682,11940,10150
2020-06-11 09:40:34.98,12099.37,11950,11524,11955,7760,11945,9682,11940,10150
2020-06-11 09:40:35.40,12099.37,11950,11524,11955,7760,11945,9682,11940,10150
2020-06-11 09:40:36.12,12099.37,11950,11524,11955,7760,11945,9702,11940,10150
2020-06-11 09:40:37.40,12099.37,11945,1811,11950,6269,11940,11086,11935,11722
2020-06-11 09:40:37.90,12099.37,11950,6269,11955,7760,11940,11086,11935,11722
2020-06-11 09:40:39.62,12099.37,11950,6269,11955,7760,11940,11086,11935,11722
2020-06-11 09:40:39.95,12099.37,11950,6269,11955,7760,11945,6950,11940,11086
2020-06-11 09:40:40.76,12099.37,11950,6269,11955,7760,11945,6950,11940,11086
2020-06-11 09:40:43.34,12096.9,11950,6269,11955,7760,11940,11086,11935,10483
2020-06-11 09:40:43.61,12096.9,11950,6269,11955,7760,11940,11086,11935,10483
2020-06-11 09:40:44.45,12096.9,11950,6269,11955,7760,11940,11086,11935,10483
2020-06-11 09:40:45.42,12096.9,11950,6269,11955,7760,11940,11086,11935,10483
2020-06-11 09:40:45.71,12096.9,11950,6269,11955,7760,11940,11086,11935,10483
2020-06-11 09:40:48.13,12096.9,11950,6228,11955,7760,11940,11086,11935,10483
2020-06-11 09:40:49.10,12096.9,11950,6228,11955,7760,11940,11106,11935,10483
2020-06-11 09:40:49.60,12096.9,11950,6228,11955,7760,11940,11106,11935,10503
2020-06-11 09:40:50.70,12096.9,11950,6228,11955,7760,11945,30,11940,11096
2020-06-11 09:40:51.04,12096.9,11950,7228,11955,8260,11945,30,11940,11096
2020-06-11 09:40:51.76,12097.47,11950,7662,11955,8260,11945,30,11940,11096
2020-06-11 09:40:55.41,12097.47,11950,7662,11955,8260,11945,20,11940,11096
2020-06-11 09:40:56.52,12097.47,11950,7662,11955,8260,11945,20,11940,11296
2020-06-11 09:40:57.51,12097.47,11950,7662,11955,8260,11945,20,11940,11296
2020-06-11 09:40:58.54,12097.47,11950,7662,11955,10311,11945,20,11940,8870
2020-06-11 09:40:58.77,12097.47,11950,7662,11955,8260,11945,20,11940,10926
2020-06-11 09:41:00.68,12097.47,11945,1018,11950,7662,11940,10926,11935,10503
2020-06-11 09:41:01.69,12094.63,11945,1018,11950,7662,11940,10926,11935,10503
2020-06-11 09:41:02.75,12094.63,11950,7662,11955,10341,11940,10926,11935,10503
2020-06-11 09:41:03.10,12094.63,11950,7662,11955,10341,11940,10926,11935,10503
2020-06-11 09:41:04.25,12094.63,11950,7662,11955,8290,11940,10926,11935,10503
2020-06-11 09:41:05.39,12094.63,11950,2321,11955,8290,11945,6770,11940,10926
2020-06-11 09:41:05.71,12094.63,11950,1434,11955,8290,11945,8772,11940,10926
2020-06-11 09:41:07.44,12094.63,11950,1401,11955,8290,11945,8772,11940,10926
2020-06-11 09:41:08.50,12094.63,11955,1540,11960,7370,11945,9772,11940,10926
2020-06-11 09:41:08.85,12094.63,11955,1540,11960,7370,11950,2006,11945,9772
2020-06-11 09:41:09.61,12094.63,11955,1540,11960,7370,11950,8656,11945,9772
2020-06-11 09:41:10.61,12094.63,11960,8370,11965,8841,11955,5210,11950,8656
2020-06-11 09:41:11.63,12094.94,11960,1619,11965,6762,11955,5210,11950,8656
2020-06-11 09:41:12.69,12094.94,11960,1619,11965,6762,11955,5210,11950,8656
2020-06-11 09:41:13.24,12094.94,11960,1619,11965,6762,11955,5210,11950,8656
2020-06-11 09:41:14.31,12094.94,11960,8369,11965,8870,11950,8656,11945,10022
2020-06-11 09:41:15.81,12094.94,11955,6750,11960,8369,11950,8656,11945,10022
2020-06-11 09:41:16.14,12094.94,11955,6750,11960,8369,11950,8656,11945,10022
2020-06-11 09:41:16.86,12094.94,11955,6750,11960,8369,11950,7750,11945,10022
2020-06-11 09:41:17.45,12094.94,11960,8369,11965,8870,11950,7750,11945,10022
2020-06-11 09:41:18.47,12094.94,11960,8369,11965,8870,11950,9807,11945,10022
2020-06-11 09:41:18.81,12094.94,11960,8197,11965,8870,11950,9807,11945,10022
2020-06-11 09:41:20.05,12094.94,11960,8033,11965,8870,11950,7750,11945,10022
2020-06-11 09:41:20.41,12094.94,11960,7991,11965,8870,11950,9807,11945,10022
2020-06-11 09:41:21.20,12097.22,11960,7991,11965,8870,11950,9807,11945,10022
2020-06-11 09:41:23.14,12097.22,11960,8001,11965,8870,11950,9807,11945,10022
2020-06-11 09:41:23.61,12097.22,11955,7750,11960,8002,11950,1000,11945,10022
2020-06-11 09:41:24.73,12097.22,11955,7750,11960,8002,11950,1000,11945,10022
2020-06-11 09:41:25.11,12097.22,11955,7750,11960,8022,11950,985,11945,10022
2020-06-11 09:41:25.75,12097.22,11955,1000,11960,8022,11950,7735,11945,10002
2020-06-11 09:41:26.84,12097.22,11955,6750,11960,8022,11950,986,11945,8000
2020-06-11 09:41:27.40,12097.22,11955,6751,11960,8022,11950,986,11945,8000
2020-06-11 09:41:28.75,12097.22,11955,6751,11960,8022,11950,986,11945,10111
2020-06-11 09:41:29.51,12097.22,11955,6751,11960,8022,11950,986,11945,10111
2020-06-11 09:41:30.43,12097.22,11955,6751,11960,8022,11950,986,11945,10111
2020-06-11 09:41:31.51,12100.43,11955,6751,11960,8022,11950,985,11945,10111
2020-06-11 09:41:32.56,12100.43,11955,6851,11960,8022,11950,1005,11945,10111
2020-06-11 09:41:33.04,12100.43,11955,6851,11960,8022,11950,1005,11945,10111
2020-06-11 09:41:34.10,12100.43,11955,6851,11960,8022,11950,1005,11945,10111
2020-06-11 09:41:34.51,12100.43,11955,6851,11960,10076,11950,1005,11945,10611
2020-06-11 09:41:38.27,12100.43,11955,6851,11960,10076,11950,911,11945,10611
2020-06-11 09:41:39.37,12100.43,11955,6851,11960,8022,11950,911,11945,10611
2020-06-11 09:41:39.59,12100.43,11955,6642,11960,7781,11950,911,11945,10611
2020-06-11 09:41:40.38,12100.43,11955,5875,11960,7781,11950,911,11945,10611
2020-06-11 09:41:40.81,12099.61,11955,5875,11960,7781,11950,911,11945,10611
2020-06-11 09:41:42.91,12099.61,11955,6116,11960,7781,11950,911,11945,10611
2020-06-11 09:41:43.51,12099.61,11955,6116,11960,7781,11950,911,11945,10611
2020-06-11 09:41:44.04,12099.61,11955,6116,11960,7781,11950,1176,11945,10611
2020-06-11 09:41:45.19,12099.61,11955,6116,11960,7781,11950,1176,11945,10611
2020-06-11 09:41:46.23,12099.61,11955,7116,11960,7781,11950,1176,11945,10611
2020-06-11 09:41:46.60,12099.61,11955,7116,11960,7781,11950,1176,11945,10611
2020-06-11 09:41:47.30,12099.61,11955,7116,11960,7781,11950,7926,11945,10811
2020-06-11 09:41:48.97,12099.61,11955,1342,11960,7781,11950,7926,11945,10811
2020-06-11 09:41:49.96,12099.61,11960,7781,11965,8870,11950,8035,11945,10811
2020-06-11 09:41:50.41,12099.61,11960,7803,11965,8870,11950,8035,11945,10811
2020-06-11 09:41:52.57,12098.33,11960,7803,11965,8870,11950,10092,11945,10811
2020-06-11 09:41:54.00,12098.33,11960,7762,11965,8870,11950,10092,11945,10811
2020-06-11 09:41:55.32,12098.33,11960,7942,11965,8870,11950,10092,11945,10811
2020-06-11 09:41:56.41,12098.33,11960,7983,11965,8870,11950,10092,11945,10811
2020-06-11 09:41:57.25,12098.33,11960,7983,11965,8870,11950,8035,11945,10811
2020-06-11 09:41:57.74,12098.33,11955,1000,11960,7983,11950,10092,11945,10811
2020-06-11 09:41:59.36,12098.33,11960,7983,11965,8870,11950,10392,11945,10811
2020-06-11 09:42:00.71,12098.33,11960,7983,11965,8870,11950,10392,11945,10811
2020-06-11 09:42:01.41,12099.4,11960,7983,11965,8870,11950,10392,11945,10811
2020-06-11 09:42:02.41,12099.4,11960,7983,11965,8870,11950,10392,11945,10811
2020-06-11 09:42:02.81,12099.4,11960,7983,11965,8870,11950,10392,11945,10811
2020-06-11 09:42:03.53,12099.4,11960,7983,11965,8870,11950,8335,11945,10811
2020-06-11 09:42:04.00,12099.4,11955,5774,11960,7983,11950,8335,11945,10811
2020-06-11 09:42:04.74,12099.4,11955,5774,11960,7983,11950,8335,11945,10811
2020-06-11 09:42:06.75,12099.4,11955,5774,11960,7983,11950,8335,11945,10811
2020-06-11 09:42:06.94,12099.4,11955,5774,11960,7983,11950,8335,11945,10811
2020-06-11 09:42:07.81,12099.4,11955,5774,11960,7983,11950,8335,11945,10811
2020-06-11 09:42:08.30,12099.4,11955,5774,11960,7983,11950,8335,11945,10811
2020-06-11 09:42:09.34,12099.4,11955,5774,11960,7983,11950,8335,11945,10811
2020-06-11 09:42:10.44,12099.4,11955,5662,11960,7983,11950,8335,11945,10811
2020-06-11 09:42:10.70,12096.78,11955,5662,11960,7983,11950,8335,11945,10811
2020-06-11 09:42:11.45,12096.78,11960,7983,11965,8870,11955,93,11950,8335
2020-06-11 09:42:15.81,12096.78,11960,7983,11965,8870,11950,8335,11945,10811
2020-06-11 09:42:18.29,12096.78,11960,7983,11965,8870,11955,12,11950,8335
2020-06-11 09:42:18.43,12096.78,11955,6662,11960,7983,11950,1585,11945,8700
2020-06-11 09:42:20.42,12096.78,11955,6662,11960,7983,11950,1585,11945,10753
2020-06-11 09:42:20.81,12096.78,11955,6662,11960,7983,11950,1585,11945,10553
2020-06-11 09:42:21.51,12098.06,11955,989,11960,7983,11950,10392,11945,10553
2020-06-11 09:42:22.39,12098.06,11955,932,11960,7983,11950,10392,11945,10553
2020-06-11 09:42:22.90,12098.06,11960,7983,11965,8870,11950,10392,11945,10553
2020-06-11 09:42:23.60,12098.06,11960,7983,11965,8870,11955,200,11950,10392
2020-06-11 09:42:24.46,12098.06,11960,7983,11965,8870,11950,10392,11945,10553
2020-06-11 09:42:28.13,12098.06,11960,7941,11965,8870,11950,10392,11945,10553
2020-06-11 09:42:28.27,12098.06,11960,7941,11965,6762,11950,10392,11945,10553
2020-06-11 09:42:33.00,12099.68,11960,7983,11965,6762,11950,10392,11945,10553
2020-06-11 09:42:33.61,12099.68,11960,7983,11965,6762,11950,10592,11945,10553
2020-06-11 09:42:34.81,12099.68,11960,7983,11965,8812,11950,10592,11945,10553
2020-06-11 09:42:35.95,12099.68,11960,7983,11965,6762,11950,10592,11945,10553
2020-06-11 09:42:41.86,12100.15,11960,1233,11965,6762,11955,6152,11950,10592
2020-06-11 09:42:42.87,12100.15,11960,1233,11965,6762,11955,8155,11950,10592
2020-06-11 09:42:44.94,12100.15,11960,1233,11965,6762,11955,8355,11950,10592
2020-06-11 09:42:45.20,12100.15,11960,1233,11965,6762,11955,8385,11950,10392
2020-06-11 09:42:47.06,12100.15,11960,1233,11965,6762,11955,8385,11950,10392
2020-06-11 09:42:47.61,12100.15,11960,1233,11965,6762,11955,8385,11950,10392
2020-06-11 09:42:48.73,12100.15,11960,233,11965,6762,11955,8385,11950,10392
2020-06-11 09:42:49.01,12100.15,11960,233,11965,6762,11955,8385,11950,10392
2020-06-11 09:42:49.73,12100.15,11960,233,11965,6762,11955,6382,11950,10392
2020-06-11 09:42:51.34,12100.15,11960,231,11965,6762,11955,6382,11950,10392
2020-06-11 09:42:51.61,12100.06,11960,231,11965,6762,11955,6382,11950,10392
2020-06-11 09:42:53.37,12100.06,11960,231,11965,6762,11955,6382,11950,10392
2020-06-11 09:42:54.45,12100.06,11960,231,11965,6762,11955,6382,11950,10392
2020-06-11 09:42:55.71,12100.06,11960,231,11965,6762,11955,6382,11950,10392
2020-06-11 09:42:57.56,12100.06,11960,231,11965,6762,11955,8387,11950,10392
2020-06-11 09:42:59.67,12100.06,11965,6762,11970,13622,11955,8387,11950,10392
2020-06-11 09:43:00.01,12100.06,11965,6762,11970,13622,11955,8387,11950,10392
2020-06-11 09:43:00.67,12100.06,11965,6721,11970,13622,11955,8387,11950,10392
2020-06-11 09:43:01.79,12100.65,11965,6721,11970,13622,11955,8387,11950,10392
2020-06-11 09:43:02.82,12100.65,11965,6721,11970,13622,11960,10,11955,9387
2020-06-11 09:43:03.21,12100.65,11965,6721,11970,11518,11960,10,11955,9387
2020-06-11 09:43:05.60,12100.65,11965,6721,11970,11518,11960,6770,11955,9387
2020-06-11 09:43:06.01,12100.65,11965,6721,11970,11518,11960,6780,11955,9387
2020-06-11 09:43:06.51,12100.65,11965,6721,11970,11518,11960,6980,11955,9387
2020-06-11 09:43:07.48,12100.65,11965,6721,11970,11518,11960,6980,11955,9397
2020-06-11 09:43:07.60,12100.65,11965,6721,11970,11518,11960,6980,11955,9197
2020-06-11 09:43:08.69,12100.65,11965,6721,11970,11518,11960,230,11955,9197
2020-06-11 09:43:09.63,12100.65,11965,32,11970,11518,11960,6980,11955,9197
2020-06-11 09:43:10.04,12100.65,11965,6721,11970,13564,11960,230,11955,9197
2020-06-11 09:43:11.16,12100.65,11965,6721,11970,11518,11960,230,11955,9197
2020-06-11 09:43:11.60,12104.88,11965,32,11970,11518,11960,6980,11955,9197
2020-06-11 09:43:12.79,12104.88,11965,32,11970,11518,11960,7916,11955,9197
2020-06-11 09:43:13.21,12104.88,11965,32,11970,11518,11960,7916,11955,9197
2020-06-11 09:43:14.33,12104.88,11965,6721,11970,11518,11960,10072,11955,9197
2020-06-11 09:43:14.58,12104.88,11965,6721,11970,11518,11960,10072,11955,9197
2020-06-11 09:43:15.38,12104.88,11965,6721,11970,11518,11960,3322,11955,9197
2020-06-11 09:43:16.50,12104.88,11965,6721,11970,11518,11960,3302,11955,9197
2020-06-11 09:43:17.43,12104.88,11965,6721,11970,11518,11960,10052,11955,9197
2020-06-11 09:43:17.80,12104.88,11965,6721,11970,11518,11960,10052,11955,9197
2020-06-11 09:43:18.36,12104.88,11965,6721,11970,11518,11960,10052,11955,9197
2020-06-11 09:43:20.07,12104.88,11965,6721,11970,11518,11960,10052,11955,9197
2020-06-11 09:43:20.30,12104.88,11965,6721,11970,11518,11960,10052,11955,9197
2020-06-11 09:43:21.11,12105.62,11965,6721,11970,11518,11960,10052,11955,9197
2020-06-11 09:43:22.13,12105.62,11970,12518,11975,14772,11965,56,11960,11089
2020-06-11 09:43:23.16,12105.62,11970,12518,11975,14772,11965,56,11960,11089
2020-06-11 09:43:23.41,12105.62,11970,12518,11975,16872,11965,56,11960,11089
2020-06-11 09:43:24.24,12105.62,11970,12518,11975,16872,11965,56,11960,11089
2020-06-11 09:43:25.30,12105.62,11970,12518,11975,16872,11960,11089,11955,9247
2020-06-11 09:43:26.31,12105.62,11970,12518,11975,16872,11960,11089,11955,9247
2020-06-11 09:43:27.38,12105.62,11970,12518,11975,16872,11960,11139,11955,9247
2020-06-11 09:43:27.59,12105.62,11970,12518,11975,16872,11960,11203,11955,9247
2020-06-11 09:43:28.42,12105.62,11970,12518,11975,16872,11960,13210,11955,9247
2020-06-11 09:43:28.75,12105.62,11970,12518,11975,16872,11960,13210,11955,9247
2020-06-11 09:43:30.53,12105.62,11970,12517,11975,16872,11960,13210,11955,9247
2020-06-11 09:43:30.91,12105.62,11970,12517,11975,16872,11960,13510,11955,9247
2020-06-11 09:43:31.52,12104.76,11970,12517,11975,16872,11965,936,11960,13510
2020-06-11 09:43:32.61,12104.76,11970,12537,11975,16872,11965,936,11960,13510
2020-06-11 09:43:32.91,12104.76,11970,12537,11975,16872,11965,936,11960,13510
2020-06-11 09:43:34.78,12104.76,11970,12537,11975,16872,11965,2726,11960,13510
2020-06-11 09:43:35.84,12104.76,11970,12537,11975,16872,11965,2726,11960,13510
2020-06-11 09:43:37.08,12104.76,11970,12537,11975,16872,11965,2726,11960,13510
2020-06-11 09:43:39.04,12104.76,11970,12537,11975,16872,11965,2776,11960,13510
2020-06-11 09:43:42.17,12104.29,11970,12537,11975,17172,11965,2776,11960,13510
2020-06-11 09:43:43.21,12104.29,11970,12537,11975,17172,11965,2776,11960,11503
2020-06-11 09:43:46.94,12104.29,11970,12537,11975,17172,11965,2776,11960,13510
2020-06-11 09:43:50.08,12104.29,11970,12237,11975,17172,11965,2776,11960,13510
2020-06-11 09:43:51.14,12104.29,11970,12237,11975,17172,11965,2776,11960,13510
2020-06-11 09:43:54.91,12106.38,11970,12237,11975,17172,11965,2776,11960,13510
2020-06-11 09:43:55.83,12106.38,11970,12237,11975,17172,11965,2776,11960,11503
2020-06-11 09:43:56.86,12106.38,11970,12237,11975,17172,11965,2776,11960,11503
2020-06-11 09:43:57.95,12106.38,11970,12237,11975,17172,11965,2776,11960,11503
2020-06-11 09:43:59.00,12106.38,11970,12237,11975,17172,11965,2776,11960,11503
2020-06-11 09:43:59.41,12106.38,11970,12237,11975,17172,11965,2776,11960,13510
2020-06-11 09:44:00.59,12106.38,11970,12237,11975,17172,11965,2776,11960,11503
2020-06-11 09:44:00.91,12106.38,11970,12237,11975,17172,11965,2776,11960,13510
2020-06-11 09:44:06.47,12108.24,11970,12237,11975,17172,11965,2876,11960,13510
2020-06-11 09:44:10.08,12108.24,11970,6549,11975,17172,11965,9626,11960,13510
2020-06-11 09:44:11.15,12108.24,11970,6549,11975,17172,11965,10526,11960,13510
2020-06-11 09:44:12.22,12108.65,11970,6549,11975,17172,11965,10526,11960,13310
2020-06-11 09:44:12.67,12108.65,11970,6549,11975,15072,11965,10526,11960,13310
2020-06-11 09:44:13.76,12108.65,11975,15072,11980,9541,11965,10590,11960,13310
2020-06-11 09:44:14.79,12108.65,11975,15072,11980,9541,11965,10590,11960,13310
2020-06-11 09:44:15.17,12108.65,11970,5688,11975,15072,11965,10590,11960,13310
2020-06-11 09:44:16.89,12108.65,11975,15072,11980,9541,11965,10590,11960,13310
2020-06-11 09:44:17.93,12108.65,11970,5688,11975,15072,11965,10590,11960,13310
2020-06-11 09:44:18.14,12108.65,11970,5588,11975,15072,11965,10590,11960,13310
2020-06-11 09:44:18.85,12108.65,11970,5588,11975,15072,11965,3840,11960,13310
2020-06-11 09:44:20.03,12108.65,11975,15072,11980,9541,11965,10590,11960,13310
2020-06-11 09:44:20.43,12108.65,11975,15072,11980,9541,11965,10590,11960,13310
2020-06-11 09:44:21.56,12110.58,11975,15072,11980,9541,11965,12601,11960,13310
2020-06-11 09:44:25.12,12110.58,11970,5,11975,15072,11965,12601,11960,13310
2020-06-11 09:44:25.42,12110.58,11975,15072,11980,9541,11965,12601,11960,13310
2020-06-11 09:44:27.51,12110.58,11975,15072,11980,9541,11965,12901,11960,13010
2020-06-11 09:44:28.74,12110.58,11975,16072,11980,9541,11965,12901,11960,13010
2020-06-11 09:44:29.30,12110.58,11975,16072,11980,9541,11965,12901,11960,13010
2020-06-11 09:44:29.90,12110.58,11975,16072,11980,9541,11965,12901,11960,13010
2020-06-11 09:44:32.01,12108.44,11970,5,11975,16072,11965,12901,11960,13010
2020-06-11 09:44:32.21,12108.44,11975,16072,11980,9541,11965,12901,11960,13010
2020-06-11 09:44:38.91,12108.44,11975,16072,11980,9541,11970,695,11965,12201
2020-06-11 09:44:39.44,12108.44,11975,16072,11980,6490,11970,695,11965,12201
2020-06-11 09:44:40.54,12108.44,11975,16072,11980,6490,11970,695,11965,12201
2020-06-11 09:44:43.66,12107.15,11975,16072,11980,6490,11970,7445,11965,10411
2020-06-11 09:44:44.69,12107.15,11975,16072,11980,8528,11970,695,11965,10411
2020-06-11 09:44:45.14,12107.15,11975,16072,11980,8523,11970,890,11965,10411
2020-06-11 09:44:46.24,12107.15,11975,16072,11980,8523,11970,990,11965,10211
2020-06-11 09:44:48.89,12107.15,11975,9322,11980,8523,11970,7740,11965,10211
2020-06-11 09:44:49.94,12107.15,11975,8322,11980,6485,11970,8740,11965,10211
2020-06-11 09:44:50.41,12107.15,11975,15072,11980,6485,11970,8740,11965,10211
2020-06-11 09:44:51.11,12109.21,11975,15072,11980,6485,11970,8740,11965,10211
2020-06-11 09:44:51.97,12109.21,11975,15072,11980,6485,11970,8740,11965,10211
2020-06-11 09:44:52.44,12109.21,11975,15072,11980,6485,11970,8740,11965,10211
2020-06-11 09:44:55.69,12109.21,11975,8322,11980,6485,11970,8740,11965,10211
2020-06-11 09:44:56.05,12109.21,11975,8322,11980,6585,11970,10755,11965,10211
2020-06-11 09:44:59.01,12109.21,11975,8322,11980,6585,11970,8740,11965,10211
2020-06-11 09:44:59.86,12109.21,11975,7386,11980,6585,11970,10755,11965,10211
2020-06-11 09:45:01.42,12109.21,11975,7230,11980,6585,11970,10755,11965,10211
2020-06-11 09:45:01.70,12110.24,11975,4696,11980,6585,11970,10755,11965,10211
2020-06-11 09:45:02.51,12110.24,11975,2851,11980,6585,11970,10755,11965,10211
2020-06-11 09:45:05.01,12110.24,11975,2851,11980,6535,11970,10755,11965,10211
2020-06-11 09:45:06.40,12110.24,11975,2851,11980,6535,11970,10755,11965,10111
2020-06-11 09:45:08.76,12110.24,11975,2849,11980,6535,11970,10755,11965,10111
2020-06-11 09:45:09.84,12110.24,11980,6535,11985,12805,11970,10755,11965,10111
2020-06-11 09:45:10.88,12110.24,11980,873,11985,9757,11975,7692,11970,10755
2020-06-11 09:45:11.96,12110.98,11980,546,11985,9757,11975,7692,11970,10755
2020-06-11 09:45:12.40,12110.98,11980,546,11985,9757,11975,7692,11970,10755
2020-06-11 09:45:13.54,12110.98,11980,546,11985,9757,11975,7892,11970,10755
2020-06-11 09:45:13.90,12110.98,11980,6208,11985,9757,11975,16242,11970,10755
2020-06-11 09:45:14.71,12110.98,11980,546,11985,9757,11975,16242,11970,10755
2020-06-11 09:45:15.70,12110.98,11980,546,11985,9757,11975,16242,11970,10755
2020-06-11 09:45:17.10,12110.98,11980,546,11985,9757,11975,16242,11970,10755
2020-06-11 09:45:17.63,12110.98,11985,9757,11990,10950,11980,144,11975,16242
2020-06-11 09:45:18.87,12110.98,11985,9757,11990,10950,11980,144,11975,16242
2020-06-11 09:45:19.84,12110.98,11985,9757,11990,10950,11980,244,11975,16242
2020-06-11 09:45:20.12,12110.98,11985,9757,11990,10950,11980,244,11975,16242
2020-06-11 09:45:20.93,12110.98,11985,9710,11990,8514,11980,244,11975,18372
2020-06-11 09:45:22.02,12114.84,11985,9689,11990,10550,11980,2481,11975,18372
2020-06-11 09:45:22.44,12114.84,11985,9689,11990,10550,11980,2482,11975,18372
2020-06-11 09:45:23.49,12114.84,11985,9689,11990,10550,11980,2482,11975,18372
2020-06-11 09:45:23.71,12114.84,11985,9679,11990,10550,11980,2482,11975,18372
2020-06-11 09:45:25.04,12114.84,11985,9679,11990,10550,11980,2482,11975,18372
2020-06-11 09:45:27.16,12114.84,11985,9679,11990,10550,11980,2482,11975,18372
2020-06-11 09:45:28.27,12114.84,11990,11550,11995,9591,11985,12101,11980,7692
2020-06-11 09:45:28.55,12114.84,11990,11550,11995,9591,11985,12098,11980,7692
2020-06-11 09:45:29.36,12114.84,11990,11456,11995,9591,11985,12098,11980,7692
2020-06-11 09:45:30.35,12114.84,11990,11456,11995,9591,11985,12098,11980,7692
2020-06-11 09:45:30.52,12114.84,11990,3106,11995,9591,11985,12098,11980,7692
2020-06-11 09:45:31.47,12116.67,11990,3106,11995,9591,11985,12098,11980,7692
2020-06-11 09:45:32.50,12116.67,11990,3106,11995,9591,11985,12098,11980,7692
2020-06-11 09:45:33.00,12116.67,11990,3106,11995,9591,11985,12098,11980,7692
2020-06-11 09:45:34.08,12116.67,11990,3106,11995,9591,11985,12098,11980,7692
2020-06-11 09:45:35.63,12116.67,11990,3106,11995,9591,11980,7692,11975,7892
2020-06-11 09:45:35.94,12116.67,11990,3106,11995,9591,11980,8692,11975,9934
2020-06-11 09:45:36.94,12116.67,11990,3106,11995,9591,11980,8692,11975,7892
2020-06-11 09:45:38.01,12116.67,11985,200,11990,3156,11980,8692,11975,7892
2020-06-11 09:45:41.97,12116.1,11985,200,11990,3156,11980,8692,11975,7892
2020-06-11 09:45:43.06,12116.1,11985,200,11990,3156,11980,8692,11975,7692
2020-06-11 09:45:44.04,12116.1,11985,200,11990,3156,11980,8692,11975,7692
2020-06-11 09:45:44.51,12116.1,11985,190,11990,3156,11980,8692,11975,7692
2020-06-11 09:45:45.59,12116.1,11985,190,11990,3156,11980,8692,11975,7692
2020-06-11 09:45:45.90,12116.1,11985,190,11990,3156,11980,8692,11975,7692
2020-06-11 09:45:47.73,12116.1,11985,205,11990,3156,11980,8692,11975,9734
2020-06-11 09:45:48.01,12116.1,11985,60,11990,3156,11980,8548,11975,9734
2020-06-11 09:45:49.70,12116.1,11985,60,11990,3156,11980,8548,11975,9734
2020-06-11 09:45:49.93,12116.1,11985,60,11990,3156,11980,8550,11975,9734
2020-06-11 09:45:50.85,12116.1,11990,3086,11995,9591,11985,6690,11980,8550
2020-06-11 09:45:51.87,12112.47,11990,9836,11995,9591,11985,1,11980,8550
2020-06-11 09:45:52.15,12112.47,11990,9836,11995,9591,11980,8550,11975,9736
2020-06-11 09:45:52.88,12112.47,11990,9836,11995,9591,11985,400,11980,8550
2020-06-11 09:45:53.93,12112.47,11990,9836,11995,9591,11980,8550,11975,9736
2020-06-11 09:45:56.04,12112.47,11990,10276,11995,9591,11980,8555,11975,9736
2020-06-11 09:45:57.60,12112.47,11990,10275,11995,9591,11980,8555,11975,9736
2020-06-11 09:45:58.63,12112.47,11990,10275,11995,9591,11980,8555,11975,9741
2020-06-11 09:45:59.77,12112.47,11990,10275,11995,9591,11980,8555,11975,9941
2020-06-11 09:46:01.76,12114.68,11990,10275,11995,9591,11980,8555,11975,9941
2020-06-11 09:46:03.36,12114.68,11985,67,11990,8240,11980,8555,11975,9941
2020-06-11 09:46:03.80,12114.68,11990,8240,11995,9591,11985,934,11980,8555
2020-06-11 09:46:04.86,12114.68,11990,8215,11995,9591,11985,7624,11980,8585
2020-06-11 09:46:05.41,12114.68,11990,1465,11995,9591,11985,7624,11980,8585
2020-06-11 09:46:06.94,12114.68,11990,1465,11995,9591,11985,7679,11980,8585
2020-06-11 09:46:08.00,12114.68,11990,1144,11995,9591,11985,7720,11980,8585
2020-06-11 09:46:08.33,12114.68,11990,1144,11995,9591,11985,7720,11980,8585
2020-06-11 09:46:09.07,12114.68,11990,1144,11995,9591,11985,7721,11980,8585
2020-06-11 09:46:09.41,12114.68,11995,9591,12000,18722,11990,654,11985,7721
2020-06-11 09:46:10.16,12114.68,11995,8236,12000,18722,11990,654,11985,7721
2020-06-11 09:46:11.13,12114.68,11995,2648,12000,15019,11990,7404,11985,9771
2020-06-11 09:46:11.38,12115.07,11995,1648,12000,15019,11990,8404,11985,9771
2020-06-11 09:46:12.28,12115.07,11995,1648,12000,17076,11990,8400,11985,9771
2020-06-11 09:46:13.77,12115.07,11995,1648,12000,17076,11990,10550,11985,9771
2020-06-11 09:46:14.31,12115.07,11995,3651,12000,17076,11990,10547,11985,7721
2020-06-11 09:46:15.39,12115.07,11995,1648,12000,17076,11990,10547,11985,7721
2020-06-11 09:46:15.80,12115.07,11995,1648,12000,17076,11990,10547,11985,9771
2020-06-11 09:46:16.91,12115.07,11995,1648,12000,17076,11990,10877,11985,9771
2020-06-11 09:46:18.00,12115.07,11995,1648,12000,17076,11990,10877,11985,9781
2020-06-11 09:46:19.58,12115.07,11995,1648,12000,17076,11990,10877,11985,9781
2020-06-11 09:46:21.14,12115.07,12000,15413,12005,8445,11995,1000,11990,11920
2020-06-11 09:46:21.61,12119.29,12000,14274,12005,8445,11995,7832,11990,11920
2020-06-11 09:46:22.69,12119.29,12000,14274,12005,8445,11995,7932,11990,12002
2020-06-11 09:46:22.90,12119.29,12000,14274,12005,8445,11995,7932,11990,12002
2020-06-11 09:46:24.75,12119.29,12000,14151,12005,8445,11995,7932,11990,12002
2020-06-11 09:46:25.81,12119.29,12000,16208,12005,8445,11995,1212,11990,12002
2020-06-11 09:46:26.84,12119.29,12000,16208,12005,8445,11995,1212,11990,12002
2020-06-11 09:46:27.20,12119.29,12000,16168,12005,8445,11990,12002,11985,7813
2020-06-11 09:46:27.90,12119.29,12000,16168,12005,8445,11995,123,11990,12002
2020-06-11 09:46:29.20,12119.29,11995,500,12000,16168,11990,12002,11985,9921
2020-06-11 09:46:29.92,12119.29,11995,500,12000,16169,11990,12102,11985,7813
2020-06-11 09:46:30.50,12119.29,11995,500,12000,16369,11990,12102,11985,7813
2020-06-11 09:46:31.64,12119.29,11995,499,12000,16369,11990,12102,11985,7813
2020-06-11 09:46:34.28,12119.08,12000,16369,12005,8445,11990,12106,11985,7813
2020-06-11 09:46:35.29,12119.08,12000,16369,12005,8445,11995,566,11990,12106
2020-06-11 09:46:35.49,12119.08,12000,16369,12005,8445,11990,12106,11985,9863
2020-06-11 09:46:36.31,12119.08,12000,16369,12005,8445,11990,12106,11985,9868
2020-06-11 09:46:37.37,12119.08,12000,16344,12005,8445,11990,12106,11985,9868
2020-06-11 09:46:38.40,12119.08,11995,1000,12000,16344,11990,12106,11985,7818
2020-06-11 09:46:39.49,12119.08,12000,17208,12005,8445,11990,12106,11985,7818
2020-06-11 09:46:39.81,12119.08,12000,17208,12005,8445,11990,12106,11985,7823
2020-06-11 09:46:40.60,12119.08,11995,1000,12000,17208,11990,12106,11985,7823
2020-06-11 09:46:41.60,12118.69,11995,6588,12000,17208,11990,12106,11985,7823
2020-06-11 09:46:42.62,12118.69,11995,1000,12000,17208,11990,12106,11985,7823
2020-06-11 09:46:43.63,12118.69,11995,995,12000,17208,11990,12106,11985,7823
2020-06-11 09:46:43.80,12118.69,11995,995,12000,17208,11990,12106,11985,7823
2020-06-11 09:46:44.76,12118.69,11995,1789,12000,17208,11990,12106,11985,7823
2020-06-11 09:46:44.94,12118.69,11995,1789,12000,17208,11990,12106,11985,7823
2020-06-11 09:46:45.76,12118.69,11995,1769,12000,17208,11990,12106,11985,7823
2020-06-11 09:46:46.96,12118.69,11995,1764,12000,17208,11990,12106,11985,7823
2020-06-11 09:46:48.91,12118.69,11995,2181,12000,17008,11990,12106,11985,7823
2020-06-11 09:46:50.57,12118.69,11995,2181,12000,17008,11990,12110,11985,7823
2020-06-11 09:46:53.61,12119.87,11995,2181,12000,17008,11990,12110,11985,7823
2020-06-11 09:46:55.72,12119.87,11995,2181,12000,17008,11990,12110,11985,7823
2020-06-11 09:46:57.07,12119.87,11995,2151,12000,17008,11990,12110,11985,7823
2020-06-11 09:46:57.78,12119.87,11995,2151,12000,17008,11990,12140,11985,7823
2020-06-11 09:46:59.30,12119.87,11995,2151,12000,17008,11990,12140,11985,7853
2020-06-11 09:47:00.61,12118.87,11995,2151,12000,17008,11990,12140,11985,7853
2020-06-11 09:47:01.56,12118.87,11995,7739,12000,17038,11990,12140,11985,7853
2020-06-11 09:47:02.84,12118.87,11995,7739,12000,17038,11990,12110,11985,7853
2020-06-11 09:47:04.09,12118.87,11995,2151,12000,17038,11990,12110,11985,7853
2020-06-11 09:47:05.23,12118.87,11995,2151,12000,17038,11990,12110,11985,7823
2020-06-11 09:47:06.81,12118.87,11995,2151,12000,17038,11990,12110,11985,7823
2020-06-11 09:47:07.77,12118.87,11995,2151,12000,17038,11990,12110,11985,7823
2020-06-11 09:47:08.11,12118.87,11995,2151,12000,17038,11990,12110,11985,9873
2020-06-11 09:47:10.09,12118.87,11995,2151,12000,17038,11990,12110,11985,9873
2020-06-11 09:47:10.95,12118.87,11995,2151,12000,17038,11990,12110,11985,9873
2020-06-11 09:47:11.20,12118.87,11995,2126,12000,17038,11990,12110,11985,9873
2020-06-11 09:47:11.97,12118.46,11995,2126,12000,17038,11990,12110,11985,9873
2020-06-11 09:47:12.61,12118.46,11995,2126,12000,14991,11990,12110,11985,9873
2020-06-11 09:47:13.56,12118.46,11995,2126,12000,14991,11990,12110,11985,7823
2020-06-11 09:47:13.87,12118.46,11995,2126,12000,17248,11990,12110,11985,7823
2020-06-11 09:47:16.20,12118.46,11995,2126,12000,17248,11990,12110,11985,7823
2020-06-11 09:47:17.18,12118.46,11995,2126,12000,17247,11990,12110,11985,7823
2020-06-11 09:47:17.29,12118.46,11995,2130,12000,17247,11990,12110,11985,7823
2020-06-11 09:47:18.20,12118.46,11995,2130,12000,17247,11990,12110,11985,7823
2020-06-11 09:47:18.73,12118.46,11995,2130,12000,17247,11990,12110,11985,7823
2020-06-11 09:47:20.93,12118.46,12000,16247,12005,8336,11990,13410,11985,9873
2020-06-11 09:47:21.31,12119.36,12000,7440,12005,8336,11995,6750,11990,13410
2020-06-11 09:47:22.54,12119.36,12000,7440,12005,8336,11995,8750,11990,13410
2020-06-11 09:47:22.81,12119.36,12000,14190,12005,8336,11995,6750,11990,13410
2020-06-11 09:47:24.53,12119.36,12000,14190,12005,8336,11995,6750,11990,13410
2020-06-11 09:47:24.81,12119.36,12000,14190,12005,8336,11995,7150,11990,13410
2020-06-11 09:47:25.59,12119.36,12000,14190,12005,8336,11995,6743,11990,13410
2020-06-11 09:47:26.62,12119.36,12000,14190,12005,8336,11995,6743,11990,13410
2020-06-11 09:47:28.27,12119.36,12000,14190,12005,8336,11990,13410,11985,9873
2020-06-11 09:47:28.81,12119.36,12000,14190,12005,8336,11990,13410,11985,9873
2020-06-11 09:47:29.40,12119.36,12000,14190,12005,8336,11990,13418,11985,9873
2020-06-11 09:47:30.30,12119.36,12000,14190,12005,8336,11990,13418,11985,9873
2020-06-11 09:47:32.37,12121.4,12000,14190,12005,8336,11990,13418,11985,9873
2020-06-11 09:47:33.32,12121.4,12000,14190,12005,8336,11990,13418,11985,9873
2020-06-11 09:47:33.71,12121.4,12000,14190,12005,8336,11990,13418,11985,9873
2020-06-11 09:47:34.46,12121.4,12000,14190,12005,8336,11990,13418,11985,9873
2020-06-11 09:47:34.94,12121.4,12000,14190,12005,8336,11990,13418,11985,9873
2020-06-11 09:47:35.93,12121.4,12000,14190,12005,8336,11990,13418,11985,9873
2020-06-11 09:47:36.97,12121.4,12000,7440,12005,8336,11995,6743,11990,13418
2020-06-11 09:47:37.44,12121.4,12000,7440,12005,8336,11995,6743,11990,13418
2020-06-11 09:47:39.13,12121.4,12000,14190,12005,8336,11995,6943,11990,13418
2020-06-11 09:47:39.41,12121.4,12000,14190,12005,8336,11995,6943,11990,13418
2020-06-11 09:47:40.13,12121.4,12000,14190,12005,8336,11995,6943,11990,13418
2020-06-11 09:47:40.50,12121.4,12000,14190,12005,8336,11995,6943,11990,13418
2020-06-11 09:47:41.71,12122.49,12000,14190,12005,8336,11995,6943,11990,13418
2020-06-11 09:47:42.91,12122.49,12000,7440,12005,8336,11995,6943,11990,13418
2020-06-11 09:47:43.78,12122.49,12005,5993,12010,11248,11995,6943,11990,15472
2020-06-11 09:47:44.03,12122.49,12000,1,12005,306,11995,8943,11990,15472
2020-06-11 09:47:44.91,12122.49,12005,306,12010,7553,12000,1986,11995,8919
2020-06-11 09:47:45.33,12122.49,12005,5968,12010,7553,12000,1986,11995,8919
2020-06-11 09:47:45.89,12122.49,12005,5968,12010,7553,11995,7919,11990,13418
2020-06-11 09:47:47.02,12122.49,12000,6750,12005,8079,11995,1200,11990,13418
2020-06-11 09:47:47.25,12122.49,12000,6750,12005,8079,11995,7919,11990,13418
2020-06-11 09:47:48.10,12122.49,12000,6750,12005,8079,11995,7919,11990,13418
2020-06-11 09:47:49.30,12122.49,12000,6750,12005,8079,11995,7919,11990,13418
2020-06-11 09:47:50.33,12122.49,12000,6076,12005,8079,11995,7919,11990,13418
2020-06-11 09:47:51.53,12125.73,12000,6076,12005,8079,11995,8219,11990,13118
2020-06-11 09:47:52.14,12125.73,12005,8021,12010,9950,11995,8219,11990,15230
2020-06-11 09:47:52.77,12125.73,12005,5968,12010,9950,11995,8219,11990,15230
2020-06-11 09:47:54.91,12125.73,12005,5968,12010,9950,11995,8219,11990,15230
2020-06-11 09:47:55.92,12125.73,12005,5968,12010,9950,12000,1708,11995,8219
2020-06-11 09:47:56.94,12125.73,12005,5968,12010,9831,12000,1708,11995,8859
2020-06-11 09:47:58.20,12125.73,12005,5968,12010,9831,12000,1708,11995,10859
2020-06-11 09:47:59.03,12125.73,12005,306,12010,9831,12000,8528,11995,8859
2020-06-11 09:47:59.47,12125.73,12005,5968,12010,9831,12000,8528,11995,10859
2020-06-11 09:48:00.00,12125.73,12005,5968,12010,9831,12000,8728,11995,10859
2020-06-11 09:48:01.12,12125.73,12005,5968,12010,9831,12000,1978,11995,10659
2020-06-11 09:48:01.50,12124.85,12005,5968,12010,9831,12000,1978,11995,8659
2020-06-11 09:48:02.26,12124.85,12005,306,12010,9831,12000,8728,11995,10659
2020-06-11 09:48:03.26,12124.85,12010,7434,12015,9608,12000,9828,11995,10659
2020-06-11 09:48:03.79,12124.85,12010,7434,12015,7157,12005,5210,12000,11832
2020-06-11 09:48:04.86,12124.85,12010,7434,12015,7157,12005,5210,12000,11842
2020-06-11 09:48:05.11,12124.85,12010,7434,12015,9260,12005,5210,12000,11842
2020-06-11 09:48:05.89,12124.85,12010,9483,12015,9260,12000,10270,11995,8659
2020-06-11 09:48:06.90,12124.85,12010,9483,12015,9260,12000,10170,11995,8659
2020-06-11 09:48:07.23,12124.85,12010,7434,12015,9260,12000,9970,11995,10891
2020-06-11 09:48:07.96,12124.85,12010,684,12015,9260,12005,5210,12000,11974
2020-06-11 09:48:09.03,12124.85,12015,7157,12020,5961,12005,7334,12000,11974
2020-06-11 09:48:09.40,12124.85,12015,7157,12020,5961,12005,5210,12000,11974
2020-06-11 09:48:10.18,12124.85,12015,9260,12020,8350,12000,11974,11995,10901
2020-06-11 09:48:11.23,12124.85,12010,6750,12015,9341,12000,11974,11995,10901
2020-06-11 09:48:12.28,12127.69,12010,6750,12015,9341,12000,11974,11995,10901
2020-06-11 09:48:13.34,12127.69,12010,6750,12015,9141,12000,11974,11995,10901
2020-06-11 09:48:13.81,12127.69,12010,6750,12015,9141,12005,7090,12000,11974
2020-06-11 09:48:14.95,12127.69,12010,400,12015,7038,12005,7090,12000,11974
2020-06-11 09:48:15.98,12127.69,12015,7038,12020,5961,12005,7100,12000,11974
2020-06-11 09:48:16.27,12127.69,12015,288,12020,8118,12005,9108,12000,11974
2020-06-11 09:48:17.07,12127.69,12010,1,12015,7013,12005,9108,12000,11974
2020-06-11 09:48:18.09,12127.69,12015,6931,12020,8118,12010,2,12005,7100
2020-06-11 09:48:18.30,12127.69,12015,4341,12020,8118,12010,2,12005,7100
2020-06-11 09:48:19.15,12127.69,12015,4259,12020,8118,12010,6731,12005,7100
2020-06-11 09:48:20.12,12127.69,12015,1000,12020,8118,12010,6641,12005,7182
2020-06-11 09:48:20.41,12127.69,12015,8090,12020,8118,12010,82,12005,7182
2020-06-11 09:48:21.21,12128.32,12015,8022,12020,8118,12010,82,12005,7182
2020-06-11 09:48:21.63,12128.32,12015,8022,12020,8118,12010,92,12005,7182
2020-06-11 09:48:22.79,12128.32,12015,8222,12020,8318,12010,92,12005,7182
2020-06-11 09:48:23.01,12128.32,12015,8222,12020,8318,12010,92,12005,7182
2020-06-11 09:48:23.85,12128.32,12015,8290,12020,8318,12010,92,12005,7182
2020-06-11 09:48:25.10,12128.32,12015,1200,12020,8318,12010,6651,12005,7182
2020-06-11 09:48:25.91,12128.32,12015,200,12020,8318,12010,7781,12005,7182
2020-06-11 09:48:27.01,12128.32,12015,7290,12020,8318,12010,1222,12005,7182
2020-06-11 09:48:28.33,12128.32,12015,10370,12020,8318,12005,7182,12000,10267
2020-06-11 09:48:29.11,12128.32,12015,10370,12020,8318,12005,7182,12000,10267
2020-06-11 09:48:30.13,12128.32,12015,8325,12020,8318,12005,7182,12000,10267
2020-06-11 09:48:30.54,12128.32,12015,8325,12020,8318,12005,8182,12000,10267
2020-06-11 09:48:35.92,12129.53,12015,8325,12020,8318,12005,8182,12000,10267
2020-06-11 09:48:36.94,12129.53,12015,8325,12020,8318,12005,8182,12000,10267
2020-06-11 09:48:38.00,12129.53,12015,10370,12020,8318,12010,41,12005,8182
2020-06-11 09:48:38.30,12129.53,12015,10370,12020,8318,12005,8182,12000,10267
2020-06-11 09:48:39.02,12129.53,12015,10170,12020,8318,12005,8182,12000,10267
2020-06-11 09:48:39.41,12129.53,12010,1000,12015,10170,12005,1092,12000,8263
2020-06-11 09:48:40.11,12129.53,12010,7750,12015,10135,12005,857,12000,8263
2020-06-11 09:48:41.06,12129.53,12010,7750,12015,10135,12005,7947,12000,10267
2020-06-11 09:48:41.30,12130.69,12010,7750,12015,10135,12005,8015,12000,8263
2020-06-11 09:48:42.59,12130.69,12010,1000,12015,10135,12005,8015,12000,8263
2020-06-11 09:48:43.77,12130.69,12015,10135,12020,8318,12005,8015,12000,10267
2020-06-11 09:48:43.94,12130.69,12015,10135,12020,8318,12005,8015,12000,10267
2020-06-11 09:48:45.09,12130.69,12015,10146,12020,8318,12005,8015,12000,10267
2020-06-11 09:48:46.94,12130.69,12015,10146,12020,8318,12005,8015,12000,10267
2020-06-11 09:48:48.00,12130.69,12015,10146,12020,8318,12010,145,12005,8015
2020-06-11 09:48:48.25,12130.69,12015,11,12020,6161,12010,6559,12005,8215
2020-06-11 09:48:49.05,12130.69,12015,11,12020,6161,12010,6559,12005,10281
2020-06-11 09:48:49.50,12130.69,12015,11,12020,6161,12010,3453,12005,8215
2020-06-11 09:48:50.34,12130.69,12015,11,12020,8141,12010,3653,12005,10023
2020-06-11 09:48:51.20,12131.19,12020,9128,12025,13965,12010,3653,12005,10023
2020-06-11 09:48:52.15,12131.19,12015,1000,12020,9128,12010,3653,12005,10023
2020-06-11 09:48:52.67,12131.19,12015,8090,12020,9128,12010,3653,12005,10023
2020-06-11 09:48:53.76,12131.19,12015,8090,12020,9128,12010,3569,12005,10023
2020-06-11 09:48:54.11,12131.19,12015,8090,12020,9128,12010,200,12005,8015
2020-06-11 09:48:54.73,12131.19,12015,8090,12020,9128,12005,8015,12000,10267
2020-06-11 09:48:56.90,12131.19,12015,8290,12020,9128,12005,8015,12000,10267
2020-06-11 09:48:58.00,12131.19,12010,200,12015,8290,12005,8015,12000,10267
2020-06-11 09:48:58.23,12131.19,12015,8290,12020,9128,12005,8015,12000,10267
2020-06-11 09:48:59.06,12131.19,12015,8290,12020,9128,12005,8015,12000,10267
2020-06-11 09:48:59.51,12131.19,12015,8290,12020,9128,12005,8015,12000,10267
2020-06-11 09:49:01.01,12131.19,12015,8290,12020,9128,12005,8015,12000,10267
2020-06-11 09:49:02.20,12130.64,12015,8290,12020,9128,12010,200,12005,8015
2020-06-11 09:49:03.54,12130.64,12015,8290,12020,9128,12010,200,12005,8015
2020-06-11 09:49:04.31,12130.64,12015,8290,12020,9128,12010,7290,12005,10023
2020-06-11 09:49:05.35,12130.64,12015,7290,12020,9128,12010,7290,12005,10023
2020-06-11 09:49:05.90,12130.64,12015,7290,12020,9128,12010,7290,12005,10023
2020-06-11 09:49:07.10,12130.64,12015,7370,12020,9128,12010,7290,12005,10023
2020-06-11 09:49:09.40,12130.64,12015,7370,12020,9128,12010,200,12005,10023
2020-06-11 09:49:10.10,12130.64,12015,7370,12020,9128,12010,7090,12005,10023
2020-06-11 09:49:11.24,12131.08,12015,7370,12020,9159,12010,7090,12005,10023
2020-06-11 09:49:13.60,12131.08,12015,7370,12020,9159,12010,7090,12005,10023
2020-06-11 09:49:14.80,12131.08,12015,7370,12020,9159,12010,7090,12005,10023
2020-06-11 09:49:16.94,12131.08,12015,7370,12020,9159,12010,7090,12005,10023
2020-06-11 09:49:18.00,12131.08,12015,7370,12020,9159,12010,7090,12005,10023
2020-06-11 09:49:18.63,12131.08,12015,7370,12020,9159,12010,7090,12005,10023
2020-06-11 09:49:19.55,12131.08,12015,280,12020,9159,12010,7090,12005,10023
2020-06-11 09:49:19.83,12131.08,12015,280,12020,9159,12010,10725,12005,10023
2020-06-11 09:49:20.66,12131.08,12015,7370,12020,9159,12010,3635,12005,10023
2020-06-11 09:49:23.67,12131.98,12015,7370,12020,9159,12010,3665,12005,10023
2020-06-11 09:49:24.74,12131.98,12015,7345,12020,9159,12010,3665,12005,10023
2020-06-11 09:49:24.88,12131.98,12015,7345,12020,9159,12010,3665,12005,10023
2020-06-11 09:49:25.89,12131.98,12020,7060,12025,10318,12010,10755,12005,10023
2020-06-11 09:49:26.21,12131.98,12020,7060,12025,10318,12010,12767,12005,10023
2020-06-11 09:49:26.83,12131.98,12020,7060,12025,10318,12010,12767,12005,10023
2020-06-11 09:49:27.99,12131.98,12015,7090,12020,9101,12010,3665,12005,8015
2020-06-11 09:49:28.19,12131.98,12015,7090,12020,9101,12010,3665,12005,8015
2020-06-11 09:49:29.30,12131.98,12015,7090,12020,9101,12010,3665,12005,10023
2020-06-11 09:49:31.16,12131.98,12020,9101,12025,12471,12010,10755,12005,10023
2020-06-11 09:49:31.47,12130.93,12015,7090,12020,9101,12010,3665,12005,10023
2020-06-11 09:49:32.23,12130.93,12015,7090,12020,9101,12010,3666,12005,10023
2020-06-11 09:49:33.70,12130.93,12015,7090,12020,9101,12010,3666,12005,10023
2020-06-11 09:49:35.35,12130.93,12015,7090,12020,9101,12010,10756,12005,10024
2020-06-11 09:49:36.98,12130.93,12015,6674,12020,9101,12010,3666,12005,10082
2020-06-11 09:49:37.35,12130.93,12015,6674,12020,9101,12010,3740,12005,10082
2020-06-11 09:49:38.10,12130.93,12015,6674,12020,9101,12010,2994,12005,10082
2020-06-11 09:49:40.15,12130.93,12015,6674,12020,9101,12010,10084,12005,10082
2020-06-11 09:49:42.21,12129.65,12015,6674,12020,9101,12010,10284,12005,10082
2020-06-11 09:49:44.80,12129.65,12015,6674,12020,9101,12010,10284,12005,10082
2020-06-11 09:49:45.01,12129.65,12015,6674,12020,9101,12010,10284,12005,10082
2020-06-11 09:49:45.91,12129.65,12015,6674,12020,9973,12010,10284,12005,10082
2020-06-11 09:49:46.88,12129.65,12015,6674,12020,9973,12010,10294,12005,10082
2020-06-11 09:49:47.96,12129.65,12015,6674,12020,9973,12010,10294,12005,10082
2020-06-11 09:49:48.51,12129.65,12015,6674,12020,9973,12010,10410,12005,10082
2020-06-11 09:49:49.51,12129.65,12015,6674,12020,9973,12010,10410,12005,10082
2020-06-11 09:49:49.91,12129.65,12015,6654,12020,9973,12010,10410,12005,10082
2020-06-11 09:49:50.60,12129.65,12015,6654,12020,9973,12010,10410,12005,10082
2020-06-11 09:49:53.21,12130.86,12015,6654,12020,9973,12010,10360,12005,10082
2020-06-11 09:49:53.41,12130.86,12020,7932,12025,12351,12010,10360,12005,10082
2020-06-11 09:49:54.28,12130.86,12020,7982,12025,12351,12010,10361,12005,10082
2020-06-11 09:49:55.85,12130.86,12020,7982,12025,12351,12010,10361,12005,10082
2020-06-11 09:49:57.21,12130.86,12020,7958,12025,12351,12010,10361,12005,10082
2020-06-11 09:50:00.10,12130.86,12020,7968,12025,12351,12010,10361,12005,10082
2020-06-11 09:50:01.50,12128.54,12020,7852,12025,12351,12010,10245,12005,10082
2020-06-11 09:50:02.74,12128.54,12020,7852,12025,12351,12015,32,12010,10245
2020-06-11 09:50:03.83,12128.54,12020,7852,12025,12351,12015,32,12010,10275
2020-06-11 09:50:04.83,12128.54,12020,7852,12025,12361,12015,32,12010,10275
2020-06-11 09:50:05.00,12128.54,12020,7852,12025,12361,12015,32,12010,10275
2020-06-11 09:50:06.37,12128.54,12020,7852,12025,12361,12015,32,12010,10275
2020-06-11 09:50:06.61,12128.54,12020,7852,12025,12361,12015,32,12010,10275
2020-06-11 09:50:07.42,12128.54,12020,7852,12025,12361,12015,32,12010,10275
2020-06-11 09:50:07.80,12128.54,12020,7852,12025,12361,12010,10275,12005,10112
2020-06-11 09:50:08.51,12128.54,12020,7852,12025,12361,12010,10275,12005,10112
2020-06-11 09:50:09.56,12128.54,12020,7880,12025,12361,12010,10275,12005,10112
2020-06-11 09:50:09.87,12128.54,12020,7880,12025,12361,12010,11275,12005,10112
2020-06-11 09:50:10.67,12128.54,12020,7880,12025,12361,12010,11275,12005,10112
2020-06-11 09:50:11.69,12128.54,12020,7680,12025,12361,12010,11075,12005,10112
2020-06-11 09:50:13.29,12129.49,12020,7680,12025,12361,12010,11100,12005,10112
2020-06-11 09:50:13.64,12129.49,12020,7680,12025,12361,12015,500,12010,11100
2020-06-11 09:50:15.81,12129.49,12020,7680,12025,12361,12015,500,12010,11100
2020-06-11 09:50:17.43,12129.49,12020,7680,12025,12361,12015,500,12010,11100
2020-06-11 09:50:18.43,12129.49,12020,7680,12025,12777,12015,500,12010,11100
2020-06-11 09:50:18.73,12129.49,12020,7680,12025,12777,12015,500,12010,11100
2020-06-11 09:50:19.56,12129.49,12020,7680,12025,12777,12015,7250,12010,13612
2020-06-11 09:50:20.01,12129.49,12020,2193,12025,10624,12015,7250,12010,13612
2020-06-11 09:50:20.68,12129.49,12020,2193,12025,10624,12015,7250,12010,13612
2020-06-11 09:50:21.62,12130.45,12020,2193,12025,10624,12015,7450,12010,13612
2020-06-11 09:50:21.92,12130.45,12020,7680,12025,12661,12015,7450,12010,13412
2020-06-11 09:50:22.70,12130.45,12020,7680,12025,12661,12015,7450,12010,13412
2020-06-11 09:50:23.71,12130.45,12020,7677,12025,12661,12015,7450,12010,13412
2020-06-11 09:50:24.79,12130.45,12020,7677,12025,12661,12015,700,12010,13412
2020-06-11 09:50:24.90,12130.45,12020,7677,12025,12661,12015,700,12010,11400
2020-06-11 09:50:25.31,12130.45,12020,7677,12025,12661,12015,300,12010,11400
2020-06-11 09:50:26.96,12130.45,12020,7677,12025,12667,12015,300,12010,11400
2020-06-11 09:50:27.98,12130.45,12020,7677,12025,12667,12015,300,12010,11400
2020-06-11 09:50:28.23,12130.45,12020,7677,12025,12667,12015,300,12010,11400
2020-06-11 09:50:29.04,12130.45,12020,7677,12025,12667,12015,300,12010,11400
2020-06-11 09:50:30.80,12130.45,12020,7677,12025,12667,12015,300,12010,11400
2020-06-11 09:50:31.65,12131.74,12020,7653,12025,12667,12015,300,12010,11400
2020-06-11 09:50:32.21,12131.74,12020,7653,12025,12667,12015,300,12010,11400
2020-06-11 09:50:32.90,12131.74,12020,7653,12025,12667,12015,300,12010,11400
2020-06-11 09:50:33.68,12131.74,12020,7653,12025,12667,12015,300,12010,11370
2020-06-11 09:50:34.69,12131.74,12020,7653,12025,12667,12015,300,12010,11370
2020-06-11 09:50:36.83,12131.74,12020,7653,12025,12667,12015,300,12010,11370
2020-06-11 09:50:37.01,12131.74,12020,7653,12025,12667,12015,330,12010,11370
2020-06-11 09:50:38.10,12131.74,12020,7623,12025,12667,12015,330,12010,11370
2020-06-11 09:50:40.10,12131.74,12020,7623,12025,12667,12015,330,12010,13382
2020-06-11 09:50:41.08,12133.13,12020,7623,12025,12667,12015,360,12010,13382
2020-06-11 09:50:44.10,12133.13,12020,7642,12025,12667,12015,360,12010,13382
2020-06-11 09:50:45.30,12133.13,12020,7642,12025,12667,12015,300,12010,13382
2020-06-11 09:50:48.44,12133.13,12020,7642,12025,12667,12015,300,12010,13382
2020-06-11 09:50:54.75,12136.45,12020,7684,12025,12667,12015,300,12010,11370
2020-06-11 09:50:56.33,12136.45,12020,7684,12025,12667,12015,300,12010,13382
2020-06-11 09:50:56.62,12136.45,12020,7684,12025,12667,12015,300,12010,11370
2020-06-11 09:50:58.87,12136.45,12020,2197,12025,12667,12015,7050,12010,11370
2020-06-11 09:50:59.34,12136.45,12025,12667,12030,8702,12015,7050,12010,13382
2020-06-11 09:51:00.45,12136.45,12025,10630,12030,8702,12015,7050,12010,13382
2020-06-11 09:51:00.73,12136.45,12025,10630,12030,6263,12015,9066,12010,13382
2020-06-11 09:51:01.59,12135.84,12025,10630,12030,6263,12020,30,12015,9066
2020-06-11 09:51:02.54,12135.84,12025,10630,12030,8354,12020,30,12015,9066
2020-06-11 09:51:02.90,12135.84,12025,10630,12030,8354,12020,30,12015,7050
2020-06-11 09:51:03.61,12135.84,12025,10630,12030,8354,12020,30,12015,7050
2020-06-11 09:51:04.11,12135.84,12025,11606,12030,8354,12020,59,12015,7050
2020-06-11 09:51:05.70,12135.84,12025,13643,12030,8354,12020,59,12015,7050
2020-06-11 09:51:06.20,12135.84,12020,5510,12025,13643,12015,7050,12010,13382
2020-06-11 09:51:06.87,12135.84,12020,5510,12025,13643,12015,300,12010,13382
2020-06-11 09:51:07.89,12135.84,12020,5510,12025,13643,12015,300,12010,11370
2020-06-11 09:51:08.15,12135.84,12020,6487,12025,13643,12015,300,12010,11370
2020-06-11 09:51:08.87,12135.84,12020,6610,12025,13643,12015,300,12010,11370
2020-06-11 09:51:09.40,12135.84,12020,6610,12025,13643,12015,300,12010,11370
2020-06-11 09:51:10.40,12135.84,12020,8709,12025,13643,12015,300,12010,11370
2020-06-11 09:51:10.79,12135.84,12020,8709,12025,13703,12010,8657,12005,10198
2020-06-11 09:51:11.66,12139.54,12020,8709,12025,13703,12010,1567,12005,10198
2020-06-11 09:51:12.51,12139.54,12020,8909,12025,13703,12010,1567,12005,10198
2020-06-11 09:51:13.66,12139.54,12020,8909,12025,13703,12010,1567,12005,10198
2020-06-11 09:51:14.21,12139.54,12020,8909,12025,13703,12010,8657,12005,10198
2020-06-11 09:51:15.21,12139.54,12015,1000,12020,8867,12010,8657,12005,10198
2020-06-11 09:51:15.44,12139.54,12015,7654,12020,8867,12010,1567,12005,10198
2020-06-11 09:51:16.30,12139.54,12015,7654,12020,8867,12005,8016,12000,11398
2020-06-11 09:51:16.74,12139.54,12010,6750,12015,9699,12005,8216,12000,9394
2020-06-11 09:51:17.41,12139.54,12010,6680,12015,9699,12005,1201,12000,9394
2020-06-11 09:51:18.36,12139.54,12010,6680,12015,9699,12005,8291,12000,11198
2020-06-11 09:51:18.77,12139.54,12015,9699,12020,8867,12005,8291,12000,11198
2020-06-11 09:51:19.43,12139.54,12015,7643,12020,8867,12010,1000,12005,8291
2020-06-11 09:51:20.55,12139.54,12015,7654,12020,8867,12010,1000,12005,8291
2020-06-11 09:51:20.93,12139.54,12015,7654,12020,8867,12010,1000,12005,8291
2020-06-11 09:51:22.13,12140.97,12015,7611,12020,8867,12010,8090,12005,10299
2020-06-11 09:51:22.57,12140.97,12015,957,12020,8867,12010,8090,12005,10299
2020-06-11 09:51:23.67,12140.97,12020,8867,12025,13703,12010,8090,12005,10299
2020-06-11 09:51:23.81,12140.97,12015,20,12020,8867,12010,8090,12005,10299
2020-06-11 09:51:24.77,12140.97,12020,6768,12025,13703,12010,8090,12005,10299
2020-06-11 09:51:25.11,12140.97,12020,6791,12025,13703,12010,8090,12005,10299
2020-06-11 09:51:25.70,12140.97,12020,8832,12025,13703,12010,8090,12005,10299
2020-06-11 09:51:26.33,12140.97,12020,8832,12025,13703,12010,8090,12005,10299
2020-06-11 09:51:27.39,12140.97,12020,8955,12025,13703,12010,8090,12005,10299
2020-06-11 09:51:27.75,12140.97,12020,8955,12025,13703,12015,42,12010,8090
2020-06-11 09:51:28.91,12140.97,12020,8955,12025,13703,12010,8090,12005,10299
2020-06-11 09:51:29.55,12140.97,12020,8955,12025,13703,12010,8090,12005,10299
2020-06-11 09:51:30.05,12140.97,12020,8955,12025,13703,12010,8090,12005,10299
2020-06-11 09:51:32.17,12142.99,12020,8955,12025,13703,12010,8100,12005,10299
2020-06-11 09:51:33.14,12142.99,12020,8955,12025,13703,12010,8100,12005,10299
2020-06-11 09:51:34.30,12142.99,12020,8955,12025,13703,12010,1010,12005,8291
2020-06-11 09:51:34.70,12142.99,12015,3045,12020,8955,12010,1010,12005,8291
2020-06-11 09:51:35.83,12142.99,12010,5670,12015,7684,12005,1201,12000,11198
2020-06-11 09:51:36.12,12142.99,12015,9729,12020,8955,12010,75,12005,8291
2020-06-11 09:51:36.76,12142.99,12015,7684,12020,8955,12005,8301,12000,11198
2020-06-11 09:51:37.89,12142.99,12015,7684,12020,8955,12005,8301,12000,11198
2020-06-11 09:51:38.14,12142.99,12015,8005,12020,8955,12005,8301,12000,11198
2020-06-11 09:51:38.95,12142.99,12015,8005,12020,8955,12010,7090,12005,8301
2020-06-11 09:51:39.43,12142.99,12015,8005,12020,8955,12005,8301,12000,11198
2020-06-11 09:51:40.03,12142.99,12015,8005,12020,8955,12005,8301,12000,11198
2020-06-11 09:51:41.07,12142.99,12015,1351,12020,8955,12010,7090,12005,10309
2020-06-11 09:51:41.50,12142.44,12015,1351,12020,8955,12010,7090,12005,10309
2020-06-11 09:51:43.65,12142.44,12015,1351,12020,8955,12010,7090,12005,10309
2020-06-11 09:51:44.70,12142.44,12015,1351,12020,8955,12010,7090,12005,10309
2020-06-11 09:51:44.87,12142.44,12015,8005,12020,8955,12005,8301,12000,11198
2020-06-11 09:51:45.75,12142.44,12015,8005,12020,8955,12005,8301,12000,11198
2020-06-11 09:51:46.00,12142.44,12015,8005,12020,8955,12005,8301,12000,11198
2020-06-11 09:51:47.26,12142.44,12015,8005,12020,9371,12005,8301,12000,11198
2020-06-11 09:51:49.46,12142.44,12015,8005,12020,9371,12005,8611,12000,11198
2020-06-11 09:51:51.54,12133.17,12015,1351,12020,9411,12010,7090,12005,8611
2020-06-11 09:51:52.62,12133.17,12015,1351,12020,9411,12010,7090,12005,10677
2020-06-11 09:51:53.68,12133.17,12015,8005,12020,9411,12005,8611,12000,11198
2020-06-11 09:51:55.13,12133.17,12015,8005,12020,9471,12005,8611,12000,11198
2020-06-11 09:51:58.40,12133.17,12015,8005,12020,9471,12005,10619,12000,11198
2020-06-11 09:51:58.71,12133.17,12015,1351,12020,9471,12010,7090,12005,10619
2020-06-11 09:51:59.46,12133.17,12015,1351,12020,9471,12010,7090,12005,10619
2020-06-11 09:52:00.07,12133.17,12015,8006,12020,9471,12010,7090,12005,10619
2020-06-11 09:52:01.07,12133.17,12015,1352,12020,9471,12010,6939,12005,10619
2020-06-11 09:52:01.52,12129.73,12015,1352,12020,9471,12010,6939,12005,10619
2020-06-11 09:52:02.61,12129.73,12015,1352,12020,9471,12010,6939,12005,10619
2020-06-11 09:52:03.10,12129.73,12015,1352,12020,9471,12010,6939,12005,10619
2020-06-11 09:52:04.22,12129.73,12015,1352,12020,9471,12010,6851,12005,10619
2020-06-11 09:52:04.60,12129.73,12015,1352,12020,9471,12010,6851,12005,10619
2020-06-11 09:52:05.79,12129.73,12015,352,12020,7430,12010,6861,12005,10619
2020-06-11 09:52:06.10,12129.73,12020,7430,12025,11210,12010,7213,12005,10629
2020-06-11 09:52:06.80,12129.73,12015,1000,12020,7504,12010,7213,12005,10629
2020-06-11 09:52:07.86,12129.73,12020,7504,12025,13363,12010,9225,12005,10629
2020-06-11 09:52:08.21,12129.73,12020,2036,12025,13363,12010,9225,12005,10629
2020-06-11 09:52:08.91,12129.73,12020,2036,12025,13363,12010,9225,12005,10629
2020-06-11 09:52:10.00,12129.73,12020,2036,12025,11210,12010,9225,12005,10629
2020-06-11 09:52:10.39,12129.73,12020,2036,12025,11210,12015,2016,12010,9225
2020-06-11 09:52:11.52,12128.62,12020,1,12025,11210,12015,6750,12010,9225
2020-06-11 09:52:11.96,12128.62,12020,1,12025,11210,12015,6750,12010,9225
2020-06-11 09:52:12.60,12128.62,12020,1,12025,11210,12015,9766,12010,9225
2020-06-11 09:52:13.63,12128.62,12025,11210,12030,8355,12020,60,12015,9766
2020-06-11 09:52:13.86,12128.62,12020,1000,12025,11210,12015,7750,12010,9225
2020-06-11 09:52:14.66,12128.62,12020,1000,12025,11210,12015,7750,12010,9225
2020-06-11 09:52:15.10,12128.62,12020,877,12025,11210,12015,7750,12010,9225
2020-06-11 09:52:16.24,12128.62,12020,877,12025,11210,12015,7750,12010,9225
2020-06-11 09:52:16.56,12128.62,12020,877,12025,11210,12015,7750,12010,9225
2020-06-11 09:52:17.28,12128.62,12020,6321,12025,11210,12015,7750,12010,9225
2020-06-11 09:52:17.81,12128.62,12020,6321,12025,11270,12015,7750,12010,9225
2020-06-11 09:52:18.50,12128.62,12020,11789,12025,13307,12015,7750,12010,9225
2020-06-11 09:52:19.31,12128.62,12020,11789,12025,13307,12015,1123,12010,9225
2020-06-11 09:52:19.61,12128.62,12020,12032,12025,13307,12015,123,12010,9215
2020-06-11 09:52:20.45,12128.62,12020,12032,12025,13307,12010,7203,12005,10629
2020-06-11 09:52:20.91,12124.5,12020,12032,12025,13307,12010,7203,12005,10619
2020-06-11 09:52:22.01,12124.5,12020,12032,12025,13307,12010,6643,12005,10619
2020-06-11 09:52:22.26,12124.5,12020,12032,12025,13307,12010,6643,12005,10619
2020-06-11 09:52:23.44,12124.5,12020,12032,12025,13307,12010,6643,12005,10619
2020-06-11 09:52:24.55,12124.5,12020,12032,12025,13307,12015,40,12010,6643
2020-06-11 09:52:24.81,12124.5,12020,12032,12025,13307,12010,6643,12005,10619
2020-06-11 09:52:25.62,12124.5,12020,12032,12025,13307,12010,6341,12005,10619
2020-06-11 09:52:26.62,12124.5,12015,6624,12020,14073,12010,6341,12005,10619
2020-06-11 09:52:27.00,12124.5,12015,7624,12020,14073,12010,50,12005,10659
2020-06-11 09:52:27.67,12124.5,12015,7624,12020,14073,12010,50,12005,10699
2020-06-11 09:52:28.73,12124.5,12015,7624,12020,14073,12005,10699,12000,11248
2020-06-11 09:52:29.78,12124.5,12015,7624,12020,14103,12005,8691,12000,11248
2020-06-11 09:52:30.20,12124.5,12015,7624,12020,14163,12005,8691,12000,11278
2020-06-11 09:52:31.39,12124.5,12015,7624,12020,14163,12005,8691,12000,11278
2020-06-11 09:52:31.59,12117.79,12015,7623,12020,14163,12005,8491,12000,11278
2020-06-11 09:52:32.20,12117.79,12015,7623,12020,14163,12005,8491,12000,11278
2020-06-11 09:52:32.70,12117.79,12015,7623,12020,14163,12005,8491,12000,11268
2020-06-11 09:52:33.45,12117.79,12015,7623,12020,14163,12005,8491,12000,11268
2020-06-11 09:52:34.10,12117.79,12015,7623,12020,14163,12005,8691,12000,11268
2020-06-11 09:52:35.09,12117.79,12015,7623,12020,14163,12010,14015,12005,8691
2020-06-11 09:52:35.45,12117.79,12015,7623,12020,14163,12010,7724,12005,8691
2020-06-11 09:52:36.20,12117.79,12015,1000,12020,14163,12010,14015,12005,10699
2020-06-11 09:52:37.17,12117.79,12020,14163,12025,13247,12010,15015,12005,10699
2020-06-11 09:52:37.40,12117.79,12020,14163,12025,13247,12015,200,12010,15015
2020-06-11 09:52:38.21,12117.79,12020,12122,12025,13247,12010,15015,12005,10699
2020-06-11 09:52:41.43,12117.79,12020,12122,12025,13247,12010,15055,12005,10699
2020-06-11 09:52:41.60,12121.76,12020,12322,12025,13247,12010,15055,12005,10699
2020-06-11 09:52:42.49,12121.76,12020,12322,12025,13247,12010,15055,12005,10699
2020-06-11 09:52:43.10,12121.76,12020,12322,12025,13247,12010,15355,12005,10399
2020-06-11 09:52:45.05,12121.76,12020,12322,12025,13247,12010,15355,12005,10399
2020-06-11 09:52:46.12,12121.76,12020,12322,12025,13247,12015,123,12010,15355
2020-06-11 09:52:46.40,12121.76,12020,12422,12025,13247,12010,15355,12005,10399
2020-06-11 09:52:47.18,12121.76,12015,3,12020,12422,12010,15355,12005,10399
2020-06-11 09:52:47.60,12121.76,12015,3,12020,12422,12010,15355,12005,10399
2020-06-11 09:52:48.21,12121.76,12015,3,12020,14463,12010,15315,12005,10399
2020-06-11 09:52:48.90,12121.76,12015,6626,12020,14463,12010,7591,12005,8391
2020-06-11 09:52:49.79,12121.76,12015,6626,12020,14463,12010,1300,12005,8391
2020-06-11 09:52:50.10,12121.76,12015,6626,12020,14463,12010,1300,12005,8391
2020-06-11 09:52:50.91,12121.76,12010,2699,12015,6626,12005,8391,12000,11268
2020-06-11 09:52:51.90,12120.51,12010,2126,12015,6626,12005,8391,12000,11268
2020-06-11 09:52:52.33,12120.51,12010,2086,12015,6626,12005,8391,12000,11268
2020-06-11 09:52:53.50,12120.51,12010,2086,12015,6626,12005,10399,12000,11268
2020-06-11 09:52:54.63,12120.51,12010,2086,12015,6626,12005,10399,12000,11268
2020-06-11 09:52:55.21,12120.51,12010,2086,12015,6626,12005,10399,12000,11268
2020-06-11 09:52:55.74,12120.51,12010,2086,12015,6626,12005,10399,12000,11268
2020-06-11 09:52:56.64,12120.51,12010,2085,12015,6626,12005,10399,12000,11268
2020-06-11 09:52:57.75,12120.51,12010,2085,12015,6926,12005,10399,12000,11268
2020-06-11 09:52:58.10,12120.51,12010,2085,12015,6926,12005,8391,12000,11268
2020-06-11 09:52:59.41,12120.51,12010,2085,12015,6976,12005,8391,12000,11268
2020-06-11 09:53:00.80,12120.51,12010,2085,12015,6976,12005,10057,12000,11268
2020-06-11 09:53:01.97,12119.23,12015,6976,12020,14483,12010,5,12005,7991
2020-06-11 09:53:02.33,12119.23,12015,7996,12020,14483,12005,10057,12000,11268
2020-06-11 09:53:03.47,12119.23,12015,7996,12020,14483,12010,6291,12005,10057
2020-06-11 09:53:03.70,12119.23,12015,1373,12020,14483,12010,6291,12005,10057
2020-06-11 09:53:05.30,12119.23,12015,6443,12020,14483,12010,6291,12005,10057
2020-06-11 09:53:05.91,12119.23,12015,6443,12020,14483,12010,6291,12005,10057
2020-06-11 09:53:07.11,12119.23,12015,6443,12020,14483,12010,6291,12005,10107
2020-06-11 09:53:08.25,12119.23,12015,15334,12020,14483,12010,6291,12005,10107
2020-06-11 09:53:09.30,12119.23,12015,15334,12020,14483,12005,10107,12000,11268
2020-06-11 09:53:09.50,12119.23,12015,15334,12020,14483,12005,10107,12000,11268
2020-06-11 09:53:10.30,12119.23,12015,15334,12020,14483,12010,6291,12005,10107
2020-06-11 09:53:11.33,12114.5,12015,8711,12020,14483,12010,6291,12005,10107
2020-06-11 09:53:11.53,12114.5,12015,8711,12020,12442,12010,6291,12005,10067
2020-06-11 09:53:15.04,12114.5,12015,8711,12020,12442,12010,6291,12005,10067
2020-06-11 09:53:15.44,12114.5,12015,8711,12020,12442,12010,6291,12005,10067
2020-06-11 09:53:17.11,12114.5,12015,8711,12020,12442,12010,6291,12005,10067
2020-06-11 09:53:17.29,12114.5,12015,8711,12020,12442,12010,6291,12005,10067
2020-06-11 09:53:18.23,12114.5,12015,8711,12020,12442,12010,6286,12005,10067
2020-06-11 09:53:18.79,12114.5,12015,8711,12020,12442,12010,6291,12005,10067
2020-06-11 09:53:20.20,12114.5,12015,8711,12020,12442,12010,6291,12005,10067
2020-06-11 09:53:20.90,12114.5,12015,8711,12020,12442,12010,6291,12005,10067
2020-06-11 09:53:21.89,12114.23,12015,8711,12020,12442,12010,8303,12005,10067
2020-06-11 09:53:22.31,12114.23,12015,8711,12020,12442,12010,6291,12005,10067
2020-06-11 09:53:23.95,12114.23,12015,8711,12020,12442,12010,8731,12005,10067
2020-06-11 09:53:24.95,12114.23,12015,8711,12020,12442,12010,8732,12005,10067
2020-06-11 09:53:26.17,12114.23,12015,8711,12020,12442,12010,8732,12005,10067
2020-06-11 09:53:27.15,12114.23,12015,8711,12020,12442,12010,8732,12005,10087
2020-06-11 09:53:29.10,12114.23,12015,8711,12020,12442,12010,10744,12005,10087
2020-06-11 09:53:29.70,12114.23,12015,8711,12020,12442,12010,8732,12005,10087
2020-06-11 09:53:31.73,12118.42,12015,8711,12020,12442,12010,8732,12005,10087
2020-06-11 09:53:32.40,12118.42,12015,8711,12020,12442,12010,8732,12005,10087
2020-06-11 09:53:36.04,12118.42,12015,8711,12020,12442,12010,10744,12005,10087
2020-06-11 09:53:36.54,12118.42,12015,7711,12020,12442,12010,10749,12005,10087
2020-06-11 09:53:37.65,12118.42,12020,12442,12025,13247,12010,10749,12005,10087
2020-06-11 09:53:37.83,12118.42,12020,12442,12025,13247,12010,8309,12005,10087
2020-06-11 09:53:39.97,12118.42,12020,12442,12025,13247,12010,8309,12005,10087
2020-06-11 09:53:41.35,12118.42,12020,12442,12025,13247,12010,8309,12005,10087
2020-06-11 09:53:42.60,12119.98,12020,12442,12025,13247,12010,6297,12005,10087
2020-06-11 09:53:43.44,12119.98,12020,12442,12025,13247,12010,6297,12005,10087
2020-06-11 09:53:43.89,12119.98,12020,6998,12025,13247,12010,6297,12005,10087
2020-06-11 09:53:47.00,12119.98,12020,6998,12025,13247,12010,8309,12005,10087
2020-06-11 09:53:48.21,12119.98,12020,6998,12025,13247,12010,6297,12005,10087
2020-06-11 09:53:48.41,12119.98,12020,6998,12025,13247,12010,6297,12005,10087
2020-06-11 09:53:49.19,12119.98,12020,6998,12025,13247,12010,8309,12005,10087
2020-06-11 09:53:50.28,12119.98,12020,6998,12025,13247,12010,8336,12005,10087
2020-06-11 09:53:50.60,12121.93,12020,6998,12025,13247,12010,8336,12005,10087
2020-06-11 09:53:51.39,12121.93,12020,6998,12025,13247,12010,8336,12005,10087
2020-06-11 09:53:52.36,12121.93,12020,6998,12025,13247,12010,8636,12005,10087
2020-06-11 09:53:52.70,12121.93,12020,6998,12025,13247,12010,8636,12005,10087
2020-06-11 09:53:54.56,12121.93,12020,6998,12025,13247,12010,8636,12005,10087
2020-06-11 09:53:54.91,12121.93,12020,6998,12025,13247,12010,6624,12005,10087
2020-06-11 09:53:58.20,12121.93,12020,6998,12025,13247,12010,6624,12005,10087
2020-06-11 09:53:58.34,12121.93,12015,4719,12020,6998,12010,8636,12005,10087
2020-06-11 09:53:59.25,12121.93,12015,4719,12020,6998,12010,8636,12005,10087
2020-06-11 09:53:59.80,12121.93,12015,140,12020,5998,12010,8336,12005,10087
2020-06-11 09:54:00.83,12121.93,12020,5998,12025,11210,12010,8936,12005,10087
2020-06-11 09:54:01.30,12126.19,12020,530,12025,11210,12015,2074,12010,8936
2020-06-11 09:54:01.90,12126.19,12020,530,12025,11210,12015,8824,12010,8936
2020-06-11 09:54:02.90,12126.19,12020,5530,12025,11210,12015,8824,12010,8936
2020-06-11 09:54:03.29,12126.19,12020,3510,12025,10210,12015,8824,12010,8936
2020-06-11 09:54:04.00,12126.19,12020,3510,12025,10210,12015,8824,12010,8936
2020-06-11 09:54:05.03,12126.19,12020,3510,12025,10210,12015,8824,12010,8936
2020-06-11 09:54:05.23,12126.19,12020,3510,12025,12212,12015,6750,12010,8936
2020-06-11 09:54:06.09,12126.19,12020,9278,12025,12212,12010,8936,12005,10067
2020-06-11 09:54:07.14,12126.19,12020,9278,12025,12212,12010,8936,12005,10067
2020-06-11 09:54:07.61,12126.19,12020,9278,12025,12212,12010,8936,12005,10067
2020-06-11 09:54:08.68,12126.19,12020,9278,12025,12212,12015,10,12010,8936
2020-06-11 09:54:09.00,12126.19,12020,9278,12025,12212,12015,6760,12010,8946
2020-06-11 09:54:09.67,12126.19,12020,9272,12025,12212,12015,6760,12010,8946
2020-06-11 09:54:10.14,12126.19,12020,9272,12025,12212,12015,6960,12010,8946
2020-06-11 09:54:10.70,12126.19,12020,9272,12025,12212,12015,6960,12010,8946
2020-06-11 09:54:11.79,12124.43,12020,9272,12025,12212,12015,6960,12010,8946
2020-06-11 09:54:12.03,12124.43,12020,9262,12025,12212,12015,6960,12010,7009
2020-06-11 09:54:12.90,12124.43,12020,9262,12025,12212,12015,220,12010,7009
2020-06-11 09:54:13.14,12124.43,12020,9262,12025,12212,12015,220,12010,9066
2020-06-11 09:54:13.96,12124.43,12020,9262,12025,12212,12015,270,12010,7019
2020-06-11 09:54:14.17,12124.43,12020,9262,12025,12212,12015,270,12010,9066
2020-06-11 09:54:14.99,12124.43,12020,9262,12025,12212,12015,270,12010,9066
2020-06-11 09:54:15.26,12124.43,12020,9262,12025,12212,12015,270,12010,9066
2020-06-11 09:54:16.04,12124.43,12020,9262,12025,12212,12015,7020,12010,9066
2020-06-11 09:54:16.23,12124.43,12020,9272,12025,12212,12015,7020,12010,9066
2020-06-11 09:54:17.10,12124.43,12020,9282,12025,12212,12015,7020,12010,9066
2020-06-11 09:54:17.32,12124.43,12020,9282,12025,12212,12015,7020,12010,9066
2020-06-11 09:54:18.40,12124.43,12020,9282,12025,12212,12015,270,12010,7019
2020-06-11 09:54:19.23,12124.43,12020,9773,12025,12222,12015,270,12010,7019
2020-06-11 09:54:19.73,12124.43,12020,9773,12025,12222,12015,270,12010,7019
2020-06-11 09:54:20.87,12124.43,12020,9773,12025,12222,12015,270,12010,7019
2020-06-11 09:54:21.23,12126.43,12020,9773,12025,12222,12010,7019,12005,10087
2020-06-11 09:54:22.40,12126.43,12020,11768,12025,12222,12010,7019,12005,10087
2020-06-11 09:54:22.70,12126.43,12020,9705,12025,12222,12010,7019,12005,10087
2020-06-11 09:54:23.43,12126.43,12020,9703,12025,12222,12010,7019,12005,10087
2020-06-11 09:54:24.49,12126.43,12020,9903,12025,12222,12010,7019,12005,10087
2020-06-11 09:54:24.73,12126.43,12020,11929,12025,12222,12010,7019,12005,10087
2020-06-11 09:54:25.52,12126.43,12020,9933,12025,12212,12010,7019,12005,10087
2020-06-11 09:54:26.58,12126.43,12020,9933,12025,12212,12010,7019,12005,10087
2020-06-11 09:54:28.21,12126.43,12020,9933,12025,12212,12010,7019,12005,10087
2020-06-11 09:54:29.24,12126.43,12020,9933,12025,12212,12010,7019,12005,10087
2020-06-11 09:54:30.32,12126.43,12020,9933,12025,12212,12010,6999,12005,10067
2020-06-11 09:54:32.50,12125.01,12020,9933,12025,12212,12010,6999,12005,10067
2020-06-11 09:54:33.10,12125.01,12020,9933,12025,12212,12010,6999,12005,10067
2020-06-11 09:54:35.60,12125.01,12020,9933,12025,12212,12010,6999,12005,10067
2020-06-11 09:54:35.80,12125.01,12020,9933,12025,12212,12015,30,12010,6999
2020-06-11 09:54:36.61,12125.01,12020,7788,12025,12212,12015,30,12010,7029
2020-06-11 09:54:37.10,12125.01,12020,7788,12025,12212,12015,30,12010,7029
2020-06-11 09:54:37.77,12125.01,12020,7788,12025,12212,12015,30,12010,7029
2020-06-11 09:54:38.71,12125.01,12020,7788,12025,12212,12010,7029,12005,10097
2020-06-11 09:54:39.10,12125.01,12020,9852,12025,12212,12015,30,12010,6429
2020-06-11 09:54:39.94,12125.01,12020,9852,12025,12212,12010,6459,12005,10097
2020-06-11 09:54:40.78,12125.01,12020,9852,12025,12212,12015,30,12010,6459
2020-06-11 09:54:41.30,12130.16,12020,9952,12025,12212,12010,6459,12005,10097
2020-06-11 09:54:42.80,12130.16,12015,1000,12020,9952,12010,6459,12005,10097
2020-06-11 09:54:43.56,12130.16,12015,1000,12020,9952,12010,6459,12005,10097
2020-06-11 09:54:44.52,12130.16,12015,1000,12020,10042,12010,6459,12005,10097
2020-06-11 09:54:44.91,12130.16,12015,1000,12020,10042,12010,6409,12005,10097
2020-06-11 09:54:46.64,12130.16,12020,10042,12025,12212,12010,6349,12005,10097
2020-06-11 09:54:46.89,12130.16,12015,7623,12020,10042,12010,31,12005,10097
2020-06-11 09:54:47.75,12130.16,12015,7623,12020,10042,12005,10097,12000,12372
2020-06-11 09:54:48.23,12130.16,12015,7623,12020,10042,12005,10099,12000,12372
2020-06-11 09:54:49.34,12130.16,12015,7623,12020,10042,12005,8033,12000,12372
2020-06-11 09:54:49.51,12130.16,12015,6591,12020,10042,12005,8401,12000,12372
2020-06-11 09:54:50.31,12130.16,12015,6591,12020,10042,12010,632,12005,8401
2020-06-11 09:54:50.64,12130.16,12015,6591,12020,10042,12010,692,12005,8401
2020-06-11 09:54:51.97,12123.63,12015,6591,12020,10042,12010,692,12005,8401
2020-06-11 09:54:54.01,12123.63,12015,6591,12020,10042,12010,692,12005,8401
2020-06-11 09:54:54.43,12123.63,12015,6591,12020,10042,12005,8401,12000,12372
2020-06-11 09:54:55.59,12123.63,12015,8601,12020,10042,12005,8401,12000,12372
2020-06-11 09:54:55.81,12123.63,12015,8601,12020,10042,12005,8401,12000,12372
2020-06-11 09:54:58.79,12123.63,12015,8661,12020,10042,12005,8701,12000,12372
2020-06-11 09:54:59.85,12123.63,12015,7651,12020,10042,12005,8701,12000,12372
2020-06-11 09:55:00.29,12123.63,12015,7651,12020,7978,12005,8701,12000,12372
2020-06-11 09:55:01.42,12123.63,12015,7651,12020,10100,12005,10744,12000,12372
2020-06-11 09:55:01.79,12126.07,12015,7651,12020,10100,12005,8702,12000,12372
2020-06-11 09:55:03.42,12126.07,12015,7661,12020,10090,12005,8702,12000,12372
2020-06-11 09:55:05.46,12126.07,12015,7661,12020,10090,12005,8702,12000,12372
2020-06-11 09:55:06.65,12126.07,12015,7661,12020,10090,12005,10745,12000,12372
2020-06-11 09:55:06.87,12126.07,12015,7661,12020,10090,12005,8702,12000,12372
2020-06-11 09:55:07.66,12126.07,12015,7661,12020,10090,12010,1,12005,8702
2020-06-11 09:55:10.02,12126.07,12015,7659,12020,10090,12010,1,12005,8702
2020-06-11 09:55:10.84,12126.07,12015,7659,12020,10090,12010,1,12005,8702
2020-06-11 09:55:13.18,12126.29,12015,7659,12020,10090,12010,2,12005,8702
2020-06-11 09:55:15.62,12126.29,12015,7654,12020,10090,12005,8294,12000,12372
2020-06-11 09:55:15.90,12126.29,12015,7594,12020,10070,12005,8294,12000,12372
2020-06-11 09:55:16.69,12126.29,12010,1000,12015,7594,12005,8294,12000,12372
2020-06-11 09:55:17.65,12126.29,12015,7594,12020,10070,12010,1000,12005,8702
2020-06-11 09:55:18.13,12126.29,12015,7594,12020,10075,12005,8702,12000,12372
2020-06-11 09:55:18.72,12126.29,12015,7594,12020,10075,12005,8704,12000,12372
2020-06-11 09:55:19.79,12126.29,12015,7744,12020,10075,12005,8704,12000,12372
2020-06-11 09:55:20.02,12126.29,12015,9754,12020,10075,12005,8704,12000,12372
2020-06-11 09:55:20.88,12126.29,12015,9754,12020,10075,12005,8704,12000,12372
2020-06-11 09:55:22.19,12128.05,12015,7744,12020,10075,12005,8704,12000,12372
2020-06-11 09:55:22.96,12128.05,12015,7744,12020,10075,12005,8704,12000,12372
2020-06-11 09:55:24.02,12128.05,12015,7744,12020,10075,12005,2214,12000,12372
2020-06-11 09:55:24.50,12128.05,12010,1000,12015,9754,12005,10304,12000,12372
2020-06-11 09:55:25.55,12128.05,12010,6670,12015,9754,12000,9325,11995,9148
2020-06-11 09:55:26.60,12128.05,12010,6670,12015,9754,12005,593,12000,10325
2020-06-11 09:55:26.89,12128.05,12010,6670,12015,9754,12005,102,12000,10325
2020-06-11 09:55:27.69,12128.05,12010,6670,12015,9754,12005,102,12000,10325
2020-06-11 09:55:28.75,12128.05,12010,6670,12015,9754,12000,10295,11995,11415
2020-06-11 09:55:29.80,12128.05,12010,6670,12015,10154,12000,10295,11995,11415
2020-06-11 09:55:30.13,12128.05,12010,8684,12015,10154,12000,10295,11995,11415
2020-06-11 09:55:31.92,12126.95,12010,6670,12015,10144,12000,10285,11995,11415
2020-06-11 09:55:32.33,12126.95,12010,6670,12015,10144,12000,10285,11995,11415
2020-06-11 09:55:33.48,12126.95,12010,6670,12015,10144,12000,10285,11995,11415
2020-06-11 09:55:33.80,12126.95,12005,5662,12010,8684,12000,3535,11995,11415
2020-06-11 09:55:34.36,12126.95,12005,5662,12010,8684,12000,3535,11995,11415
2020-06-11 09:55:34.83,12126.95,12010,8684,12015,10144,12000,10285,11995,11415
2020-06-11 09:55:35.39,12126.95,12010,6670,12015,10144,12000,10285,11995,11415
2020-06-11 09:55:35.97,12126.95,12010,6670,12015,10144,12005,102,12000,10285
2020-06-11 09:55:37.06,12126.95,12010,8684,12015,10144,12000,10285,11995,11415
2020-06-11 09:55:37.31,12126.95,12010,8684,12015,10144,12000,10285,11995,11415
2020-06-11 09:55:39.22,12126.95,12010,8684,12015,10144,12000,10285,11995,11415
2020-06-11 09:55:39.55,12126.95,12010,6670,12015,10144,12005,102,12000,10285
2020-06-11 09:55:41.31,12126.95,12010,6670,12015,10144,12005,102,12000,10285
2020-06-11 09:55:41.81,12128.06,12010,6670,12015,10144,12005,7192,12000,10285
2020-06-11 09:55:43.98,12128.06,12010,6670,12015,10144,12005,102,12000,10285
2020-06-11 09:55:44.92,12128.06,12010,6670,12015,9744,12005,102,12000,10285
2020-06-11 09:55:45.20,12128.06,12010,1000,12015,9944,12005,7192,12000,12325
2020-06-11 09:55:46.03,12128.06,12010,200,12015,9944,12005,7192,12000,12325
2020-06-11 09:55:47.00,12128.06,12010,200,12015,9944,12005,10690,12000,12325
2020-06-11 09:55:47.59,12128.06,12010,5870,12015,9944,12005,10690,12000,12325
2020-06-11 09:55:48.68,12128.06,12010,200,12015,9944,12005,10700,12000,12325
2020-06-11 09:55:49.10,12128.06,12015,7934,12020,9606,12005,10700,12000,12335
2020-06-11 09:55:49.84,12128.06,12015,7934,12020,9606,12005,10700,12000,12335
2020-06-11 09:55:51.06,12128.97,12015,7934,12020,9606,12005,10702,12000,12335
2020-06-11 09:55:51.82,12128.97,12015,7934,12020,9606,12005,10702,12000,12335
2020-06-11 09:55:52.12,12128.97,12015,7934,12020,9606,12005,12745,12000,12335
2020-06-11 09:55:52.90,12128.97,12015,600,12020,9606,12010,10,12005,13643
2020-06-11 09:55:53.43,12128.97,12015,1000,12020,9606,12010,6296,12005,13643
2020-06-11 09:55:54.49,12128.97,12020,9606,12025,12212,12010,7296,12005,13643
2020-06-11 09:55:55.40,12128.97,12020,7484,12025,12212,12015,106,12010,7296
2020-06-11 09:55:56.10,12128.97,12020,7484,12025,12212,12015,106,12010,7296
2020-06-11 09:55:57.12,12128.97,12020,7484,12025,12212,12015,101,12010,7496
2020-06-11 09:55:57.60,12128.97,12020,7484,12025,12212,12015,5,12010,7496
2020-06-11 09:55:58.70,12128.97,12020,7484,12025,12212,12010,7496,12005,13643
2020-06-11 09:55:59.01,12128.97,12015,7584,12020,9490,12010,1210,12005,11600
2020-06-11 09:55:59.74,12128.97,12015,7584,12020,9490,12010,1210,12005,11600
2020-06-11 09:56:00.77,12128.97,12015,7584,12020,9490,12010,1210,12005,11600
2020-06-11 09:56:01.77,12133.43,12015,7584,12020,9500,12010,1210,12005,13643
2020-06-11 09:56:02.85,12133.43,12015,7584,12020,9500,12010,1210,12005,13643
2020-06-11 09:56:04.26,12133.43,12015,7584,12020,9510,12010,1210,12005,13643
2020-06-11 09:56:04.96,12133.43,12015,7584,12020,9510,12010,1210,12005,13643
2020-06-11 09:56:06.04,12133.43,12015,7584,12020,9510,12010,1210,12005,11600
2020-06-11 09:56:06.27,12133.43,12015,7584,12020,9510,12010,1200,12005,11600
2020-06-11 09:56:07.01,12133.43,12015,7584,12020,9510,12010,1200,12005,11600
2020-06-11 09:56:07.40,12133.43,12015,7584,12020,9510,12010,7486,12005,13643
2020-06-11 09:56:08.15,12133.43,12015,1000,12020,9510,12010,7786,12005,13643
2020-06-11 09:56:09.19,12133.43,12020,17504,12025,12212,12010,7786,12005,13643
2020-06-11 09:56:09.60,12133.43,12015,1000,12020,17504,12010,7786,12005,13643
2020-06-11 09:56:10.72,12133.43,12015,1000,12020,17504,12010,7786,12005,13633
2020-06-11 09:56:11.00,12133.43,12015,1000,12020,17504,12010,7786,12005,13633
2020-06-11 09:56:11.80,12131.99,12015,1000,12020,19510,12010,7786,12005,13633
2020-06-11 09:56:16.19,12131.99,12015,1000,12020,19510,12010,7786,12005,13633
2020-06-11 09:56:17.02,12131.99,12015,1000,12020,17504,12010,7786,12005,13633
2020-06-11 09:56:18.00,12131.99,12020,17504,12025,12212,12010,7786,12005,13633
2020-06-11 09:56:19.69,12131.99,12020,17504,12025,12212,12010,7786,12005,13633
2020-06-11 09:56:19.91,12131.99,12020,17504,12025,12212,12015,100,12010,7786
2020-06-11 09:56:20.67,12131.99,12020,17504,12025,12212,12015,100,12010,7786
2020-06-11 09:56:20.91,12131.99,12020,17504,12025,12212,12010,7786,12005,13633
2020-06-11 09:56:21.75,12133.99,12015,1000,12020,17504,12010,7786,12005,13633
2020-06-11 09:56:25.20,12133.99,12015,7584,12020,19510,12010,7786,12005,13633
2020-06-11 09:56:26.50,12133.99,12015,7584,12020,19510,12010,7786,12005,13633
2020-06-11 09:56:28.29,12133.99,12015,7584,12020,19510,12010,7786,12005,13633
2020-06-11 09:56:28.89,12133.99,12015,7584,12020,19510,12010,1500,12005,13633
2020-06-11 09:56:29.93,12133.99,12015,7584,12020,19510,12010,1200,12005,13933
2020-06-11 09:56:30.73,12133.99,12015,7108,12020,19510,12010,1200,12005,13933
2020-06-11 09:56:31.11,12133.99,12015,7108,12020,19510,12010,7486,12005,13933
2020-06-11 09:56:32.31,12131.66,12015,7108,12020,19511,12010,7486,12005,13933
2020-06-11 09:56:33.31,12131.66,12015,7108,12020,19511,12010,7486,12005,13933
2020-06-11 09:56:34.40,12131.66,12015,7108,12020,19511,12010,7486,12005,13933
2020-06-11 09:56:35.99,12131.66,12015,7148,12020,19511,12010,7486,12005,13933
2020-06-11 09:56:36.59,12131.66,12015,7148,12020,19511,12010,7486,12005,13933
2020-06-11 09:56:37.92,12131.66,12015,564,12020,19511,12010,7486,12005,13933
2020-06-11 09:56:40.81,12131.66,12015,564,12020,17505,12010,7786,12005,13633
2020-06-11 09:56:41.01,12131.66,12015,564,12020,17505,12010,7886,12005,13633
2020-06-11 09:56:41.85,12129.97,12015,564,12020,17505,12010,7886,12005,13633
2020-06-11 09:56:42.10,12129.97,12015,564,12020,17505,12010,7886,12005,13633
2020-06-11 09:56:42.87,12129.97,12015,564,12020,19511,12010,7886,12005,13633
2020-06-11 09:56:43.04,12129.97,12015,564,12020,19511,12010,7888,12005,13633
2020-06-11 09:56:44.20,12129.97,12015,7148,12020,19511,12010,7888,12005,11590
2020-06-11 09:56:44.99,12129.97,12015,7148,12020,19511,12010,7888,12005,13633
2020-06-11 09:56:45.49,12129.97,12015,7148,12020,19511,12010,1602,12005,13633
2020-06-11 09:56:46.55,12129.97,12015,564,12020,19511,12010,7888,12005,13633
2020-06-11 09:56:46.96,12129.97,12015,564,12020,17505,12010,7888,12005,13633
2020-06-11 09:56:48.10,12129.97,12015,564,12020,27505,12010,7888,12005,13633
2020-06-11 09:56:49.19,12129.97,12015,564,12020,27505,12010,7888,12005,13633
2020-06-11 09:56:50.30,12129.97,12015,562,12020,27505,12010,7888,12005,13633
2020-06-11 09:56:51.27,12129.97,12015,562,12020,27520,12010,7888,12005,13633
2020-06-11 09:56:51.60,12125.11,12015,562,12020,27520,12010,7888,12005,13633
2020-06-11 09:56:52.33,12125.11,12015,562,12020,27520,12010,7888,12005,13633
2020-06-11 09:56:56.10,12125.11,12015,562,12020,27520,12010,7888,12005,13633
2020-06-11 09:56:57.05,12125.11,12015,562,12020,27520,12010,7888,12005,13633
2020-06-11 09:56:58.03,12125.11,12015,90,12020,27520,12010,7888,12005,13633
2020-06-11 09:56:59.60,12125.11,12015,90,12020,27520,12010,7888,12005,13633
2020-06-11 09:57:01.21,12125.2,12015,90,12020,27520,12010,7888,12005,13633
2020-06-11 09:57:01.53,12125.2,12015,6674,12020,27520,12010,7888,12005,11590
2020-06-11 09:57:02.36,12125.2,12015,90,12020,27520,12010,7888,12005,13807
2020-06-11 09:57:04.41,12125.2,12015,90,12020,27520,12010,7888,12005,13807
2020-06-11 09:57:05.50,12125.2,12015,90,12020,29584,12010,7888,12005,13807
2020-06-11 09:57:05.67,12125.2,12015,90,12020,29526,12010,7888,12005,13807
2020-06-11 09:57:06.45,12125.2,12015,6674,12020,29526,12010,7888,12005,13807
2020-06-11 09:57:06.83,12125.2,12015,90,12020,29526,12010,7888,12005,13807
2020-06-11 09:57:07.58,12125.2,12015,7674,12020,29526,12010,7888,12005,13807
2020-06-11 09:57:09.09,12125.2,12015,7674,12020,29526,12010,1441,12005,13807
2020-06-11 09:57:09.34,12125.2,12015,7674,12020,29526,12010,1144,12005,13807
2020-06-11 09:57:10.27,12125.2,12015,8674,12020,29526,12010,602,12005,11590
2020-06-11 09:57:11.28,12125.2,12015,8674,12020,29526,12010,6635,12005,11590
2020-06-11 09:57:11.50,12125.0,12015,2190,12020,29426,12010,6635,12005,11590
2020-06-11 09:57:12.31,12125.0,12015,2190,12020,29426,12010,6635,12005,13633
2020-06-11 09:57:12.73,12125.0,12015,2200,12020,29416,12010,6635,12005,11590
2020-06-11 09:57:13.44,12125.0,12015,2200,12020,29416,12010,6635,12005,13633
2020-06-11 09:57:14.48,12125.0,12015,2200,12020,29416,12010,6635,12005,13633
2020-06-11 09:57:14.70,12125.0,12015,2400,12020,29416,12010,6635,12005,13633
2020-06-11 09:57:16.00,12125.0,12015,2400,12020,29416,12010,6635,12005,13633
2020-06-11 09:57:18.12,12125.0,12015,7844,12020,29416,12010,6635,12005,13633
2020-06-11 09:57:19.15,12125.0,12015,7844,12020,29416,12010,6635,12005,13633
2020-06-11 09:57:20.20,12125.0,12015,7844,12020,29416,12010,6635,12005,13633
2020-06-11 09:57:20.70,12120.9,12015,7833,12020,29416,12010,6635,12005,13633
2020-06-11 09:57:21.32,12120.9,12015,7776,12020,29416,12010,6635,12005,13633
2020-06-11 09:57:24.70,12120.9,12015,14360,12020,29416,12010,6635,12005,13633
2020-06-11 09:57:25.70,12120.9,12015,14360,12020,29716,12010,6635,12005,13633
2020-06-11 09:57:28.03,12120.9,12015,14360,12020,29716,12010,6635,12005,13633
2020-06-11 09:57:28.23,12120.9,12015,14360,12020,29716,12010,6635,12005,13633
2020-06-11 09:57:29.49,12120.9,12015,14360,12020,29716,12010,6635,12005,13633
2020-06-11 09:57:30.10,12120.9,12015,14360,12020,29711,12010,6635,12005,13633
2020-06-11 09:57:30.73,12120.9,12015,7776,12020,29711,12010,6635,12005,13633
2020-06-11 09:57:31.70,12120.09,12015,14360,12020,29711,12010,6635,12005,13633
2020-06-11 09:57:32.07,12120.09,12015,14360,12020,29711,12010,6635,12005,13633
2020-06-11 09:57:32.80,12120.09,12015,14360,12020,29711,12010,6635,12005,13633
2020-06-11 09:57:33.80,12120.09,12015,15360,12020,29711,12010,349,12005,11590
2020-06-11 09:57:35.05,12120.09,12015,15360,12020,29711,12005,11590,12000,13389
2020-06-11 09:57:35.91,12120.09,12015,17370,12020,29711,12005,11590,12000,13389
2020-06-11 09:57:36.94,12120.09,12010,5670,12015,17370,12005,11590,12000,13389
2020-06-11 09:57:37.26,12120.09,12010,5670,12015,17370,12005,11590,12000,13389
2020-06-11 09:57:37.94,12120.09,12015,15360,12020,29711,12005,11590,12000,13389
2020-06-11 09:57:39.04,12120.09,12010,6670,12015,17370,12005,11590,12000,13389
2020-06-11 09:57:41.21,12120.09,12015,17370,12020,29711,12005,11590,12000,13389
2020-06-11 09:57:41.51,12119.45,12015,17390,12020,29711,12005,11590,12000,13389
2020-06-11 09:57:43.22,12119.45,12015,17390,12020,29711,12005,11590,12000,13389
2020-06-11 09:57:43.41,12119.45,12015,17390,12020,29711,12005,8092,12000,13389
2020-06-11 09:57:44.49,12119.45,12015,8796,12020,27705,12005,10135,12000,13389
2020-06-11 09:57:45.89,12119.45,12015,8796,12020,27705,12005,10135,12000,13389
2020-06-11 09:57:46.97,12119.45,12015,8796,12020,27705,12005,10135,12000,13389
2020-06-11 09:57:50.61,12119.45,12015,8796,12020,27705,12010,1,12005,10135
2020-06-11 09:57:50.83,12118.84,12015,8796,12020,27705,12010,6287,12005,10135
2020-06-11 09:57:51.58,12118.84,12015,8796,12020,27705,12010,6287,12005,10135
2020-06-11 09:57:54.22,12118.84,12015,8796,12020,27705,12010,6287,12005,10135
2020-06-11 09:57:54.39,12118.84,12015,8796,12020,27705,12010,6387,12005,10135
2020-06-11 09:57:54.70,12118.84,12015,8796,12020,27705,12010,6387,12005,10135
2020-06-11 09:57:55.73,12118.84,12015,15380,12020,29711,12010,6387,12005,10135
2020-06-11 09:57:58.92,12118.84,12015,15380,12020,29711,12010,6387,12005,10235
