time,nav,sell1,sell1_cnt,sell2,sell2_cnt,buy1,buy1_cnt,buy2,buy2_cnt
2020-06-04 09:26:14.490000,0.0,11535,1000,11540,13359,11530,8684,11525,11288
2020-06-04 09:26:14.890000,0.0,11540,13359,11545,12291,11530,8684,11525,11318
2020-06-04 09:26:15.570000,0.0,11540,13359,11545,12291,11530,8719,11525,11318
2020-06-04 09:26:17.500000,0.0,11540,13359,11545,12291,11530,8719,11525,11318
2020-06-04 09:26:19.740000,0.0,11540,13359,11545,12291,11530,8719,11525,11318
2020-06-04 09:26:20.600000,0.0,11540,13359,11545,12291,11530,8689,11525,11318
2020-06-04 09:26:21.440000,11606.9,11540,13359,11545,12291,11530,8694,11525,11318
2020-06-04 09:26:22.320000,11606.9,11540,13359,11545,12291,11530,8694,11525,11288
2020-06-04 09:26:23.150000,11606.9,11540,10299,11545,9918,11535,7530,11530,8694
2020-06-04 09:26:23.990000,11606.9,11540,10299,11545,9918,11535,7530,11530,10715
2020-06-04 09:26:24.970000,11606.9,11540,12328,11545,9918,11535,7527,11530,8694
2020-06-04 09:26:25.640000,11606.9,11540,3001,11545,9918,11535,7527,11530,10715
2020-06-04 09:26:26.540000,11606.9,11545,9918,11550,9659,11540,1525,11535,8527
2020-06-04 09:26:27.470000,11606.9,11545,3,11550,6600,11540,9530,11535,10012
2020-06-04 09:26:28.270000,11606.9,11550,8743,11555,13765,11540,9620,11535,10012
2020-06-04 09:26:29.520000,11606.9,11550,8743,11555,13765,11540,9620,11535,10012
2020-06-04 09:26:30.390000,11606.9,11550,6600,11555,11392,11545,522,11540,9420
2020-06-04 09:26:31.470000,11609.99,11550,84,11555,11392,11545,8052,11540,11442
2020-06-04 09:26:32.440000,11609.99,11555,11392,11560,19279,11550,7530,11545,8530
2020-06-04 09:26:33.350000,11609.99,11550,3355,11555,12392,11545,8530,11540,9420
2020-06-04 09:26:34.440000,11609.99,11550,6517,11555,12392,11545,8530,11540,9420
2020-06-04 09:26:35.350000,11609.99,11550,8545,11555,12392,11545,8530,11540,9420
2020-06-04 09:26:36.320000,11609.99,11550,8545,11555,14765,11545,1000,11540,9420
2020-06-04 09:26:37.190000,11609.99,11550,8545,11555,14765,11545,1000,11540,9145
2020-06-04 09:26:38.320000,11609.99,11550,9545,11555,14765,11540,9145,11535,10949
2020-06-04 09:26:39.220000,11609.99,11550,9545,11555,14765,11540,9145,11535,10949
2020-06-04 09:26:40.350000,11609.99,11550,9545,11555,14766,11540,9145,11535,10949
2020-06-04 09:26:40.830000,11609.99,11550,9545,11555,14766,11540,9145,11535,8527
2020-06-04 09:26:41.740000,11610.71,11550,9545,11555,14766,11540,9055,11535,10104
2020-06-04 09:26:42.640000,11610.71,11550,9545,11555,14766,11540,9055,11535,10104
2020-06-04 09:26:44.320000,11610.71,11545,3029,11550,12545,11540,8560,11535,8557
2020-06-04 09:26:45.250000,11610.71,11550,9545,11555,14766,11540,8560,11535,10586
2020-06-04 09:26:46.330000,11610.71,11550,1,11555,9335,11545,8530,11540,10137
2020-06-04 09:26:47.500000,11610.71,11550,1,11555,11502,11545,8530,11540,10137
2020-06-04 09:26:48.650000,11610.71,11550,8570,11555,13875,11545,1000,11540,8560
2020-06-04 09:26:49.640000,11610.71,11550,9570,11555,13875,11540,8560,11535,10755
2020-06-04 09:26:50.660000,11614.76,11550,8700,11555,13875,11545,1000,11540,8560
2020-06-04 09:26:51.660000,11614.76,11550,6647,11555,11502,11545,8530,11540,8560
2020-06-04 09:26:52.800000,11614.76,11550,1000,11555,11502,11545,8530,11540,10614
2020-06-04 09:26:53.550000,11614.76,11555,11502,11560,22279,11545,8530,11540,10584
2020-06-04 09:26:54.460000,11614.76,11555,9335,11560,19279,11550,7530,11545,8530
2020-06-04 09:26:55.630000,11614.76,11555,2675,11560,19279,11550,7530,11545,10584
2020-06-04 09:26:56.360000,11614.76,11555,2675,11560,19279,11550,7530,11545,10584
2020-06-04 09:26:57.270000,11614.76,11555,1675,11560,19279,11550,9543,11545,10584
2020-06-04 09:26:58.350000,11614.76,11555,1675,11560,17644,11550,9573,11545,10614
2020-06-04 09:26:59.960000,11614.76,11555,8335,11560,20644,11550,2043,11545,10614
2020-06-04 09:27:01.130000,11614.76,11555,8335,11560,20644,11550,2043,11545,8560
2020-06-04 09:27:01.600000,11615.44,11555,11388,11560,20644,11550,2031,11545,8560
2020-06-04 09:27:02.240000,11615.44,11550,1099,11555,11388,11545,8560,11540,10614
2020-06-04 09:27:03.240000,11615.44,11550,1099,11555,11388,11545,8560,11540,10614
2020-06-04 09:27:04.050000,11615.44,11555,11388,11560,20644,11545,8530,11540,10614
2020-06-04 09:27:05.740000,11615.44,11555,11388,11560,20644,11545,8530,11540,10614
2020-06-04 09:27:06.680000,11615.44,11550,1000,11555,11388,11545,8530,11540,10614
2020-06-04 09:27:07.570000,11615.44,11550,8910,11555,13761,11545,1000,11540,10614
2020-06-04 09:27:08.670000,11615.44,11550,8910,11555,13761,11545,1000,11540,10614
2020-06-04 09:27:09.740000,11615.44,11550,10960,11555,13761,11540,8560,11535,10755
2020-06-04 09:27:10.830000,11615.44,11550,10960,11555,13761,11540,8560,11535,10755
2020-06-04 09:27:12.740000,11616.22,11550,10961,11555,13761,11545,1000,11540,8560
2020-06-04 09:27:13.630000,11616.22,11550,10964,11555,13761,11545,1000,11540,8560
2020-06-04 09:27:15.330000,11616.22,11550,10964,11555,13761,11545,1000,11540,8660
2020-06-04 09:27:16.330000,11616.22,11550,10964,11555,13761,11540,8660,11535,10755
2020-06-04 09:27:17.180000,11616.22,11550,8911,11555,13761,11540,8660,11535,10755
2020-06-04 09:27:19.410000,11616.22,11550,8911,11555,13761,11545,8530,11540,8660
2020-06-04 09:27:19.830000,11616.22,11550,1381,11555,13761,11545,8530,11540,8660
2020-06-04 09:27:21.680000,11618.79,11550,1381,11555,9335,11545,8530,11540,8660
2020-06-04 09:27:22.350000,11618.79,11550,1381,11555,9335,11545,8530,11540,8660
2020-06-04 09:27:23.130000,11618.79,11550,8911,11555,13933,11545,8530,11540,8660
2020-06-04 09:27:24.150000,11618.79,11550,10964,11555,13933,11545,1000,11540,8660
2020-06-04 09:27:24.930000,11618.79,11550,8911,11555,13933,11545,1000,11540,8660
2020-06-04 09:27:25.830000,11618.79,11550,8911,11555,13933,11545,1000,11540,8660
2020-06-04 09:27:26.640000,11618.79,11550,8911,11555,11560,11545,8530,11540,8660
2020-06-04 09:27:27.520000,11618.79,11550,1381,11555,11560,11545,8530,11540,10714
2020-06-04 09:27:28.380000,11618.79,11550,1381,11555,11560,11545,8530,11540,10684
2020-06-04 09:27:29.070000,11618.79,11550,481,11555,11560,11545,8530,11540,10684
2020-06-04 09:27:29.970000,11618.79,11555,11560,11560,12656,11545,8830,11540,10684
2020-06-04 09:27:30.860000,11617.93,11555,11560,11560,12656,11545,8530,11540,10684
2020-06-04 09:27:31.970000,11617.93,11550,10583,11555,13933,11545,1000,11540,8630
2020-06-04 09:27:32.940000,11617.93,11550,1000,11555,11560,11545,8530,11540,8630
2020-06-04 09:27:33.770000,11617.93,11555,11560,11560,12656,11545,8530,11540,10684
2020-06-04 09:27:34.680000,11617.93,11555,11560,11560,12656,11550,7530,11545,8530
2020-06-04 09:27:35.540000,11617.93,11555,2675,11560,9656,11550,7530,11545,8530
2020-06-04 09:27:36.640000,11617.93,11555,1675,11560,9656,11550,8508,11545,10614
2020-06-04 09:27:37.640000,11617.93,11555,1675,11560,9656,11550,8508,11545,10614
2020-06-04 09:27:38.470000,11617.93,11555,1675,11560,9656,11550,8508,11545,10614
2020-06-04 09:27:39.440000,11617.93,11560,9656,11565,12033,11550,10008,11545,10614
2020-06-04 09:27:40.330000,11617.93,11560,9656,11565,12033,11550,10008,11545,10614
2020-06-04 09:27:41.250000,11623.76,11560,74,11565,9660,11555,90,11550,10008
2020-06-04 09:27:42.170000,11623.76,11565,24,11570,12009,11555,8255,11550,12093
2020-06-04 09:27:43.060000,11623.76,11565,7322,11570,12009,11555,8255,11550,12093
2020-06-04 09:27:43.940000,11623.76,11565,7322,11570,14289,11555,8255,11550,12093
2020-06-04 09:27:44.840000,11623.76,11565,7322,11570,14289,11555,8255,11550,12093
2020-06-04 09:27:45.730000,11623.76,11565,7322,11570,14289,11555,8255,11550,12093
2020-06-04 09:27:46.660000,11623.76,11560,120,11565,9374,11555,8255,11550,12093
2020-06-04 09:27:47.470000,11623.76,11560,7651,11565,9374,11555,1500,11550,12093
2020-06-04 09:27:48.260000,11623.76,11560,9761,11565,11747,11550,10038,11545,8690
2020-06-04 09:27:49.060000,11623.76,11555,1000,11560,13761,11550,1008,11545,8690
2020-06-04 09:27:49.940000,11623.76,11555,9713,11560,13761,11550,1008,11545,8690
2020-06-04 09:27:50.840000,11624.27,11555,8713,11560,13761,11550,1008,11545,8690
2020-06-04 09:27:51.840000,11624.27,11560,10761,11565,11747,11550,8538,11545,10744
2020-06-04 09:27:52.810000,11624.27,11560,13761,11565,11747,11550,8538,11545,10744
2020-06-04 09:27:53.670000,11624.27,11560,10761,11565,11747,11550,8538,11545,10744
2020-06-04 09:27:54.470000,11624.27,11560,10761,11565,11747,11550,8538,11545,10744
2020-06-04 09:27:55.330000,11624.27,11560,10761,11565,11747,11550,8538,11545,10744
2020-06-04 09:27:56.320000,11624.27,11560,10761,11565,11747,11550,8538,11545,10744
2020-06-04 09:27:57.140000,11624.27,11560,10761,11565,11747,11550,8538,11545,10744
2020-06-04 09:27:58.840000,11624.27,11560,9761,11565,11747,11555,60,11550,8538
2020-06-04 09:27:59.680000,11624.27,11560,9761,11565,11747,11555,90,11550,8538
2020-06-04 09:28:00.530000,11624.27,11560,9761,11565,11747,11555,6845,11550,8568
2020-06-04 09:28:01.540000,11627.51,11560,9761,11565,11747,11555,6795,11550,8568
2020-06-04 09:28:02.450000,11627.51,11560,7651,11565,11747,11555,6815,11550,8568
2020-06-04 09:28:03.170000,11627.51,11560,9703,11565,11747,11555,60,11550,8568
2020-06-04 09:28:04.040000,11627.51,11560,9703,11565,11747,11550,8568,11545,10774
2020-06-04 09:28:04.910000,11627.51,11560,9703,11565,11747,11550,8568,11545,10774
2020-06-04 09:28:05.740000,11627.51,11560,10703,11565,11747,11550,8568,11545,10774
2020-06-04 09:28:06.630000,11627.51,11560,10703,11565,11797,11550,8568,11545,10774
2020-06-04 09:28:07.650000,11627.51,11560,10703,11565,11797,11550,8568,11545,10774
2020-06-04 09:28:08.740000,11627.51,11555,1000,11560,10703,11550,8568,11545,10774
2020-06-04 09:28:09.830000,11627.51,11560,10703,11565,11797,11550,8620,11545,10774
2020-06-04 09:28:10.770000,11627.51,11560,10703,11565,11797,11550,8620,11545,10774
2020-06-04 09:28:11.770000,11624.19,11560,13703,11565,11797,11550,8620,11545,10774
2020-06-04 09:28:12.740000,11624.19,11555,3053,11560,13703,11550,1090,11545,8720
2020-06-04 09:28:13.540000,11624.19,11555,9713,11560,13703,11550,1090,11545,8720
2020-06-04 09:28:14.330000,11624.19,11555,9713,11560,13703,11550,1090,11545,8720
2020-06-04 09:28:15.240000,11624.19,11555,9713,11560,13703,11550,90,11545,8720
2020-06-04 09:28:16.140000,11624.19,11555,9713,11560,13703,11545,8720,11540,10744
2020-06-04 09:28:16.930000,11624.19,11555,9713,11560,13703,11545,8720,11540,10744
2020-06-04 09:28:18.650000,11624.19,11555,9713,11560,13803,11545,8660,11540,10744
2020-06-04 09:28:20.330000,11624.19,11555,9713,11560,13803,11550,120,11545,8660
2020-06-04 09:28:21.140000,11624.91,11555,9713,11560,13803,11550,7650,11545,8660
2020-06-04 09:28:22.040000,11624.91,11555,9713,11560,13803,11550,120,11545,8660
2020-06-04 09:28:23.630000,11624.91,11555,9713,11560,13803,11550,120,11545,8660
2020-06-04 09:28:24.440000,11624.91,11555,9710,11560,10803,11550,120,11545,8660
2020-06-04 09:28:26.150000,11624.91,11555,7657,11560,10803,11550,7650,11545,8660
2020-06-04 09:28:27.040000,11624.91,11560,10803,11565,11797,11550,8650,11545,10772
2020-06-04 09:28:27.930000,11624.91,11555,1060,11560,13803,11550,1120,11545,8660
2020-06-04 09:28:28.770000,11624.91,11555,7720,11560,13803,11550,1120,11545,8660
2020-06-04 09:28:29.570000,11624.91,11555,7155,11560,15803,11550,8650,11545,8660
2020-06-04 09:28:30.940000,11624.91,11560,15803,11565,11797,11550,8650,11545,10714
2020-06-04 09:28:32.330000,11625.59,11560,15803,11565,11797,11555,1000,11550,8650
2020-06-04 09:28:33.440000,11625.59,11560,15803,11565,11797,11550,8650,11545,10714
2020-06-04 09:28:34.240000,11625.59,11560,18803,11565,11797,11550,1120,11545,10714
2020-06-04 09:28:34.960000,11625.59,11555,3053,11560,18803,11550,1120,11545,8660
2020-06-04 09:28:35.830000,11625.59,11555,9713,11560,18803,11550,1120,11545,8660
2020-06-04 09:28:36.570000,11625.59,11555,9713,11560,18803,11550,1120,11545,8660
2020-06-04 09:28:37.440000,11625.59,11555,9713,11560,18803,11550,1120,11545,8660
2020-06-04 09:28:38.240000,11625.59,11555,9713,11560,18803,11550,1120,11545,8660
2020-06-04 09:28:39.470000,11625.59,11555,12716,11560,18803,11550,1120,11545,8660
2020-06-04 09:28:40.040000,11625.59,11555,12715,11560,18803,11550,1000,11545,8660
2020-06-04 09:28:40.860000,11629.33,11555,12715,11560,18803,11550,1000,11545,8660
2020-06-04 09:28:41.740000,11629.33,11555,12716,11560,18803,11545,8660,11540,8811
2020-06-04 09:28:42.470000,11629.33,11555,13581,11560,18803,11545,8660,11540,8811
2020-06-04 09:28:43.940000,11629.33,11555,13581,11560,18803,11550,150,11545,8660
2020-06-04 09:28:44.630000,11629.33,11550,7530,11555,15954,11545,1130,11540,8661
2020-06-04 09:28:45.440000,11629.33,11550,7530,11555,15954,11545,1130,11540,8661
2020-06-04 09:28:46.180000,11629.33,11550,9583,11555,15954,11545,1130,11540,8661
2020-06-04 09:28:47.020000,11629.33,11550,9583,11555,15955,11545,1130,11540,8661
2020-06-04 09:28:47.830000,11629.33,11550,10583,11555,15955,11545,1130,11540,8661
2020-06-04 09:28:49.540000,11629.33,11550,10583,11555,16105,11545,1130,11540,8661
2020-06-04 09:28:50.470000,11630.85,11550,10583,11555,16105,11545,8660,11540,8661
2020-06-04 09:28:51.440000,11630.85,11550,3053,11555,13732,11545,8660,11540,10715
2020-06-04 09:28:52.430000,11630.85,11555,13732,11560,18803,11545,8660,11540,10715
2020-06-04 09:28:53.330000,11630.85,11555,13732,11560,18803,11545,8660,11540,10715
2020-06-04 09:28:54.240000,11630.85,11555,13732,11560,18803,11545,8660,11540,10745
2020-06-04 09:28:55.110000,11630.85,11550,7530,11555,13102,11545,5687,11540,10745
2020-06-04 09:28:55.940000,11630.85,11550,7530,11555,10729,11545,5687,11540,8691
2020-06-04 09:28:56.680000,11630.85,11555,10729,11560,18803,11545,6697,11540,10745
2020-06-04 09:28:57.440000,11630.85,11555,10729,11560,18803,11545,6697,11540,10755
2020-06-04 09:28:58.240000,11630.85,11555,10729,11560,18803,11545,6697,11540,10755
2020-06-04 09:28:58.970000,11630.85,11550,7530,11555,13102,11545,6697,11540,8701
2020-06-04 09:28:59.830000,11630.85,11550,7530,11555,13102,11545,1070,11540,8701
2020-06-04 09:29:00.830000,11630.85,11555,10729,11560,13803,11550,136,11545,6727
2020-06-04 09:29:01.750000,11632.03,11550,7530,11555,10729,11545,6727,11540,8701
2020-06-04 09:29:02.520000,11632.03,11550,7530,11555,10729,11545,6727,11540,8701
2020-06-04 09:29:03.230000,11632.03,11550,7530,11555,10729,11545,6727,11540,8701
2020-06-04 09:29:04.050000,11632.03,11550,7530,11555,10729,11545,6727,11540,8701
2020-06-04 09:29:04.940000,11632.03,11550,7530,11555,10729,11545,6727,11540,8701
2020-06-04 09:29:05.840000,11632.03,11555,10729,11560,13803,11550,987,11545,6727
2020-06-04 09:29:06.640000,11632.03,11555,10729,11560,13803,11550,8517,11545,6727
2020-06-04 09:29:07.440000,11632.03,11555,2016,11560,10803,11550,8517,11545,6727
2020-06-04 09:29:08.230000,11632.03,11555,1016,11560,10803,11550,8530,11545,8781
2020-06-04 09:29:09.140000,11632.03,11555,1016,11560,10803,11550,8530,11545,8781
2020-06-04 09:29:09.940000,11632.03,11555,1016,11560,10803,11550,8540,11545,8781
2020-06-04 09:29:10.870000,11632.03,11560,11303,11565,11798,11550,9040,11545,9281
2020-06-04 09:29:11.870000,11629.8,11560,11303,11565,11798,11555,7255,11550,9040
2020-06-04 09:29:12.670000,11629.8,11560,11303,11565,9425,11555,7255,11550,9040
2020-06-04 09:29:14.230000,11629.8,11560,3773,11565,9425,11555,7255,11550,10802
2020-06-04 09:29:15.000000,11629.8,11560,721,11565,9425,11555,7360,11550,10802
2020-06-04 09:29:15.840000,11629.8,11560,721,11565,9425,11555,7360,11550,10802
2020-06-04 09:29:16.730000,11629.8,11560,221,11565,9425,11555,7360,11550,10802
2020-06-04 09:29:18.140000,11629.8,11560,721,11565,9425,11555,7360,11550,10802
2020-06-04 09:29:18.870000,11629.8,11560,8251,11565,11798,11555,7360,11550,9040
2020-06-04 09:29:19.730000,11629.8,11560,10303,11565,11798,11555,635,11550,9040
2020-06-04 09:29:20.430000,11629.8,11560,11303,11565,11798,11555,135,11550,9070
2020-06-04 09:29:21.340000,11633.12,11560,11303,11565,11798,11555,135,11550,9070
2020-06-04 09:29:22.070000,11633.12,11560,9251,11565,11798,11555,635,11550,9070
2020-06-04 09:29:22.840000,11633.12,11560,13751,11565,9425,11555,7390,11550,11125
2020-06-04 09:29:23.630000,11633.12,11560,6221,11565,9425,11555,7391,11550,11125
2020-06-04 09:29:25.040000,11633.12,11560,6721,11565,9425,11555,7391,11550,11125
2020-06-04 09:29:26.540000,11633.12,11560,16418,11565,11798,11550,9070,11545,8227
2020-06-04 09:29:27.350000,11633.12,11555,1,11560,16418,11550,9070,11545,8227
2020-06-04 09:29:28.130000,11633.12,11560,14251,11565,11797,11555,3,11550,9070
2020-06-04 09:29:28.950000,11633.12,11560,14251,11565,11797,11555,3,11550,9070
2020-06-04 09:29:29.740000,11633.12,11555,26,11560,14131,11550,9070,11545,10339
2020-06-04 09:29:30.460000,11636.22,11560,14131,11565,11797,11550,9370,11545,10339
2020-06-04 09:29:31.340000,11636.22,11560,14131,11565,11797,11550,9370,11545,10339
2020-06-04 09:29:32.160000,11636.22,11560,14131,11565,11797,11555,1000,11550,9370
2020-06-04 09:29:33.680000,11636.22,11560,14131,11565,11797,11555,1060,11550,9370
2020-06-04 09:29:34.430000,11636.22,11560,14131,11565,11797,11555,1052,11550,9370
2020-06-04 09:29:35.160000,11636.22,11560,14131,11565,11797,11555,1052,11550,9430
2020-06-04 09:29:36.040000,11636.22,11560,14131,11565,11797,11555,1052,11550,9430
2020-06-04 09:29:36.860000,11636.22,11560,16183,11565,11797,11555,249,11550,9430
2020-06-04 09:29:37.770000,11636.22,11560,6601,11565,9424,11555,7504,11550,11427
2020-06-04 09:29:38.630000,11636.22,11560,5101,11565,9924,11555,7582,11550,11427
2020-06-04 09:29:39.360000,11636.22,11565,9924,11570,10859,11560,10827,11555,8682
2020-06-04 09:29:40.240000,11636.22,11565,74,11570,9079,11560,10827,11555,10737
2020-06-04 09:29:41.140000,11639.27,11570,10079,11575,13592,11565,136,11560,11827
2020-06-04 09:29:41.860000,11639.27,11570,10079,11575,13592,11565,7696,11560,11827
2020-06-04 09:29:42.770000,11639.27,11570,13230,11575,13592,11565,30,11560,11831
2020-06-04 09:29:43.640000,11639.27,11565,1000,11570,16230,11560,9031,11555,8682
2020-06-04 09:29:44.470000,11639.27,11565,11607,11570,16230,11560,1004,11555,8682
2020-06-04 09:29:45.270000,11639.27,11565,11607,11570,16230,11560,504,11555,8682
2020-06-04 09:29:46.140000,11639.27,11565,9498,11570,16230,11560,8031,11555,8682
2020-06-04 09:29:47.830000,11639.27,11565,9498,11570,16230,11560,8031,11555,8682
2020-06-04 09:29:48.560000,11639.27,11565,9498,11570,16470,11560,8031,11555,8682
2020-06-04 09:29:49.940000,11639.27,11565,9498,11570,16470,11560,504,11555,8682
2020-06-04 09:29:50.840000,11637.43,11565,9498,11570,16470,11560,504,11555,8682
2020-06-04 09:29:51.750000,11637.43,11565,9498,11570,13472,11560,8031,11555,8682
2020-06-04 09:29:52.670000,11637.43,11565,9498,11570,13472,11560,504,11555,8682
2020-06-04 09:29:53.530000,11637.43,11565,9498,11570,13472,11560,534,11555,8682
2020-06-04 09:29:54.330000,11637.43,11565,11550,11570,15872,11555,7582,11550,10927
2020-06-04 09:29:55.120000,11637.43,11565,12049,11570,15872,11555,8504,11550,10927
2020-06-04 09:29:55.870000,11637.43,11565,12049,11570,15872,11555,8504,11550,10927
2020-06-04 09:29:57.370000,11637.43,11565,12049,11570,15872,11555,9704,11550,10927
2020-06-04 09:29:58.230000,11637.43,11565,12049,11570,15872,11555,8504,11550,10927
2020-06-04 09:29:59.030000,11637.43,11565,12049,11570,15872,11555,8504,11550,10927
2020-06-04 09:29:59.970000,11637.43,11565,12049,11570,15872,11555,9604,11550,10927
2020-06-04 09:30:00.970000,11638.25,11565,9997,11570,12872,11560,1000,11555,9604
2020-06-04 09:30:01.970000,11638.25,11565,9997,11570,12872,11560,8927,11555,11659
2020-06-04 09:30:02.930000,11638.25,11565,9997,11570,12872,11560,8527,11555,11659
2020-06-04 09:30:03.930000,11638.25,11565,9997,11570,15872,11560,1000,11555,12159
2020-06-04 09:30:04.760000,11638.25,11565,10000,11570,15872,11560,1000,11555,12159
2020-06-04 09:30:05.840000,11638.25,11565,10000,11570,12872,11560,2300,11555,12159
2020-06-04 09:30:06.840000,11638.25,11565,10000,11570,15872,11560,1000,11555,12159
2020-06-04 09:30:07.640000,11638.25,11565,10000,11570,12872,11560,1000,11555,12159
2020-06-04 09:30:08.540000,11638.25,11565,10000,11570,12922,11560,8527,11555,10104
2020-06-04 09:30:09.340000,11638.25,11565,10000,11570,12922,11560,8527,11555,12159
2020-06-04 09:30:10.140000,11638.25,11565,2702,11570,12922,11560,8527,11555,12159
2020-06-04 09:30:10.930000,11638.25,11565,1704,11570,12922,11560,8527,11555,12159
2020-06-04 09:30:11.840000,11639.46,11565,9907,11570,15952,11560,1000,11555,12159
2020-06-04 09:30:12.670000,11639.46,11565,9907,11570,12952,11560,8527,11555,12159
2020-06-04 09:30:13.490000,11639.46,11565,911,11570,12952,11560,8527,11555,12159
2020-06-04 09:30:14.370000,11639.46,11570,12952,11575,12849,11560,9027,11555,12099
2020-06-04 09:30:15.270000,11639.46,11570,9401,11575,12849,11565,6801,11560,9027
2020-06-04 09:30:16.340000,11639.46,11570,2545,11575,10476,11565,7301,11560,11083
2020-06-04 09:30:17.160000,11639.46,11570,2545,11575,10476,11565,7381,11560,11083
2020-06-04 09:30:18.130000,11639.46,11570,3745,11575,10476,11565,7381,11560,11083
2020-06-04 09:30:19.040000,11639.46,11570,9401,11575,10476,11565,7411,11560,11083
2020-06-04 09:30:19.930000,11639.46,11570,9401,11575,10476,11565,110,11560,11113
2020-06-04 09:30:20.940000,11642.11,11570,2545,11575,10476,11565,7411,11560,11113
2020-06-04 09:30:21.730000,11642.11,11570,3745,11575,10476,11565,7411,11560,11113
2020-06-04 09:30:22.570000,11642.11,11570,2945,11575,10476,11565,7411,11560,11113
2020-06-04 09:30:23.630000,11642.11,11570,2545,11575,10476,11565,7411,11560,11113
2020-06-04 09:30:24.540000,11642.11,11570,2545,11575,10476,11565,7411,11560,11113
2020-06-04 09:30:25.440000,11642.11,11570,2545,11575,10476,11565,7411,11560,11113
2020-06-04 09:30:26.270000,11642.11,11570,13752,11575,12849,11565,110,11560,9057
2020-06-04 09:30:27.130000,11642.11,11570,10401,11575,10476,11565,7331,11560,11113
2020-06-04 09:30:28.040000,11642.11,11570,9531,11575,10476,11565,7331,11560,11113
2020-06-04 09:30:28.940000,11642.11,11570,1675,11575,10476,11565,7411,11560,11113
2020-06-04 09:30:29.830000,11642.11,11570,1175,11575,10476,11565,7411,11560,11113
2020-06-04 09:30:31.630000,11641.68,11570,2975,11575,10476,11565,7411,11560,11113
2020-06-04 09:30:32.640000,11641.68,11570,2975,11575,10476,11565,7411,11560,11113
2020-06-04 09:30:34.640000,11641.68,11570,2975,11575,10476,11565,7411,11560,11113
2020-06-04 09:30:36.240000,11641.68,11570,11882,11575,12849,11565,110,11560,11113
2020-06-04 09:30:37.050000,11641.68,11565,1299,11570,12382,11560,9057,11555,12129
2020-06-04 09:30:37.940000,11641.68,11565,1300,11570,11982,11560,9057,11555,12129
2020-06-04 09:30:38.740000,11641.68,11570,11982,11575,12849,11560,9057,11555,12129
2020-06-04 09:30:39.530000,11641.68,11570,11982,11575,12849,11560,9057,11555,12129
2020-06-04 09:30:41.840000,11642.08,11570,11983,11575,12849,11560,9057,11555,12129
2020-06-04 09:30:44.260000,11642.08,11570,11983,11575,10476,11565,6801,11560,9057
2020-06-04 09:30:45.030000,11642.08,11570,9932,11575,10476,11565,7301,11560,9057
2020-06-04 09:30:45.840000,11642.08,11570,9932,11575,10476,11565,7301,11560,9057
2020-06-04 09:30:46.640000,11642.08,11570,3076,11575,10477,11565,7301,11560,9057
2020-06-04 09:30:47.440000,11642.08,11570,10932,11575,12850,11565,500,11560,9057
2020-06-04 09:30:48.940000,11642.08,11570,10932,11575,12850,11565,500,11560,9057
2020-06-04 09:30:50.640000,11642.08,11565,778,11570,12583,11560,9057,11555,12129
2020-06-04 09:30:51.540000,11643.14,11565,1899,11570,11583,11560,9057,11555,10074
2020-06-04 09:30:52.370000,11643.14,11565,9197,11570,11583,11560,9057,11555,10074
2020-06-04 09:30:53.170000,11643.14,11565,11249,11570,14583,11560,1530,11555,10074
2020-06-04 09:30:54.040000,11643.14,11565,7797,11570,14583,11555,10074,11550,10928
2020-06-04 09:30:54.760000,11643.14,11565,8797,11570,14583,11560,1120,11555,10074
2020-06-04 09:30:55.730000,11643.14,11565,8297,11570,14583,11560,1120,11555,10074
2020-06-04 09:30:56.640000,11643.14,11565,8797,11570,14583,11560,1120,11555,10074
2020-06-04 09:30:57.400000,11643.14,11565,7797,11570,14583,11560,1120,11555,10074
2020-06-04 09:30:58.230000,11643.14,11565,7797,11570,11583,11560,1120,11555,10074
2020-06-04 09:30:59.070000,11643.14,11570,9532,11575,12850,11560,8647,11555,12187
2020-06-04 09:30:59.930000,11643.14,11570,10532,11575,11488,11565,500,11560,8647
2020-06-04 09:31:00.930000,11643.92,11570,9532,11575,13861,11565,500,11560,8647
2020-06-04 09:31:01.950000,11643.92,11570,12583,11575,13861,11560,8647,11555,12187
2020-06-04 09:31:03.740000,11643.92,11565,499,11570,12583,11560,8647,11555,12217
2020-06-04 09:31:04.570000,11643.92,11565,8737,11570,11583,11560,8647,11555,12217
2020-06-04 09:31:05.370000,11643.92,11570,11583,11575,13771,11560,8647,11555,12217
2020-06-04 09:31:06.240000,11643.92,11570,12540,11575,13771,11560,8647,11555,12217
2020-06-04 09:31:07.070000,11643.92,11565,7677,11570,12540,11560,8647,11555,12217
2020-06-04 09:31:07.840000,11643.92,11565,7677,11570,11640,11560,8647,11555,12217
2020-06-04 09:31:09.540000,11643.92,11565,7677,11570,11640,11560,8647,11555,12217
2020-06-04 09:31:10.330000,11643.92,11565,7677,11570,11640,11560,1120,11555,11717
2020-06-04 09:31:11.150000,11642.52,11565,7677,11570,11820,11560,1120,11555,11717
2020-06-04 09:31:13.130000,11642.52,11565,7298,11570,11820,11560,8647,11555,11717
2020-06-04 09:31:13.970000,11642.52,11565,7677,11570,11820,11560,8587,11555,11717
2020-06-04 09:31:14.830000,11642.52,11570,12020,11575,13741,11560,8527,11555,11717
2020-06-04 09:31:15.540000,11642.52,11570,12820,11575,13741,11560,8527,11555,11717
2020-06-04 09:31:16.330000,11642.52,11570,10712,11575,13741,11560,8527,11555,11657
2020-06-04 09:31:17.270000,11642.52,11570,12663,11575,13741,11560,8527,11555,11657
2020-06-04 09:31:18.070000,11642.52,11570,10612,11575,13741,11560,8527,11555,11657
2020-06-04 09:31:18.940000,11642.52,11570,10612,11575,13941,11560,8527,11555,11657
2020-06-04 09:31:19.770000,11642.52,11570,1556,11575,9174,11565,7301,11560,10613
2020-06-04 09:31:20.740000,11642.52,11575,9874,11580,7428,11565,9358,11560,10613
2020-06-04 09:31:21.740000,11644.95,11575,1644,11580,7428,11565,7301,11560,10613
2020-06-04 09:31:22.660000,11644.95,11580,7428,11585,14830,11570,590,11565,8972
2020-06-04 09:31:23.530000,11644.95,11575,1000,11580,8428,11570,6247,11565,9002
2020-06-04 09:31:24.350000,11644.95,11580,10478,11585,14830,11570,7247,11565,9002
2020-06-04 09:31:25.170000,11644.95,11580,11078,11585,14830,11570,7237,11565,9032
2020-06-04 09:31:25.970000,11644.95,11575,379,11580,11078,11570,7237,11565,9032
2020-06-04 09:31:26.860000,11644.95,11575,979,11580,10478,11570,7237,11565,9032
2020-06-04 09:31:27.770000,11644.95,11575,979,11580,10478,11570,7237,11565,9032
2020-06-04 09:31:28.630000,11644.95,11575,379,11580,10478,11570,7237,11565,9032
2020-06-04 09:31:29.470000,11644.95,11580,10478,11585,14830,11570,7237,11565,9032
2020-06-04 09:31:30.330000,11644.95,11575,6,11580,9028,11570,7237,11565,9032
2020-06-04 09:31:31.340000,11646.72,11580,9328,11585,13399,11575,92,11570,7237
2020-06-04 09:31:32.340000,11646.72,11575,1179,11580,8528,11570,7237,11565,9032
2020-06-04 09:31:33.120000,11646.72,11580,11378,11585,13020,11570,7237,11565,9032
2020-06-04 09:31:34.840000,11646.72,11580,11508,11585,13020,11570,7237,11565,9032
2020-06-04 09:31:35.640000,11646.72,11580,11515,11585,13020,11570,7237,11565,9032
2020-06-04 09:31:36.440000,11646.72,11580,11515,11585,13020,11575,621,11570,7237
2020-06-04 09:31:37.230000,11646.72,11575,900,11580,10715,11570,7237,11565,9032
2020-06-04 09:31:38.030000,11646.72,11580,1905,11585,10647,11575,7530,11570,9175
2020-06-04 09:31:39.830000,11646.72,11580,1905,11585,10653,11575,7530,11570,9095
2020-06-04 09:31:42.540000,11649.04,11580,1905,11585,10653,11575,7530,11570,9105
2020-06-04 09:31:43.430000,11649.04,11580,10672,11585,13026,11570,7167,11565,9032
2020-06-04 09:31:44.260000,11649.04,11575,8530,11580,13172,11570,510,11565,7361
2020-06-04 09:31:45.230000,11649.04,11575,10581,11580,13172,11565,7301,11560,8607
2020-06-04 09:31:46.070000,11649.04,11575,10581,11580,13172,11565,7713,11560,8607
2020-06-04 09:31:46.930000,11649.04,11575,12954,11580,13172,11565,7213,11560,8607
2020-06-04 09:31:47.640000,11649.04,11575,10581,11580,13172,11565,7713,11560,10643
2020-06-04 09:31:48.370000,11649.04,11575,10581,11580,13172,11565,7713,11560,10643
2020-06-04 09:31:49.230000,11649.04,11575,10581,11580,13172,11570,140,11565,7713
2020-06-04 09:31:50.040000,11649.04,11575,10581,11580,13172,11565,912,11560,10653
2020-06-04 09:31:51.840000,11651.36,11575,10581,11580,13172,11565,912,11560,10653
2020-06-04 09:31:52.600000,11651.36,11575,10581,11580,13172,11565,912,11560,8597
2020-06-04 09:31:53.370000,11651.36,11575,10581,11580,13172,11565,1032,11560,8597
2020-06-04 09:31:54.230000,11651.36,11575,12954,11580,15172,11565,620,11560,8597
2020-06-04 09:31:54.960000,11651.36,11575,12954,11580,13172,11565,620,11560,8597
2020-06-04 09:31:55.740000,11651.36,11575,12954,11580,13172,11565,620,11560,8597
2020-06-04 09:31:56.460000,11651.36,11575,13954,11580,13172,11565,620,11560,8597
2020-06-04 09:31:57.160000,11651.36,11570,3051,11575,13954,11560,7597,11555,10228
2020-06-04 09:31:58.040000,11651.36,11570,9907,11575,13954,11565,1000,11560,8597
2020-06-04 09:31:58.740000,11651.36,11570,9907,11575,13954,11565,1000,11560,8597
2020-06-04 09:31:59.460000,11651.36,11570,7856,11575,11581,11565,7801,11560,10653
2020-06-04 09:32:00.330000,11651.36,11570,7856,11575,11581,11565,7801,11560,10653
2020-06-04 09:32:01.270000,11651.09,11570,7856,11575,14214,11565,1000,11560,10653
2020-06-04 09:32:02.160000,11651.09,11570,7856,11575,14214,11565,1055,11560,10653
2020-06-04 09:32:03.070000,11651.09,11570,7856,11575,14214,11565,55,11560,10653
2020-06-04 09:32:03.940000,11651.09,11565,8353,11570,12964,11560,10,11555,8115
2020-06-04 09:32:04.940000,11651.09,11565,8353,11570,12964,11560,1000,11555,9115
2020-06-04 09:32:05.940000,11651.09,11565,8353,11570,9964,11560,1000,11555,9115
2020-06-04 09:32:06.940000,11651.09,11565,8353,11570,9964,11555,9115,11550,7990
2020-06-04 09:32:07.800000,11651.09,11565,8353,11570,12964,11555,8015,11550,7990
2020-06-04 09:32:08.740000,11651.09,11565,8353,11570,12964,11560,1,11555,8015
2020-06-04 09:32:09.720000,11651.09,11565,8353,11570,9964,11560,60,11555,8015
2020-06-04 09:32:10.740000,11651.09,11565,8353,11570,9964,11560,110,11555,8065
2020-06-04 09:32:11.670000,11649.58,11565,8192,11570,9964,11560,110,11555,8065
2020-06-04 09:32:12.670000,11649.58,11565,8192,11570,9964,11560,110,11555,8065
2020-06-04 09:32:13.740000,11649.58,11565,8192,11570,9964,11560,110,11555,8065
2020-06-04 09:32:14.530000,11649.58,11565,8192,11570,9964,11560,165,11555,8065
2020-06-04 09:32:15.330000,11649.58,11565,8192,11570,9964,11560,165,11555,8065
2020-06-04 09:32:16.170000,11649.58,11565,1055,11570,9964,11560,7692,11555,10003
2020-06-04 09:32:16.970000,11649.58,11565,1000,11570,7856,11560,7692,11555,10003
2020-06-04 09:32:17.730000,11649.58,11570,7856,11575,14214,11560,8692,11555,10003
2020-06-04 09:32:18.530000,11649.58,11570,7856,11575,11841,11560,8692,11555,10003
2020-06-04 09:32:19.340000,11649.58,11570,7856,11575,11841,11560,8692,11555,10003
2020-06-04 09:32:20.170000,11649.58,11570,7856,11575,14214,11560,8692,11555,10003
2020-06-04 09:32:20.970000,11651.08,11570,7856,11575,14214,11560,8692,11555,10003
2020-06-04 09:32:21.840000,11651.08,11570,7856,11575,14214,11560,8692,11555,10003
2020-06-04 09:32:22.750000,11651.08,11565,8137,11570,9964,11560,8692,11555,10003
2020-06-04 09:32:23.670000,11651.08,11570,9964,11575,14214,11560,8692,11555,10003
2020-06-04 09:32:24.440000,11651.08,11570,9964,11575,14214,11560,8692,11555,10003
2020-06-04 09:32:25.170000,11651.08,11570,7856,11575,14214,11560,8692,11555,10003
2020-06-04 09:32:25.930000,11651.08,11570,7856,11575,14214,11560,8692,11555,10003
2020-06-04 09:32:26.750000,11651.08,11570,7856,11575,11841,11560,8692,11555,10003
2020-06-04 09:32:27.640000,11651.08,11570,1000,11575,11841,11565,32,11560,10748
2020-06-04 09:32:28.530000,11651.08,11570,1000,11575,11841,11565,6833,11560,10748
2020-06-04 09:32:29.450000,11651.08,11575,9790,11580,10182,11570,1000,11565,8890
2020-06-04 09:32:30.430000,11651.08,11575,2260,11580,10182,11570,6657,11565,8890
2020-06-04 09:32:31.340000,11651.08,11575,11841,11580,13182,11570,1060,11565,6833
2020-06-04 09:32:32.170000,11650.09,11570,2000,11575,9790,11565,6833,11560,10748
2020-06-04 09:32:33.040000,11650.09,11570,1000,11575,11841,11565,6833,11560,10748
2020-06-04 09:32:34.040000,11650.09,11575,11841,11580,10182,11565,6833,11560,10748
2020-06-04 09:32:34.930000,11650.09,11575,11841,11580,13182,11565,6833,11560,10748
2020-06-04 09:32:35.760000,11650.09,11575,9790,11580,10182,11565,8890,11560,10748
2020-06-04 09:32:37.320000,11650.09,11575,2260,11580,10182,11565,8940,11560,10748
2020-06-04 09:32:38.070000,11650.09,11575,2260,11580,10182,11570,50,11565,8940
2020-06-04 09:32:38.740000,11650.09,11575,9790,11580,10182,11570,50,11565,8940
2020-06-04 09:32:39.540000,11650.09,11575,9790,11580,13182,11565,8940,11560,10749
2020-06-04 09:32:40.340000,11650.09,11575,9790,11580,13182,11565,8940,11560,10749
2020-06-04 09:32:41.160000,11651.31,11570,6856,11575,11841,11565,6938,11560,10749
2020-06-04 09:32:42.040000,11651.31,11570,6856,11575,16841,11565,6938,11560,10749
2020-06-04 09:32:42.840000,11651.31,11575,14790,11580,10682,11565,8995,11560,10749
2020-06-04 09:32:43.660000,11651.31,11575,14790,11580,10682,11565,6938,11560,10749
2020-06-04 09:32:44.430000,11651.31,11575,14790,11580,10682,11570,90,11565,6938
2020-06-04 09:32:45.240000,11651.31,11570,533,11575,14790,11565,6938,11560,10749
2020-06-04 09:32:45.930000,11651.31,11575,14790,11580,10682,11565,6938,11560,10749
2020-06-04 09:32:46.720000,11651.31,11575,14790,11580,13682,11565,6938,11560,10749
2020-06-04 09:32:47.490000,11651.31,11575,16841,11580,13682,11565,6938,11560,10749
2020-06-04 09:32:48.350000,11651.31,11575,14790,11580,13682,11565,6938,11560,10749
2020-06-04 09:32:49.160000,11651.31,11575,14880,11580,13682,11565,6938,11560,10749
2020-06-04 09:32:49.940000,11651.31,11575,16931,11580,13682,11565,6938,11560,10749
2020-06-04 09:32:50.860000,11651.52,11575,16931,11580,13682,11565,6906,11560,10749
2020-06-04 09:32:51.860000,11651.52,11570,6856,11575,17131,11565,135,11560,10749
2020-06-04 09:32:52.830000,11651.52,11570,7856,11575,19504,11560,8693,11555,10053
2020-06-04 09:32:53.740000,11651.52,11565,1000,11570,7856,11560,8693,11555,10053
2020-06-04 09:32:54.630000,11651.52,11570,7856,11575,17131,11560,8693,11555,10053
2020-06-04 09:32:55.470000,11651.52,11570,995,11575,17131,11560,10749,11555,9864
2020-06-04 09:32:56.270000,11651.52,11570,7851,11575,17131,11565,37,11560,10689
2020-06-04 09:32:57.130000,11651.52,11570,970,11575,17131,11565,6801,11560,10689
2020-06-04 09:32:59.740000,11651.52,11570,970,11575,17131,11565,6801,11560,10689
2020-06-04 09:33:01.410000,11651.94,11570,970,11575,17131,11565,6801,11560,10689
2020-06-04 09:33:02.250000,11651.94,11570,7826,11575,17131,11565,6801,11560,10689
2020-06-04 09:33:03.140000,11651.94,11570,7856,11575,17131,11560,10689,11555,9804
2020-06-04 09:33:04.110000,11651.94,11570,7856,11575,17131,11565,67,11560,10689
2020-06-04 09:33:04.950000,11651.94,11570,1000,11575,17131,11565,6869,11560,10689
2020-06-04 09:33:05.830000,11651.94,11570,1000,11575,17131,11565,6869,11560,10689
2020-06-04 09:33:07.250000,11651.94,11570,7856,11575,17131,11565,6869,11560,10689
2020-06-04 09:33:08.140000,11651.94,11570,6732,11575,17131,11565,6869,11560,10719
2020-06-04 09:33:08.940000,11651.94,11575,17131,11580,15682,11565,6899,11560,10719
2020-06-04 09:33:11.230000,11649.52,11570,6732,11575,17131,11565,6899,11560,10719
2020-06-04 09:33:12.760000,11649.52,11570,7732,11575,17131,11565,6899,11560,10719
2020-06-04 09:33:13.560000,11649.52,11570,7732,11575,17131,11565,6899,11560,10719
2020-06-04 09:33:14.470000,11649.52,11570,7707,11575,17131,11565,6899,11560,10719
2020-06-04 09:33:15.260000,11649.52,11570,7807,11575,17131,11565,6899,11560,10719
2020-06-04 09:33:16.070000,11649.52,11570,7807,11575,21504,11565,31,11560,10719
2020-06-04 09:33:16.840000,11649.52,11570,9858,11575,21504,11565,31,11560,10719
2020-06-04 09:33:17.640000,11649.52,11570,9878,11575,21504,11560,10719,11555,9834
2020-06-04 09:33:19.150000,11649.52,11565,1000,11570,9878,11560,8663,11555,9834
2020-06-04 09:33:20.040000,11649.52,11565,970,11570,9878,11560,8663,11555,9834
2020-06-04 09:33:20.930000,11650.17,11565,8107,11570,9878,11560,1166,11555,9834
2020-06-04 09:33:21.840000,11650.17,11565,8107,11570,11878,11555,9864,11550,12666
2020-06-04 09:33:22.540000,11650.17,11565,8137,11570,14878,11555,9864,11550,12666
2020-06-04 09:33:23.430000,11650.17,11565,10189,11570,14878,11555,7926,11550,12666
2020-06-04 09:33:24.130000,11650.17,11560,7530,11565,10189,11555,7926,11550,12666
2020-06-04 09:33:24.820000,11650.17,11565,8137,11570,14878,11555,8426,11550,12666
2020-06-04 09:33:25.540000,11650.17,11565,8137,11570,9878,11555,8426,11550,12666
2020-06-04 09:33:27.070000,11650.17,11565,8137,11570,9878,11555,10334,11550,12666
2020-06-04 09:33:27.930000,11650.17,11565,8137,11570,9878,11560,7527,11555,10334
2020-06-04 09:33:28.770000,11650.17,11565,8137,11570,10294,11555,10334,11550,12666
2020-06-04 09:33:29.540000,11650.17,11565,8047,11570,10294,11555,10334,11550,12666
2020-06-04 09:33:31.130000,11650.17,11565,8137,11570,15294,11555,8396,11550,12666
2020-06-04 09:33:32.040000,11649.1,11560,7440,11565,10189,11555,641,11550,12666
2020-06-04 09:33:32.930000,11649.1,11560,7940,11565,10189,11555,541,11550,12666
2020-06-04 09:33:33.830000,11649.1,11560,7940,11565,10189,11555,541,11550,12616
2020-06-04 09:33:34.630000,11649.1,11560,7940,11565,10189,11555,7296,11550,12616
2020-06-04 09:33:35.520000,11649.1,11560,1000,11565,10189,11555,7356,11550,12616
2020-06-04 09:33:36.460000,11649.1,11560,1000,11565,10189,11555,601,11550,12616
2020-06-04 09:33:37.330000,11649.1,11560,7940,11565,10189,11555,7356,11550,12616
2020-06-04 09:33:38.160000,11649.1,11560,1000,11565,10189,11555,7356,11550,12616
2020-06-04 09:33:39.040000,11649.1,11560,1000,11565,10189,11555,7356,11550,12616
2020-06-04 09:33:39.830000,11649.1,11560,7940,11565,10189,11555,7356,11550,12616
2020-06-04 09:33:40.830000,11648.37,11560,7940,11565,10189,11555,7357,11550,12616
2020-06-04 09:33:42.940000,11648.37,11560,7940,11565,10189,11555,7357,11550,11649
2020-06-04 09:33:43.940000,11648.37,11560,1000,11565,10189,11555,7357,11550,11649
2020-06-04 09:33:46.270000,11648.37,11560,7940,11565,10189,11555,7357,11550,11649
2020-06-04 09:33:47.060000,11648.37,11560,7940,11565,10189,11555,602,11550,11649
2020-06-04 09:33:47.830000,11648.37,11560,7940,11565,10189,11555,7357,11550,11649
2020-06-04 09:33:48.630000,11648.37,11560,7940,11565,10189,11555,7357,11550,11649
2020-06-04 09:33:49.470000,11648.37,11560,7940,11565,12189,11555,602,11550,11649
2020-06-04 09:33:50.330000,11648.37,11560,7940,11565,10189,11555,7192,11550,11649
2020-06-04 09:33:51.240000,11646.16,11560,7940,11565,10189,11555,437,11550,11649
2020-06-04 09:33:51.940000,11646.16,11560,7940,11565,12189,11555,437,11550,11649
2020-06-04 09:33:52.830000,11646.16,11555,1000,11560,9992,11550,9931,11545,8972
2020-06-04 09:33:53.640000,11646.16,11555,1000,11560,9992,11550,9931,11545,8972
2020-06-04 09:33:56.030000,11646.16,11555,1000,11560,9992,11550,9901,11545,8972
2020-06-04 09:33:56.940000,11646.16,11555,1000,11560,7940,11550,9871,11545,8972
2020-06-04 09:33:57.730000,11646.16,11555,999,11560,7940,11550,9871,11545,8972
2020-06-04 09:33:58.620000,11646.16,11560,7940,11565,12189,11555,999,11550,12589
2020-06-04 09:33:59.560000,11646.16,11560,7940,11565,10189,11555,7754,11550,12589
2020-06-04 09:34:00.530000,11646.16,11560,7940,11565,10189,11555,7754,11550,12589
2020-06-04 09:34:02.530000,11644.06,11560,8940,11565,10189,11555,7754,11550,12589
2020-06-04 09:34:04.260000,11644.06,11560,2000,11565,10189,11555,7754,11550,12589
2020-06-04 09:34:05.230000,11644.06,11560,1000,11565,10189,11555,8754,11550,12589
2020-06-04 09:34:05.930000,11644.06,11560,820,11565,10189,11555,8754,11550,12589
2020-06-04 09:34:07.460000,11644.06,11560,820,11565,10189,11555,8754,11550,12589
2020-06-04 09:34:08.230000,11644.06,11560,7700,11565,10189,11555,8754,11550,12589
2020-06-04 09:34:10.040000,11644.06,11560,760,11565,8137,11555,8754,11550,12589
2020-06-04 09:34:11.030000,11644.46,11565,8237,11570,8545,11555,11467,11550,12589
2020-06-04 09:34:12.040000,11644.46,11565,8237,11570,10711,11560,1000,11555,11467
2020-06-04 09:34:12.840000,11644.46,11565,8237,11570,10711,11555,11867,11550,12589
2020-06-04 09:34:15.170000,11644.46,11565,10289,11570,16011,11555,9154,11550,12589
2020-06-04 09:34:16.040000,11644.46,11565,8237,11570,16011,11555,9154,11550,12589
2020-06-04 09:34:16.840000,11644.46,11565,8237,11570,16011,11555,9154,11550,12589
2020-06-04 09:34:18.320000,11644.46,11565,8237,11570,16011,11555,9184,11550,12589
2020-06-04 09:34:19.040000,11644.46,11565,8237,11570,16011,11555,9184,11550,12619
2020-06-04 09:34:19.740000,11644.46,11565,10403,11570,16011,11555,8185,11550,12619
2020-06-04 09:34:20.540000,11644.46,11565,10403,11570,16011,11555,8185,11550,12619
2020-06-04 09:34:21.370000,11643.42,11560,6940,11565,10403,11555,7185,11550,12619
2020-06-04 09:34:22.370000,11643.42,11560,6940,11565,10403,11555,7185,11550,12619
2020-06-04 09:34:24.020000,11643.42,11565,10403,11570,16011,11555,7185,11550,12619
2020-06-04 09:34:24.830000,11643.42,11560,6940,11565,12403,11555,5430,11550,12619
2020-06-04 09:34:25.830000,11643.42,11560,7940,11565,14776,11555,5430,11550,12619
2020-06-04 09:34:26.930000,11643.42,11560,7940,11565,14776,11555,5400,11550,12619
2020-06-04 09:34:27.830000,11643.42,11560,7940,11565,10403,11555,5400,11550,12619
2020-06-04 09:34:28.740000,11643.42,11560,7940,11565,14776,11555,5400,11550,12589
2020-06-04 09:34:29.830000,11643.42,11560,9992,11565,14776,11555,5400,11550,10871
2020-06-04 09:34:30.940000,11643.42,11555,269,11560,9992,11550,10571,11545,9472
2020-06-04 09:34:32.030000,11642.57,11555,8713,11560,14992,11550,1000,11545,7698
2020-06-04 09:34:32.970000,11642.57,11555,6660,11560,9992,11550,8530,11545,7698
2020-06-04 09:34:33.940000,11642.57,11555,6660,11560,9992,11550,8530,11545,8590
2020-06-04 09:34:34.830000,11642.57,11555,6660,11560,9992,11550,8530,11545,7698
2020-06-04 09:34:36.330000,11642.57,11555,6660,11560,9992,11550,8530,11545,7698
2020-06-04 09:34:38.640000,11642.57,11555,6660,11560,9992,11550,8380,11545,7698
2020-06-04 09:34:39.330000,11642.57,11560,9992,11565,14676,11550,8380,11545,8590
2020-06-04 09:34:40.170000,11642.57,11555,1000,11560,9992,11550,8380,11545,8890
2020-06-04 09:34:41.030000,11640.54,11555,1000,11560,9992,11550,8530,11545,8890
2020-06-04 09:34:41.830000,11640.54,11555,6660,11560,9992,11550,8530,11545,8890
2020-06-04 09:34:43.470000,11640.54,11560,9992,11565,14676,11550,8530,11545,8890
2020-06-04 09:34:44.270000,11640.54,11560,9992,11565,14676,11555,30,11550,8530
2020-06-04 09:34:45.060000,11640.54,11560,9992,11565,14676,11550,8530,11545,8890
2020-06-04 09:34:45.830000,11640.54,11560,9992,11565,14676,11550,8560,11545,8920
2020-06-04 09:34:46.550000,11640.54,11555,1000,11560,9992,11550,8560,11545,8920
2020-06-04 09:34:47.330000,11640.54,11555,7660,11560,9992,11550,8560,11545,8028
2020-06-04 09:34:48.140000,11640.54,11555,900,11560,9992,11550,8560,11545,8920
2020-06-04 09:34:49.030000,11640.54,11560,9992,11565,14676,11550,8610,11545,8920
2020-06-04 09:34:49.870000,11640.54,11560,10050,11565,14676,11550,8610,11545,8920
2020-06-04 09:34:50.840000,11639.6,11560,10050,11565,14676,11555,60,11550,8610
2020-06-04 09:34:52.530000,11639.6,11555,2940,11560,10050,11550,8610,11545,8920
2020-06-04 09:34:53.340000,11639.6,11560,10050,11565,14676,11550,8610,11545,8920
2020-06-04 09:34:54.120000,11639.6,11560,10050,11565,14676,11550,8610,11545,8920
2020-06-04 09:34:54.870000,11639.6,11560,10050,11565,14676,11550,8610,11545,8920
2020-06-04 09:34:58.430000,11639.6,11560,10050,11565,14676,11550,8610,11545,8920
2020-06-04 09:34:59.070000,11639.6,11555,1000,11560,12050,11550,1080,11545,8028
2020-06-04 09:34:59.930000,11639.6,11555,7660,11560,15050,11545,8028,11540,10057
2020-06-04 09:35:00.760000,11639.6,11555,9713,11560,15050,11545,8028,11540,10057
2020-06-04 09:35:03.100000,11642.22,11555,7660,11560,10050,11550,8530,11545,7998
2020-06-04 09:35:04.540000,11642.22,11555,7660,11560,10050,11550,1000,11545,7998
2020-06-04 09:35:05.260000,11642.22,11555,7658,11560,13050,11550,1000,11545,7998
2020-06-04 09:35:05.930000,11642.22,11555,7658,11560,13050,11550,1000,11545,7998
2020-06-04 09:35:06.730000,11642.22,11555,7660,11560,15050,11550,20,11545,7998
2020-06-04 09:35:07.430000,11642.22,11555,7660,11560,15050,11550,20,11545,8018
2020-06-04 09:35:08.840000,11642.22,11555,9713,11560,15050,11550,20,11545,8018
2020-06-04 09:35:09.660000,11642.22,11555,7660,11560,15050,11550,20,11545,8018
2020-06-04 09:35:11.240000,11639.23,11555,9713,11560,15050,11545,8018,11540,10057
2020-06-04 09:35:12.740000,11639.23,11555,9713,11560,15050,11550,1000,11545,8018
2020-06-04 09:35:13.630000,11639.23,11555,7660,11560,10050,11550,8530,11545,8910
2020-06-04 09:35:14.630000,11639.23,11555,1000,11560,10050,11550,8530,11545,8910
2020-06-04 09:35:15.540000,11639.23,11560,10050,11565,14676,11550,8530,11545,8910
2020-06-04 09:35:16.330000,11639.23,11560,10050,11565,14676,11550,8650,11545,8910
2020-06-04 09:35:19.830000,11639.23,11560,7940,11565,10303,11555,6755,11550,8650
2020-06-04 09:35:20.770000,11639.23,11560,1000,11565,10303,11555,6755,11550,10472
2020-06-04 09:35:21.640000,11641.29,11565,10303,11570,16232,11555,7458,11550,10472
2020-06-04 09:35:23.360000,11641.29,11560,6940,11565,10303,11555,7458,11550,10472
2020-06-04 09:35:24.220000,11641.29,11560,6940,11565,10303,11555,19458,11550,10472
2020-06-04 09:35:25.030000,11641.29,11565,10303,11570,16282,11555,19458,11550,13472
2020-06-04 09:35:26.470000,11641.29,11565,10303,11570,13282,11555,19458,11550,13472
2020-06-04 09:35:27.240000,11641.29,11565,8137,11570,11282,11555,19458,11550,13472
2020-06-04 09:35:27.970000,11641.29,11565,8137,11570,13282,11555,19458,11550,13472
2020-06-04 09:35:28.830000,11641.29,11565,8137,11570,11282,11555,19488,11550,13472
2020-06-04 09:35:29.550000,11641.29,11565,7137,11570,11282,11555,19588,11550,13372
2020-06-04 09:35:30.440000,11641.29,11565,7137,11570,13282,11555,19588,11550,13372
2020-06-04 09:35:31.250000,11641.29,11565,7137,11570,11282,11555,21643,11550,13372
2020-06-04 09:35:32.030000,11643.74,11570,8116,11575,20305,11555,21701,11550,13949
2020-06-04 09:35:33.620000,11643.74,11570,8116,11575,20305,11555,21701,11550,13949
2020-06-04 09:35:34.440000,11643.74,11570,1409,11575,17932,11555,21701,11550,13949
2020-06-04 09:35:35.890000,11643.74,11570,13116,11575,17932,11555,21701,11550,13949
2020-06-04 09:35:37.330000,11643.74,11570,13116,11575,15932,11560,2056,11555,21701
2020-06-04 09:35:38.140000,11643.74,11570,13116,11575,15932,11565,6801,11560,7527
2020-06-04 09:35:38.970000,11643.74,11570,13116,11575,15932,11565,6801,11560,9583
2020-06-04 09:35:39.950000,11643.74,11570,13073,11575,15932,11565,7801,11560,9583
2020-06-04 09:35:40.830000,11647.19,11570,6366,11575,15932,11565,7801,11560,9583
2020-06-04 09:35:42.430000,11647.19,11570,6589,11575,15932,11565,7801,11560,9613
2020-06-04 09:35:43.840000,11647.19,11570,6589,11575,15932,11565,7831,11560,9613
2020-06-04 09:35:45.230000,11647.19,11570,6589,11575,15932,11565,7831,11560,9613
2020-06-04 09:35:46.030000,11647.19,11570,6589,11575,15932,11565,7831,11560,9613
2020-06-04 09:35:47.730000,11647.19,11570,6589,11575,15932,11565,7831,11560,9613
2020-06-04 09:35:48.640000,11647.19,11570,6589,11575,15932,11565,7831,11560,9613
2020-06-04 09:35:49.530000,11647.19,11570,6589,11575,15932,11565,7831,11560,9613
2020-06-04 09:35:51.060000,11649.86,11570,6589,11575,15932,11565,7831,11560,9613
2020-06-04 09:35:52.670000,11649.86,11570,6588,11575,15932,11565,7831,11560,9613
2020-06-04 09:35:53.430000,11649.86,11570,6588,11575,15932,11565,7831,11560,9613
2020-06-04 09:35:54.270000,11649.86,11570,6588,11575,15932,11565,7831,11560,9613
2020-06-04 09:35:55.230000,11649.86,11575,6351,11580,9731,11565,11788,11560,9613
2020-06-04 09:35:56.340000,11649.86,11575,6351,11580,9731,11565,11788,11560,9613
2020-06-04 09:35:57.340000,11649.86,11575,8051,11580,9731,11565,11788,11560,9613
2020-06-04 09:35:58.240000,11649.86,11580,8095,11585,12784,11570,3900,11565,11788
2020-06-04 09:35:59.130000,11649.86,11580,8095,11585,14891,11575,1000,11570,9617
2020-06-04 09:36:00.240000,11649.86,11580,7395,11585,14891,11575,2900,11570,9617
2020-06-04 09:36:01.240000,11649.86,11580,8095,11585,16891,11575,1030,11570,9617
2020-06-04 09:36:02.240000,11653.23,11580,8095,11585,14891,11575,2960,11570,9617
2020-06-04 09:36:03.160000,11653.23,11580,8095,11585,14891,11575,1060,11570,9617
2020-06-04 09:36:04.860000,11653.23,11580,9095,11585,16891,11575,1060,11570,9617
2020-06-04 09:36:05.570000,11653.23,11580,8395,11585,14891,11575,1060,11570,9617
2020-06-04 09:36:06.330000,11653.23,11580,9195,11585,14891,11575,1060,11570,9617
2020-06-04 09:36:08.660000,11653.23,11585,15891,11590,16290,11580,71856,11575,10590
2020-06-04 09:36:09.570000,11653.23,11585,12784,11590,13290,11580,79611,11575,12591
2020-06-04 09:36:10.360000,11651.3,11585,5844,11590,11290,11580,79611,11575,12591
2020-06-04 09:36:11.190000,11651.3,11590,11290,11595,14865,11585,704,11580,79611
2020-06-04 09:36:12.070000,11651.3,11590,12290,11595,14865,11585,1960,11580,79611
2020-06-04 09:36:12.860000,11651.3,11590,11445,11595,14865,11585,1960,11580,79611
2020-06-04 09:36:13.720000,11651.3,11590,11445,11595,14865,11585,1960,11580,79611
2020-06-04 09:36:14.560000,11651.3,11590,11445,11595,12492,11585,9487,11580,81612
2020-06-04 09:36:15.330000,11651.3,11590,11445,11595,14865,11585,1960,11580,79611
2020-06-04 09:36:16.130000,11651.3,11590,11445,11595,14865,11585,1960,11580,79611
2020-06-04 09:36:16.920000,11651.3,11590,11445,11595,14865,11585,9487,11580,79611
2020-06-04 09:36:17.640000,11651.3,11590,2202,11595,12492,11585,10487,11580,81612
2020-06-04 09:36:18.550000,11651.3,11590,1202,11595,12492,11585,10477,11580,81612
2020-06-04 09:36:19.360000,11651.3,11595,10492,11600,19922,11585,11477,11580,81612
2020-06-04 09:36:20.230000,11651.3,11595,10492,11600,19922,11590,704,11585,11477
2020-06-04 09:36:21.140000,11658.42,11595,11492,11600,19922,11590,1900,11585,11477
2020-06-04 09:36:21.970000,11658.42,11595,11492,11600,19922,11585,11477,11580,9756
2020-06-04 09:36:22.940000,11658.42,11595,13392,11600,19922,11590,704,11585,11477
2020-06-04 09:36:23.840000,11658.42,11595,11492,11600,19922,11590,794,11585,11477
2020-06-04 09:36:24.730000,11658.42,11595,11492,11600,19922,11590,794,11585,11477
2020-06-04 09:36:25.530000,11658.42,11595,13392,11600,19922,11590,90,11585,11477
2020-06-04 09:36:26.360000,11658.42,11590,10186,11595,17765,11585,3950,11580,9756
2020-06-04 09:36:27.170000,11658.42,11590,10686,11595,17765,11585,2060,11580,7755
2020-06-04 09:36:28.670000,11658.42,11590,12086,11595,21265,11585,2060,11580,7755
2020-06-04 09:36:29.470000,11658.42,11595,296,11600,13392,11590,6801,11585,12416
2020-06-04 09:36:30.260000,11658.42,11600,12392,11605,16602,11590,6681,11585,12416
2020-06-04 09:36:31.030000,11658.42,11600,12392,11605,16602,11590,6681,11585,12416
2020-06-04 09:36:31.700000,11656.86,11600,13392,11605,16602,11590,6681,11585,12416
2020-06-04 09:36:34.340000,11656.86,11600,12392,11605,16602,11590,6681,11585,12416
2020-06-04 09:36:35.000000,11656.86,11600,12392,11605,16602,11590,6681,11585,12416
2020-06-04 09:36:35.730000,11656.86,11600,12392,11605,16602,11590,6681,11585,12416
2020-06-04 09:36:36.430000,11656.86,11600,12392,11605,16602,11590,6681,11585,12416
2020-06-04 09:36:37.170000,11656.86,11600,12392,11605,16602,11590,6792,11585,12416
2020-06-04 09:36:38.030000,11656.86,11600,12392,11605,16602,11590,6792,11585,12446
2020-06-04 09:36:38.730000,11656.86,11600,12392,11605,16602,11590,6792,11585,12446
2020-06-04 09:36:39.530000,11656.86,11600,2413,11605,18586,11595,999,11590,9821
2020-06-04 09:36:40.370000,11656.86,11605,18586,11610,15631,11595,5657,11590,9821
2020-06-04 09:36:41.230000,11659.72,11600,2000,11605,18586,11595,5657,11590,9821
2020-06-04 09:36:41.930000,11659.72,11605,18586,11610,15631,11595,5657,11590,9936
2020-06-04 09:36:42.730000,11659.72,11605,18586,11610,15631,11600,60,11595,5657
2020-06-04 09:36:43.430000,11659.72,11600,100,11605,15086,11595,5657,11590,9936
2020-06-04 09:36:44.130000,11659.72,11605,15086,11610,19131,11595,5657,11590,9936
2020-06-04 09:36:45.540000,11659.72,11605,15086,11610,19131,11595,5657,11590,9936
2020-06-04 09:36:46.230000,11659.72,11600,5600,11605,15086,11595,5657,11590,9936
2020-06-04 09:36:46.960000,11659.72,11600,7734,11605,18586,11595,5657,11590,7792
2020-06-04 09:36:47.760000,11659.72,11600,7906,11605,18586,11595,5657,11590,7792
2020-06-04 09:36:48.540000,11659.72,11600,15436,11605,18586,11590,7792,11585,12446
2020-06-04 09:36:49.330000,11659.72,11595,7021,11600,19323,11590,6792,11585,10417
2020-06-04 09:36:50.270000,11659.72,11595,14551,11600,18223,11585,10417,11580,6786
2020-06-04 09:36:51.220000,11660.96,11590,2000,11595,14551,11585,10357,11580,6786
2020-06-04 09:36:52.070000,11660.96,11595,14451,11600,18323,11585,10357,11580,8814
2020-06-04 09:36:53.630000,11660.96,11595,14451,11600,18323,11585,10357,11580,8814
2020-06-04 09:36:54.430000,11660.96,11595,14451,11600,18323,11590,7530,11585,10357
2020-06-04 09:36:55.330000,11660.96,11595,4900,11600,14823,11590,7530,11585,10357
2020-06-04 09:36:56.070000,11660.96,11595,14451,11600,18323,11590,8289,11585,10357
2020-06-04 09:36:56.830000,11660.96,11595,14351,11600,18323,11590,8289,11585,10357
2020-06-04 09:36:57.610000,11660.96,11595,6821,11600,18323,11590,8289,11585,10357
2020-06-04 09:36:58.270000,11660.96,11595,6821,11600,18323,11590,8289,11585,10357
2020-06-04 09:36:58.930000,11660.96,11595,14351,11600,18323,11590,8319,11585,10357
2020-06-04 09:36:59.630000,11660.96,11595,3821,11600,14823,11590,8319,11585,12386
2020-06-04 09:37:00.470000,11660.96,11595,6821,11600,18323,11590,8319,11585,10357
2020-06-04 09:37:01.440000,11662.89,11595,4800,11600,14823,11590,8319,11585,10357
2020-06-04 09:37:02.330000,11662.89,11595,4800,11600,14823,11590,8319,11585,10357
2020-06-04 09:37:03.160000,11662.89,11595,1800,11600,14823,11590,8319,11585,12386
2020-06-04 09:37:03.940000,11662.89,11595,11829,11600,14823,11590,8419,11585,10357
2020-06-04 09:37:04.740000,11662.89,11595,11829,11600,14823,11590,8319,11585,10357
2020-06-04 09:37:05.530000,11662.89,11595,4299,11600,14823,11590,8319,11585,10357
2020-06-04 09:37:06.360000,11662.89,11595,4299,11600,14823,11590,8319,11585,10357
2020-06-04 09:37:07.030000,11662.89,11595,4299,11600,14973,11590,8319,11585,10357
2020-06-04 09:37:07.720000,11662.89,11590,1090,11595,13850,11585,10357,11580,8814
2020-06-04 09:37:08.670000,11662.89,11590,12530,11595,13850,11585,10357,11580,6786
2020-06-04 09:37:09.670000,11662.89,11590,14552,11595,17350,11585,2030,11580,6786
2020-06-04 09:37:10.640000,11661.4,11590,14552,11595,17350,11585,1030,11580,6786
2020-06-04 09:37:12.230000,11661.4,11590,14552,11595,17350,11585,1030,11580,6786
2020-06-04 09:37:12.970000,11661.4,11590,14552,11595,17350,11580,6786,11575,9562
2020-06-04 09:37:13.730000,11661.4,11590,14552,11595,17350,11585,111,11580,6786
2020-06-04 09:37:14.510000,11661.4,11590,14440,11595,17350,11585,7638,11580,6786
2020-06-04 09:37:15.330000,11661.4,11590,14440,11595,17350,11585,111,11580,6786
2020-06-04 09:37:16.940000,11661.4,11585,2000,11590,14552,11580,6786,11575,9562
2020-06-04 09:37:17.750000,11661.4,11590,14552,11595,17350,11580,7786,11575,9562
2020-06-04 09:37:18.470000,11661.4,11590,14552,11595,17350,11580,7756,11575,9562
2020-06-04 09:37:19.140000,11661.4,11590,14552,11595,17350,11580,7756,11575,9562
2020-06-04 09:37:19.930000,11661.4,11585,2000,11590,14509,11580,7756,11575,9562
2020-06-04 09:37:20.760000,11661.4,11585,2000,11590,14509,11580,7756,11575,9532
2020-06-04 09:37:22.530000,11659.76,11585,13262,11590,18009,11580,1001,11575,7531
2020-06-04 09:37:23.430000,11659.76,11585,13262,11590,18009,11580,101,11575,7531
2020-06-04 09:37:24.340000,11659.76,11585,13262,11590,18009,11575,7531,11570,10758
2020-06-04 09:37:25.340000,11659.76,11585,13262,11590,18009,11580,89,11575,7531
2020-06-04 09:37:26.170000,11659.76,11585,13262,11590,18009,11575,7531,11570,10758
2020-06-04 09:37:26.960000,11659.76,11580,2000,11585,13262,11575,7531,11570,10758
2020-06-04 09:37:27.870000,11659.76,11580,15318,11585,16762,11575,1,11570,7758
2020-06-04 09:37:29.040000,11659.76,11580,15318,11585,16762,11570,7758,11565,12632
2020-06-04 09:37:30.130000,11659.76,11580,15318,11585,16762,11570,7758,11565,12632
2020-06-04 09:37:31.260000,11654.04,11580,15318,11585,16762,11575,30,11570,7758
2020-06-04 09:37:32.340000,11654.04,11580,15318,11585,16762,11570,7758,11565,12632
2020-06-04 09:37:33.230000,11654.04,11575,11829,11580,15318,11570,7788,11565,9461
2020-06-04 09:37:34.130000,11654.04,11580,15318,11585,16762,11570,5888,11565,11487
2020-06-04 09:37:34.960000,11654.04,11575,2000,11580,15318,11570,5888,11565,11487
2020-06-04 09:37:35.760000,11654.04,11580,15318,11585,16762,11570,5888,11565,11487
2020-06-04 09:37:36.740000,11654.04,11580,15318,11585,13262,11575,7530,11570,5888
2020-06-04 09:37:37.630000,11654.04,11580,2863,11585,13262,11575,7530,11570,7914
2020-06-04 09:37:38.540000,11654.04,11580,3266,11585,13262,11575,7530,11570,7914
2020-06-04 09:37:39.330000,11654.04,11580,6221,11585,13262,11575,7530,11570,5888
2020-06-04 09:37:40.040000,11654.04,11580,6720,11585,13262,11575,7530,11570,5888
2020-06-04 09:37:40.860000,11654.0,11580,6823,11585,13262,11575,7530,11570,5888
2020-06-04 09:37:41.740000,11654.0,11580,5913,11585,13262,11575,7530,11570,5888
2020-06-04 09:37:42.540000,11654.0,11585,13262,11590,18009,11580,2000,11575,8530
2020-06-04 09:37:43.430000,11654.0,11590,14509,11595,18382,11580,8755,11575,10557
2020-06-04 09:37:44.330000,11654.0,11585,4299,11590,14509,11580,8755,11575,10557
2020-06-04 09:37:45.330000,11654.0,11585,2299,11590,14509,11580,8755,11575,10557
2020-06-04 09:37:46.330000,11654.0,11585,4299,11590,14729,11580,9717,11575,10557
2020-06-04 09:37:47.190000,11654.0,11585,4299,11590,14729,11580,9217,11575,8530
2020-06-04 09:37:48.030000,11654.0,11585,11239,11590,14729,11580,9217,11575,8530
2020-06-04 09:37:48.770000,11654.0,11585,13376,11590,18229,11580,7755,11575,8530
2020-06-04 09:37:49.570000,11654.0,11585,13376,11590,18229,11580,1000,11575,8530
2020-06-04 09:37:50.360000,11654.0,11585,13376,11590,18229,11575,8530,11570,7714
2020-06-04 09:37:51.130000,11654.0,11580,2000,11585,13376,11575,10530,11570,7714
2020-06-04 09:37:51.940000,11653.92,11580,6980,11585,16876,11575,8560,11570,7714
2020-06-04 09:37:52.630000,11653.92,11580,14510,11585,16876,11575,1030,11570,5718
2020-06-04 09:37:53.330000,11653.92,11580,14468,11585,16876,11575,1030,11570,5718
2020-06-04 09:37:54.130000,11653.92,11585,11239,11590,18229,11575,9560,11570,7744
2020-06-04 09:37:55.030000,11653.92,11585,4299,11590,14729,11580,7755,11575,9560
2020-06-04 09:37:55.830000,11653.92,11585,2000,11590,14729,11580,7755,11575,11587
2020-06-04 09:37:56.730000,11653.92,11590,14729,11595,19665,11585,1,11580,7885
2020-06-04 09:37:57.560000,11653.92,11590,15729,11595,19665,11585,30,11580,7885
2020-06-04 09:37:58.440000,11653.92,11585,4239,11590,15729,11580,7785,11575,11587
2020-06-04 09:37:59.330000,11653.92,11585,13172,11590,19229,11580,7785,11575,9560
2020-06-04 09:38:00.230000,11653.92,11585,13172,11590,19229,11580,1060,11575,9590
2020-06-04 09:38:01.140000,11650.2,11585,15172,11590,19229,11580,60,11575,9590
2020-06-04 09:38:01.970000,11650.2,11585,15172,11590,19229,11575,9590,11570,7774
2020-06-04 09:38:02.730000,11650.2,11585,15167,11590,19229,11575,9590,11570,7774
2020-06-04 09:38:03.390000,11650.2,11585,15167,11590,19229,11575,9590,11570,7774
2020-06-04 09:38:04.830000,11650.2,11585,15167,11590,19409,11575,9590,11570,7774
2020-06-04 09:38:05.420000,11650.2,11580,2509,11585,15167,11575,9590,11570,7774
2020-06-04 09:38:06.170000,11650.2,11580,2509,11585,15167,11575,9590,11570,7774
2020-06-04 09:38:06.970000,11650.2,11580,2000,11585,15167,11575,9530,11570,7774
2020-06-04 09:38:07.750000,11650.2,11580,2000,11585,15167,11575,9530,11570,7774
2020-06-04 09:38:08.530000,11650.2,11585,15167,11590,19409,11580,2000,11575,9530
2020-06-04 09:38:09.340000,11650.2,11585,15767,11590,19409,11575,10430,11570,7714
2020-06-04 09:38:10.140000,11650.2,11585,15767,11590,19409,11575,10430,11570,7714
2020-06-04 09:38:10.870000,11650.2,11585,15167,11590,19409,11575,10430,11570,7714
2020-06-04 09:38:11.670000,11649.28,11585,15667,11590,19409,11580,7755,11575,10430
2020-06-04 09:38:12.530000,11649.28,11585,15167,11590,19409,11575,10430,11570,7744
2020-06-04 09:38:13.260000,11649.28,11585,15167,11590,15909,11575,10460,11570,7744
2020-06-04 09:38:14.140000,11649.28,11585,15167,11590,15909,11580,6755,11575,10460
2020-06-04 09:38:14.840000,11649.28,11585,15167,11590,15909,11580,6755,11575,10460
2020-06-04 09:38:15.560000,11649.28,11585,6204,11590,15909,11580,6755,11575,10460
2020-06-04 09:38:16.460000,11649.28,11585,6604,11590,16004,11580,6755,11575,10460
2020-06-04 09:38:17.260000,11649.28,11585,6604,11590,16004,11580,6755,11575,10460
2020-06-04 09:38:18.060000,11649.28,11585,6204,11590,16004,11580,6755,11575,10460
2020-06-04 09:38:18.930000,11649.28,11585,12663,11590,19504,11580,7755,11575,10460
2020-06-04 09:38:19.730000,11649.28,11585,12663,11590,19504,11580,1000,11575,10460
2020-06-04 09:38:20.650000,11649.28,11585,10640,11590,16004,11580,1000,11575,10460
2020-06-04 09:38:21.430000,11652.85,11585,10640,11590,16004,11580,1000,11575,10460
2020-06-04 09:38:22.160000,11652.85,11585,10640,11590,16004,11580,1030,11575,10460
2020-06-04 09:38:22.930000,11652.85,11585,10640,11590,16004,11580,1060,11575,10460
2020-06-04 09:38:23.660000,11652.85,11585,11149,11590,16004,11580,1060,11575,10490
2020-06-04 09:38:24.340000,11652.85,11585,13272,11590,19504,11580,9060,11575,10490
2020-06-04 09:38:25.130000,11652.85,11585,13272,11590,19504,11580,9060,11575,10490
2020-06-04 09:38:25.930000,11652.85,11585,13172,11590,19504,11580,9060,11575,10520
2020-06-04 09:38:26.830000,11652.85,11585,13129,11590,19504,11580,9060,11575,10520
2020-06-04 09:38:27.770000,11652.85,11585,13129,11590,16004,11580,9060,11575,10520
2020-06-04 09:38:29.020000,11652.85,11585,13129,11590,19504,11580,9060,11575,10520
2020-06-04 09:38:29.830000,11652.85,11585,14833,11590,19504,11580,9060,11575,10520
2020-06-04 09:38:30.630000,11651.52,11585,14833,11590,19504,11580,9060,11575,10520
2020-06-04 09:38:31.330000,11651.52,11585,15324,11590,19504,11580,1,11575,10520
2020-06-04 09:38:32.130000,11651.52,11585,15324,11590,19504,11575,10520,11570,7774
2020-06-04 09:38:32.830000,11651.52,11580,2509,11585,15324,11575,9620,11570,7774
2020-06-04 09:38:33.630000,11651.52,11580,13046,11585,14824,11575,2090,11570,5748
2020-06-04 09:38:34.330000,11651.52,11580,13046,11585,14824,11575,1090,11570,5748
2020-06-04 09:38:35.040000,11651.52,11580,15069,11585,18324,11575,1090,11570,5748
2020-06-04 09:38:35.830000,11651.52,11580,15069,11585,18324,11575,1090,11570,5748
2020-06-04 09:38:36.570000,11651.52,11580,13046,11585,14914,11575,1090,11570,5748
2020-06-04 09:38:37.240000,11651.52,11580,11922,11585,14914,11575,1090,11570,5748
2020-06-04 09:38:38.720000,11651.52,11580,14003,11585,18414,11575,1090,11570,5748
2020-06-04 09:38:40.720000,11651.52,11580,1435,11585,14914,11575,8560,11570,7774
2020-06-04 09:38:41.530000,11651.75,11585,14914,11590,19504,11575,8560,11570,7714
2020-06-04 09:38:42.770000,11651.75,11580,509,11585,15414,11575,8560,11570,7714
2020-06-04 09:38:43.560000,11651.75,11585,15414,11590,19504,11575,8560,11570,7714
2020-06-04 09:38:44.530000,11651.75,11585,14914,11590,16004,11580,7529,11575,8560
2020-06-04 09:38:46.130000,11651.75,11585,3090,11590,16004,11580,7529,11575,10587
2020-06-04 09:38:47.620000,11651.75,11585,3590,11590,16004,11580,7529,11575,10587
2020-06-04 09:38:48.470000,11651.75,11585,15414,11590,19504,11575,8560,11570,7714
2020-06-04 09:38:49.260000,11651.75,11585,15414,11590,19504,11580,8000,11575,8560
2020-06-04 09:38:51.030000,11651.75,11580,1009,11585,14914,11575,8560,11570,7714
2020-06-04 09:38:51.920000,11650.32,11585,11891,11590,16004,11580,9547,11575,8560
2020-06-04 09:38:52.670000,11650.32,11585,2090,11590,16004,11580,9547,11575,10587
2020-06-04 09:38:53.340000,11650.32,11585,2590,11590,16004,11580,9547,11575,10587
2020-06-04 09:38:54.140000,11650.32,11585,5451,11590,16004,11580,9547,11575,8560
2020-06-04 09:38:54.920000,11650.32,11585,14414,11590,19504,11580,9547,11575,8560
2020-06-04 09:38:55.730000,11650.32,11585,14414,11590,19504,11580,2018,11575,8560
2020-06-04 09:38:56.530000,11650.32,11585,14414,11590,16004,11580,2018,11575,8560
2020-06-04 09:38:57.290000,11650.32,11585,15414,11590,16004,11580,2018,11575,8560
2020-06-04 09:38:58.000000,11650.32,11585,15414,11590,16004,11580,8538,11575,8560
2020-06-04 09:38:58.640000,11650.32,11585,15414,11590,16004,11580,8538,11575,8560
2020-06-04 09:38:59.510000,11650.32,11585,15414,11590,19504,11580,1009,11575,8560
2020-06-04 09:39:00.230000,11650.32,11585,15372,11590,19504,11580,1009,11575,16560
2020-06-04 09:39:00.710000,11650.32,11585,15372,11590,19504,11580,1009,11575,16560
2020-06-04 09:39:01.820000,11648.26,11580,12987,11585,14914,11575,8030,11570,5688
2020-06-04 09:39:02.810000,11648.26,11580,10030,11585,14914,11575,8030,11570,7714
2020-06-04 09:39:03.280000,11648.26,11580,10030,11585,14914,11575,8030,11570,7714
2020-06-04 09:39:04.450000,11648.26,11580,10030,11585,14914,11575,8030,11570,7714
2020-06-04 09:39:04.820000,11648.26,11580,10030,11585,14914,11575,15560,11570,7714
2020-06-04 09:39:05.650000,11648.26,11585,14914,11590,19804,11575,16560,11570,7714
2020-06-04 09:39:06.570000,11648.26,11585,14914,11590,19804,11575,16560,11570,7714
2020-06-04 09:39:07.590000,11648.26,11585,14914,11590,19804,11575,16560,11570,7714
2020-06-04 09:39:07.760000,11648.26,11585,15314,11590,19804,11575,16560,11570,7714
2020-06-04 09:39:08.590000,11648.26,11585,15114,11590,19804,11580,90,11575,16560
2020-06-04 09:39:09.760000,11648.26,11585,15114,11590,19804,11575,16560,11570,7714
2020-06-04 09:39:10.760000,11648.26,11580,2509,11585,15414,11575,16560,11570,7714
2020-06-04 09:39:11.760000,11648.5,11580,9830,11585,15114,11575,16560,11570,7714
2020-06-04 09:39:13.370000,11648.5,11580,12787,11585,15114,11575,9030,11570,5688
2020-06-04 09:39:13.630000,11648.5,11580,12787,11585,15114,11575,9030,11570,5688
2020-06-04 09:39:14.480000,11648.5,11580,12487,11585,15114,11575,16560,11570,5688
2020-06-04 09:39:15.460000,11648.5,11580,2000,11585,15114,11575,16560,11570,7714
2020-06-04 09:39:15.960000,11648.5,11580,2000,11585,15114,11575,16560,11570,7714
2020-06-04 09:39:17.160000,11648.5,11580,5257,11585,15114,11575,16560,11570,7714
2020-06-04 09:39:18.050000,11648.5,11580,12487,11585,15114,11575,9030,11570,5688
2020-06-04 09:39:18.430000,11648.5,11580,12487,11585,15114,11575,16560,11570,5688
2020-06-04 09:39:19.660000,11648.5,11580,14710,11585,18614,11575,9030,11570,5688
2020-06-04 09:39:20.710000,11648.5,11580,15219,11585,18614,11575,9030,11570,5688
2020-06-04 09:39:21.800000,11648.02,11580,15019,11585,18614,11575,16650,11570,5688
2020-06-04 09:39:23.880000,11648.02,11580,15019,11585,18614,11575,9120,11570,5688
2020-06-04 09:39:24.270000,11648.02,11580,16019,11585,17614,11575,9120,11570,5718
2020-06-04 09:39:25.470000,11648.02,11575,19,11580,16019,11570,5718,11565,11587
2020-06-04 09:39:25.770000,11648.02,11575,4151,11580,16044,11570,6718,11565,9561
2020-06-04 09:39:26.730000,11648.02,11575,12281,11580,16044,11570,1061,11565,9561
2020-06-04 09:39:28.700000,11648.02,11575,17895,11580,19544,11570,1061,11565,9561
2020-06-04 09:39:29.760000,11648.02,11575,17895,11580,19544,11570,61,11565,9561
2020-06-04 09:39:30.790000,11648.02,11570,351,11575,17895,11565,10561,11560,10764
2020-06-04 09:39:31.230000,11647.11,11570,351,11575,17895,11565,10561,11560,10764
2020-06-04 09:39:32.370000,11647.11,11575,17895,11580,19545,11570,1053,11565,10561
2020-06-04 09:39:33.360000,11647.11,11575,18895,11580,19545,11565,10561,11560,10764
2020-06-04 09:39:33.670000,11647.11,11570,5309,11575,18895,11565,10561,11560,10764
2020-06-04 09:39:34.430000,11647.11,11570,9882,11575,18895,11565,3031,11560,9702
2020-06-04 09:39:35.460000,11647.11,11570,12839,11575,18895,11565,10561,11560,9702
2020-06-04 09:39:36.030000,11647.11,11570,14864,11575,22395,11565,2031,11560,7677
2020-06-04 09:39:37.100000,11647.11,11570,14864,11575,18895,11565,2001,11560,7677
2020-06-04 09:39:38.170000,11647.11,11570,14864,11575,18895,11565,9531,11560,7677
2020-06-04 09:39:39.200000,11647.11,11570,14864,11575,18895,11565,9531,11560,7647
2020-06-04 09:39:41.370000,11645.42,11570,2352,11575,18895,11565,9431,11560,9672
2020-06-04 09:39:42.430000,11645.42,11575,18895,11580,18545,11565,10431,11560,9672
2020-06-04 09:39:42.840000,11645.42,11575,18895,11580,18545,11565,10431,11560,9672
2020-06-04 09:39:43.980000,11645.42,11570,352,11575,18895,11565,10431,11560,9672
2020-06-04 09:39:45.230000,11645.42,11575,18895,11580,18545,11570,210,11565,10431
2020-06-04 09:39:46.100000,11645.42,11575,7190,11580,15045,11570,5867,11565,12457
2020-06-04 09:39:46.660000,11645.42,11575,9341,11580,15045,11570,5867,11565,10431
2020-06-04 09:39:47.680000,11645.42,11575,9341,11580,15045,11570,5867,11565,10431
2020-06-04 09:39:48.230000,11645.42,11575,9341,11580,15045,11570,5867,11565,10431
2020-06-04 09:39:49.540000,11645.42,11575,9341,11580,15045,11570,5867,11565,10431
2020-06-04 09:39:50.360000,11645.42,11575,9341,11580,15045,11570,5867,11565,10431
2020-06-04 09:39:51.240000,11645.42,11575,18895,11580,18545,11565,10431,11560,9672
2020-06-04 09:39:52.390000,11645.0,11570,12839,11575,18895,11565,10431,11560,7647
2020-06-04 09:39:52.970000,11645.0,11570,14864,11575,22395,11565,1901,11560,7647
2020-06-04 09:39:53.980000,11645.0,11565,2000,11570,14864,11560,9047,11555,10273
2020-06-04 09:39:55.030000,11645.0,11565,4151,11570,14864,11560,7647,11555,10273
2020-06-04 09:39:56.090000,11645.0,11565,11681,11570,14864,11560,7647,11555,10273
2020-06-04 09:39:56.730000,11645.0,11565,11651,11570,14864,11560,7647,11555,10273
2020-06-04 09:39:57.660000,11645.0,11565,11651,11570,14864,11560,120,11555,7790
2020-06-04 09:39:58.690000,11645.0,11565,14676,11570,18364,11560,120,11555,7790
2020-06-04 09:39:59.120000,11645.0,11565,14676,11570,18364,11555,7790,11550,9844
2020-06-04 09:40:00.290000,11645.0,11560,600,11565,14706,11555,7790,11550,9844
2020-06-04 09:40:00.940000,11644.82,11565,14706,11570,18364,11555,8790,11550,9844
2020-06-04 09:40:01.870000,11644.82,11565,14706,11570,18364,11555,8790,11550,9844
2020-06-04 09:40:02.870000,11644.82,11565,14706,11570,18364,11555,8790,11550,9844
2020-06-04 09:40:03.970000,11644.82,11565,7176,11570,18364,11560,7527,11555,8790
2020-06-04 09:40:04.290000,11644.82,11565,5151,11570,14864,11560,7527,11555,8790
2020-06-04 09:40:05.140000,11644.82,11565,3000,11570,14864,11560,7558,11555,10814
2020-06-04 09:40:06.120000,11644.82,11570,14864,11575,21795,11565,3000,11560,16558
2020-06-04 09:40:07.170000,11644.82,11570,5913,11575,18295,11565,10530,11560,16558
2020-06-04 09:40:08.230000,11644.82,11570,2000,11575,16271,11565,11560,11560,18583
2020-06-04 09:40:08.760000,11644.82,11575,18352,11580,19044,11570,2000,11565,11560
2020-06-04 09:40:09.820000,11644.82,11575,8741,11580,19044,11570,6700,11565,11560
2020-06-04 09:40:10.870000,11644.82,11575,18286,11580,19044,11565,11560,11560,18583
2020-06-04 09:40:11.930000,11642.28,11575,10756,11580,15544,11570,14657,11565,11560
2020-06-04 09:40:12.430000,11642.28,11575,4581,11580,15544,11570,14657,11565,13643
2020-06-04 09:40:13.530000,11642.28,11580,16544,11585,17826,11575,618,11570,14657
2020-06-04 09:40:14.630000,11642.28,11580,16544,11585,17826,11570,14657,11565,13643
2020-06-04 09:40:16.660000,11642.28,11575,4151,11580,16544,11570,14657,11565,11560
2020-06-04 09:40:17.710000,11642.28,11580,16544,11585,17826,11570,14657,11565,13586
2020-06-04 09:40:19.270000,11642.28,11580,16544,11585,17826,11570,14887,11565,13586
2020-06-04 09:40:19.870000,11642.28,11575,4151,11580,16544,11570,14887,11565,13586
2020-06-04 09:40:20.880000,11642.28,11575,13820,11580,17087,11570,6273,11565,11560
2020-06-04 09:40:21.900000,11641.23,11575,13820,11580,20087,11565,11560,11560,16558
2020-06-04 09:40:22.230000,11641.23,11575,13820,11580,16587,11570,1000,11565,11560
2020-06-04 09:40:23.030000,11641.23,11575,14820,11580,20087,11565,11560,11560,18787
2020-06-04 09:40:25.580000,11641.23,11575,14820,11580,20087,11565,11560,11560,18787
2020-06-04 09:40:25.960000,11641.23,11570,2000,11575,14820,11565,11560,11560,18787
2020-06-04 09:40:27.170000,11641.23,11570,5000,11575,14820,11565,11560,11560,18787
2020-06-04 09:40:28.160000,11641.23,11570,12530,11575,14820,11565,11560,11560,18787
2020-06-04 09:40:28.530000,11641.23,11575,14820,11580,20087,11565,11560,11560,18697
2020-06-04 09:40:29.250000,11641.23,11575,14820,11580,20087,11565,11560,11560,18697
2020-06-04 09:40:30.330000,11641.23,11575,5151,11580,16587,11570,6658,11565,11560
2020-06-04 09:40:31.340000,11641.23,11575,14705,11580,20087,11570,6658,11565,11560
2020-06-04 09:40:31.630000,11641.89,11575,14705,11580,20087,11570,1001,11565,11560
2020-06-04 09:40:32.390000,11641.89,11575,14705,11580,20087,11570,1,11565,11560
2020-06-04 09:40:33.450000,11641.89,11575,14705,11580,20087,11565,11560,11560,18697
2020-06-04 09:40:33.730000,11641.89,11575,14705,11580,20087,11565,11590,11560,18697
2020-06-04 09:40:34.530000,11641.89,11575,14705,11580,16587,11570,1000,11565,11590
2020-06-04 09:40:35.560000,11641.89,11575,14705,11580,20087,11570,5657,11565,11590
2020-06-04 09:40:35.940000,11641.89,11575,14705,11580,16587,11570,5657,11565,11590
2020-06-04 09:40:36.560000,11641.89,11575,14705,11580,16587,11570,5657,11565,11590
2020-06-04 09:40:37.650000,11641.89,11575,14705,11580,20087,11565,11590,11560,19227
2020-06-04 09:40:37.970000,11641.89,11575,14705,11580,16587,11565,11590,11560,19227
2020-06-04 09:40:38.690000,11641.89,11575,14705,11580,16587,11565,11590,11560,19227
2020-06-04 09:40:39.260000,11641.89,11575,14705,11580,16587,11565,11560,11560,19197
2020-06-04 09:40:40.190000,11641.89,11575,14663,11580,20087,11565,19560,11560,19197
2020-06-04 09:40:40.530000,11641.89,11570,9530,11575,14705,11565,19559,11560,19197
2020-06-04 09:40:41.280000,11641.89,11570,12530,11575,14705,11565,19559,11560,19197
2020-06-04 09:40:42.320000,11640.19,11575,14705,11580,20087,11570,457,11565,19559
2020-06-04 09:40:42.860000,11640.19,11575,14705,11580,20087,11570,60,11565,19559
2020-06-04 09:40:43.860000,11640.19,11575,14705,11580,20087,11570,90,11565,19559
2020-06-04 09:40:44.890000,11640.19,11575,14705,11580,20087,11570,5747,11565,19559
2020-06-04 09:40:45.140000,11640.19,11575,1000,11580,13532,11570,5747,11565,21615
2020-06-04 09:40:45.950000,11640.19,11580,13532,11585,18056,11575,1000,11570,6365
2020-06-04 09:40:46.960000,11640.19,11580,13532,11585,18056,11575,1000,11570,6365
2020-06-04 09:40:47.430000,11640.19,11580,13532,11585,18056,11575,1030,11570,6365
2020-06-04 09:40:48.590000,11640.19,11575,237,11580,15670,11570,6365,11565,21615
2020-06-04 09:40:48.900000,11640.19,11575,6888,11580,15670,11570,6365,11565,21615
2020-06-04 09:40:50.680000,11640.19,11575,6888,11580,15670,11570,6515,11565,21615
2020-06-04 09:40:51.260000,11643.42,11575,2500,11580,15670,11570,6545,11565,21615
2020-06-04 09:40:52.240000,11643.42,11575,1979,11580,15670,11570,6545,11565,21615
2020-06-04 09:40:52.730000,11643.42,11575,1979,11580,15700,11570,6545,11565,21615
2020-06-04 09:40:54.230000,11643.42,11575,1981,11580,15700,11570,14545,11565,21615
2020-06-04 09:40:54.870000,11643.42,11575,1981,11580,15700,11570,14455,11565,21615
2020-06-04 09:40:55.430000,11643.42,11580,15700,11585,18100,11570,14455,11565,21615
2020-06-04 09:40:56.480000,11643.42,11580,15700,11585,18100,11570,16355,11565,21615
2020-06-04 09:40:57.550000,11643.42,11580,15761,11585,18600,11575,120,11570,16855
2020-06-04 09:40:58.590000,11643.42,11580,3093,11585,15100,11575,9450,11570,18881
2020-06-04 09:40:59.130000,11643.42,11580,5577,11585,15100,11575,8950,11570,16855
2020-06-04 09:41:00.130000,11643.42,11580,5577,11585,15100,11575,8950,11570,16855
2020-06-04 09:41:01.570000,11645.88,11580,13107,11585,15100,11575,9450,11570,18881
2020-06-04 09:41:02.230000,11645.88,11580,15130,11585,18600,11575,7650,11570,16855
2020-06-04 09:41:03.320000,11645.88,11580,15130,11585,18600,11575,120,11570,16855
2020-06-04 09:41:03.830000,11645.88,11580,15644,11585,18600,11570,15307,11565,22115
2020-06-04 09:41:05.330000,11645.88,11580,13621,11585,15100,11575,662,11570,15307
2020-06-04 09:41:06.460000,11645.88,11580,6091,11585,15100,11575,8192,11570,15307
2020-06-04 09:41:07.500000,11645.88,11580,3091,11585,15100,11575,8192,11570,17333
2020-06-04 09:41:08.130000,11645.88,11580,211,11585,15100,11575,8192,11570,17333
2020-06-04 09:41:09.070000,11645.88,11580,150,11585,15100,11575,8192,11570,17333
2020-06-04 09:41:10.530000,11645.88,11580,150,11585,15100,11575,8187,11570,17333
2020-06-04 09:41:12.020000,11647.14,11585,8160,11590,16445,11580,7529,11575,8687
2020-06-04 09:41:13.220000,11647.14,11585,8160,11590,19945,11580,8029,11575,8687
2020-06-04 09:41:13.740000,11647.14,11585,16100,11590,19945,11575,8717,11570,17333
2020-06-04 09:41:14.800000,11647.14,11580,6066,11585,16100,11575,8217,11570,15342
2020-06-04 09:41:15.330000,11647.14,11580,13596,11585,16100,11575,8217,11570,15342
2020-06-04 09:41:16.390000,11647.14,11580,3066,11585,16100,11575,8217,11570,17368
2020-06-04 09:41:16.830000,11647.14,11585,16100,11590,19945,11575,9055,11570,17368
2020-06-04 09:41:17.920000,11647.14,11585,16100,11590,19945,11575,9055,11570,17368
2020-06-04 09:41:18.300000,11647.14,11580,1000,11585,16100,11575,9055,11570,17368
2020-06-04 09:41:19.030000,11647.14,11585,16100,11590,19945,11575,9166,11570,17368
2020-06-04 09:41:20.050000,11647.14,11580,66,11585,16250,11575,9166,11570,17368
2020-06-04 09:41:21.140000,11649.93,11585,16250,11590,19945,11580,132,11575,9166
2020-06-04 09:41:22.190000,11649.93,11585,16250,11590,19945,11580,8029,11575,9166
2020-06-04 09:41:22.620000,11649.93,11585,16250,11590,19945,11580,8029,11575,9166
2020-06-04 09:41:23.750000,11649.93,11580,8338,11585,16250,11575,9166,11570,17368
2020-06-04 09:41:24.220000,11649.93,11580,15695,11585,16250,11575,1636,11570,15342
2020-06-04 09:41:25.300000,11649.93,11580,13672,11585,16250,11575,1636,11570,15342
2020-06-04 09:41:26.460000,11649.93,11580,15695,11585,19750,11575,1111,11570,15342
2020-06-04 09:41:27.160000,11649.93,11580,14122,11585,16250,11575,1606,11570,15342
2020-06-04 09:41:27.930000,11649.93,11580,11122,11585,16450,11575,9136,11570,17368
2020-06-04 09:41:28.980000,11649.93,11580,1526,11585,16450,11575,9136,11570,17368
2020-06-04 09:41:29.340000,11649.93,11585,15419,11590,19945,11580,1076,11575,9136
2020-06-04 09:41:30.110000,11649.93,11585,15419,11590,19945,11575,11136,11570,17338
2020-06-04 09:41:30.890000,11652.32,11585,15419,11590,19945,11580,7529,11575,11136
2020-06-04 09:41:32.140000,11652.32,11585,15419,11590,19945,11580,8029,11575,11136
2020-06-04 09:41:32.520000,11652.32,11585,15419,11590,19945,11580,8029,11575,11136
2020-06-04 09:41:33.220000,11652.32,11585,15419,11590,19945,11580,8029,11575,11166
2020-06-04 09:41:34.270000,11652.32,11585,15419,11590,16445,11580,8029,11575,11166
2020-06-04 09:41:34.630000,11652.32,11585,15419,11590,16445,11580,8029,11575,19166
2020-06-04 09:41:36.450000,11652.32,11585,15419,11590,19945,11575,19166,11570,17368
2020-06-04 09:41:37.470000,11652.32,11585,15419,11590,16445,11580,500,11575,19166
2020-06-04 09:41:37.630000,11652.32,11585,3805,11590,16445,11580,8029,11575,21193
2020-06-04 09:41:38.530000,11652.32,11585,2000,11590,16445,11580,11029,11575,21193
2020-06-04 09:41:38.970000,11652.32,11590,16445,11595,19967,11580,11029,11575,21193
2020-06-04 09:41:40.050000,11652.32,11590,16445,11595,19967,11580,11029,11575,21193
2020-06-04 09:41:41.110000,11650.45,11590,16445,11595,19967,11580,11029,11575,21193
2020-06-04 09:41:41.440000,11650.45,11590,16445,11595,19967,11580,19029,11575,21193
2020-06-04 09:41:42.220000,11650.45,11585,173,11590,16445,11580,19029,11575,21193
2020-06-04 09:41:42.730000,11650.45,11590,17445,11595,19967,11585,1,11580,19029
2020-06-04 09:41:43.810000,11650.45,11590,17745,11595,19967,11580,19029,11575,21194
2020-06-04 09:41:44.830000,11650.45,11585,3900,11590,17845,11580,17029,11575,21194
2020-06-04 09:41:45.500000,11650.45,11585,11991,11590,17845,11580,17029,11575,19167
2020-06-04 09:41:46.470000,11650.45,11585,14014,11590,21345,11580,9500,11575,19167
2020-06-04 09:41:46.730000,11650.45,11585,9840,11590,17845,11580,19029,11575,21194
2020-06-04 09:41:47.530000,11650.45,11585,9840,11590,17845,11580,17029,11575,21194
2020-06-04 09:41:48.580000,11650.45,11585,2900,11590,17845,11580,17029,11575,21194
2020-06-04 09:41:52.280000,11652.95,11585,16014,11590,20845,11580,9560,11575,19167
2020-06-04 09:41:52.730000,11652.95,11585,16014,11590,20845,11580,9060,11575,19167
2020-06-04 09:41:54.230000,11652.95,11585,17014,11590,20845,11580,9560,11575,19167
2020-06-04 09:41:55.450000,11652.95,11585,3900,11590,17345,11580,17889,11575,21194
2020-06-04 09:41:56.490000,11652.95,11585,7151,11590,17345,11580,17089,11575,19167
2020-06-04 09:41:56.900000,11652.95,11585,14091,11590,17345,11580,17089,11575,19167
2020-06-04 09:41:58.040000,11652.95,11585,12891,11590,17345,11580,9560,11575,19167
2020-06-04 09:41:58.460000,11652.95,11585,14914,11590,20845,11580,9060,11575,19167
2020-06-04 09:41:59.620000,11652.95,11585,14914,11590,20845,11580,9060,11575,19167
2020-06-04 09:41:59.950000,11652.95,11585,14914,11590,20845,11580,9060,11575,19167
2020-06-04 09:42:00.750000,11652.95,11585,5051,11590,17345,11580,17089,11575,19167
2020-06-04 09:42:01.570000,11654.21,11585,900,11590,17345,11580,17089,11575,21194
2020-06-04 09:42:02.830000,11654.21,11590,16345,11595,19967,11585,30,11580,17089
2020-06-04 09:42:03.830000,11654.21,11590,16345,11595,19967,11585,90,11580,17089
2020-06-04 09:42:04.270000,11654.21,11590,16345,11595,19967,11585,120,11580,17129
2020-06-04 09:42:05.420000,11654.21,11590,16345,11595,19967,11585,120,11580,17159
2020-06-04 09:42:05.960000,11654.21,11590,16245,11595,19967,11585,120,11580,17159
2020-06-04 09:42:06.990000,11654.21,11590,18615,11595,19967,11585,8120,11580,17159
2020-06-04 09:42:07.520000,11654.21,11590,18615,11595,19967,11585,8120,11580,17192
2020-06-04 09:42:09.030000,11654.21,11590,18465,11595,19967,11585,8120,11580,17192
2020-06-04 09:42:11.440000,11656.61,11590,18375,11595,19967,11585,8120,11580,17192
2020-06-04 09:42:12.250000,11656.61,11590,18375,11595,19967,11585,8120,11580,17192
2020-06-04 09:42:12.910000,11656.61,11585,1300,11590,19375,11580,17192,11575,21224
2020-06-04 09:42:13.580000,11656.61,11590,19375,11595,19967,11585,1305,11580,17192
2020-06-04 09:42:14.240000,11656.61,11590,19375,11595,19967,11585,1305,11580,17192
2020-06-04 09:42:15.110000,11656.61,11590,19465,11595,19967,11585,1305,11580,17192
2020-06-04 09:42:15.880000,11656.61,11590,19465,11595,19967,11585,1305,11580,17192
2020-06-04 09:42:16.910000,11656.61,11590,19465,11595,19967,11585,1335,11580,17192
2020-06-04 09:42:17.240000,11656.61,11590,19465,11595,19967,11585,1335,11580,17132
2020-06-04 09:42:17.940000,11656.61,11590,19465,11595,19967,11585,1830,11580,17132
2020-06-04 09:42:18.630000,11656.61,11590,19465,11595,16467,11585,9357,11580,17132
2020-06-04 09:42:19.220000,11656.61,11590,19465,11595,16467,11585,9390,11580,17132
2020-06-04 09:42:19.930000,11656.61,11590,19465,11595,16467,11585,9384,11580,17132
2020-06-04 09:42:20.540000,11656.61,11590,16502,11595,16467,11585,9384,11580,17132
2020-06-04 09:42:21.240000,11656.71,11590,4676,11595,16467,11585,9384,11580,19223
2020-06-04 09:42:21.960000,11656.71,11590,4676,11595,16467,11585,9384,11580,19223
2020-06-04 09:42:24.130000,11656.71,11590,4826,11595,16467,11585,9384,11580,19223
2020-06-04 09:42:24.720000,11656.71,11590,4826,11595,16467,11585,9384,11580,19223
2020-06-04 09:42:26.040000,11656.71,11595,17467,11600,20056,11590,1,11585,11283
2020-06-04 09:42:26.630000,11656.71,11595,17467,11600,20056,11590,9631,11585,11283
2020-06-04 09:42:27.430000,11656.71,11595,9937,11600,20056,11590,10131,11585,11283
2020-06-04 09:42:28.130000,11656.71,11590,66,11595,19567,11585,11313,11580,19223
2020-06-04 09:42:28.740000,11656.71,11590,2066,11595,19567,11585,11313,11580,19253
2020-06-04 09:42:29.540000,11656.71,11590,16682,11595,23067,11585,2391,11580,17162
2020-06-04 09:42:30.220000,11656.71,11590,16682,11595,23067,11585,1097,11580,17162
2020-06-04 09:42:30.860000,11656.71,11590,16682,11595,23067,11585,1127,11580,17162
2020-06-04 09:42:31.460000,11656.83,11590,17682,11595,23067,11585,128,11580,17162
2020-06-04 09:42:32.040000,11656.83,11590,17682,11595,23067,11585,2228,11580,17192
2020-06-04 09:42:34.360000,11656.83,11590,17682,11595,23067,11585,2228,11580,17192
2020-06-04 09:42:35.430000,11656.83,11590,17682,11595,23097,11585,2228,11580,17192
2020-06-04 09:42:36.330000,11656.83,11590,17682,11595,23097,11585,2228,11580,17192
2020-06-04 09:42:37.350000,11656.83,11590,17682,11595,23097,11585,2168,11580,17192
2020-06-04 09:42:39.530000,11656.83,11590,15582,11595,23097,11585,10190,11580,17192
2020-06-04 09:42:42.630000,11660.09,11590,15582,11595,19597,11585,10190,11580,17192
2020-06-04 09:42:43.780000,11660.09,11590,15581,11595,23097,11585,10190,11580,17192
2020-06-04 09:42:44.130000,11660.09,11590,15581,11595,19597,11585,10190,11580,17192
2020-06-04 09:42:44.660000,11660.09,11590,15581,11595,23097,11585,10190,11580,17192
2020-06-04 09:42:45.330000,11660.09,11590,15581,11595,23097,11585,2168,11580,17192
2020-06-04 09:42:46.390000,11660.09,11590,15521,11595,23097,11585,2169,11580,17192
2020-06-04 09:42:46.530000,11660.09,11590,15521,11595,23097,11585,69,11580,17192
2020-06-04 09:42:47.440000,11660.09,11590,15521,11595,23097,11585,69,11580,17192
2020-06-04 09:42:47.830000,11660.09,11590,17621,11595,23097,11585,69,11580,17192
2020-06-04 09:42:48.950000,11660.09,11590,17646,11595,23023,11580,17493,11575,21314
2020-06-04 09:42:49.120000,11660.09,11585,2426,11590,17646,11580,17193,11575,21314
2020-06-04 09:42:50.030000,11660.09,11585,2426,11590,17646,11580,17133,11575,21314
2020-06-04 09:42:51.120000,11660.09,11585,2426,11590,17646,11580,17133,11575,21315
2020-06-04 09:42:51.330000,11660.95,11585,4577,11590,17646,11580,17133,11575,21315
2020-06-04 09:42:52.110000,11660.95,11585,4577,11590,17646,11580,17133,11575,21315
2020-06-04 09:42:53.150000,11660.95,11585,4487,11590,17646,11580,17133,11575,21315
2020-06-04 09:42:53.340000,11660.95,11585,11397,11590,17646,11580,17133,11575,19298
2020-06-04 09:42:54.250000,11660.95,11585,11297,11590,17646,11580,17133,11575,19298
2020-06-04 09:42:55.290000,11660.95,11585,4357,11590,17646,11580,17133,11575,19298
2020-06-04 09:42:55.430000,11660.95,11585,4357,11590,17646,11580,17133,11575,19298
2020-06-04 09:42:56.360000,11660.95,11585,4357,11590,17646,11580,17133,11575,19303
2020-06-04 09:42:56.620000,11660.95,11585,1985,11590,15646,11580,19233,11575,21336
2020-06-04 09:42:57.450000,11660.95,11590,280,11595,15045,11585,11003,11580,20867
2020-06-04 09:42:58.500000,11660.95,11595,12945,11600,19990,11585,11003,11580,20867
2020-06-04 09:42:58.820000,11660.95,11595,12945,11600,19990,11590,500,11585,11003
2020-06-04 09:43:00.030000,11660.95,11595,15960,11600,19990,11590,7103,11585,11003
2020-06-04 09:43:00.560000,11660.95,11595,6415,11600,16490,11590,7103,11585,11003
2020-06-04 09:43:01.620000,11665.7,11595,4264,11600,16490,11590,7103,11585,13038
2020-06-04 09:43:02.170000,11665.7,11595,2264,11600,16490,11590,7163,11585,13568
2020-06-04 09:43:03.180000,11665.7,11595,2264,11600,16490,11590,7163,11585,13568
2020-06-04 09:43:03.320000,11665.7,11595,2264,11600,16490,11590,7163,11585,13568
2020-06-04 09:43:04.260000,11665.7,11595,8115,11600,16490,11590,7163,11585,11419
2020-06-04 09:43:04.620000,11665.7,11595,8215,11600,16490,11590,7163,11585,11419
2020-06-04 09:43:05.790000,11665.7,11595,6515,11600,16490,11590,7163,11585,11419
2020-06-04 09:43:06.850000,11665.7,11595,4364,11600,16490,11590,7163,11585,13454
2020-06-04 09:43:07.130000,11665.7,11595,6515,11600,16490,11590,7163,11585,11419
2020-06-04 09:43:08.460000,11665.7,11595,6515,11600,16490,11590,7163,11585,11419
2020-06-04 09:43:09.490000,11665.7,11595,14045,11600,16490,11590,7163,11585,11419
2020-06-04 09:43:10.540000,11665.7,11595,6715,11600,16490,11590,7193,11585,11419
2020-06-04 09:43:12.730000,11664.27,11595,6715,11600,16490,11590,7193,11585,11449
2020-06-04 09:43:13.690000,11664.27,11595,4564,11600,16490,11590,7193,11585,13484
2020-06-04 09:43:13.870000,11664.27,11595,8515,11600,16490,11590,7193,11585,13484
2020-06-04 09:43:14.740000,11664.27,11595,8515,11600,16490,11590,7193,11585,13484
2020-06-04 09:43:16.830000,11664.27,11595,8515,11600,16490,11590,7193,11585,13494
2020-06-04 09:43:17.520000,11664.27,11595,18060,11600,19990,11590,90,11585,11459
2020-06-04 09:43:18.470000,11664.27,11590,5000,11595,18060,11585,11459,11580,20407
2020-06-04 09:43:18.860000,11664.27,11590,16403,11595,21560,11585,3932,11580,18373
2020-06-04 09:43:19.570000,11664.27,11590,12530,11595,18060,11585,3648,11580,18373
2020-06-04 09:43:20.550000,11664.27,11595,18060,11600,19990,11585,11175,11580,20407
2020-06-04 09:43:21.600000,11665.43,11595,18630,11600,15920,11590,7530,11585,11175
2020-06-04 09:43:23.800000,11665.43,11595,18630,11600,15920,11590,7560,11585,11175
2020-06-04 09:43:24.740000,11665.43,11595,18630,11600,19420,11590,7560,11585,11175
2020-06-04 09:43:24.930000,11665.43,11595,18630,11600,19420,11590,30,11585,11205
2020-06-04 09:43:25.780000,11665.43,11590,8000,11595,18630,11585,11205,11580,20407
2020-06-04 09:43:26.240000,11665.43,11590,17330,11595,18630,11585,9505,11580,20407
2020-06-04 09:43:26.860000,11665.43,11590,17330,11595,18630,11585,1978,11580,20407
2020-06-04 09:43:27.830000,11665.43,11590,5000,11595,18630,11585,11305,11580,20407
2020-06-04 09:43:28.000000,11665.43,11590,3000,11595,18630,11585,11305,11580,20407
2020-06-04 09:43:28.860000,11665.43,11590,2999,11595,18630,11585,11305,11580,20407
2020-06-04 09:43:29.130000,11665.43,11590,19245,11595,22130,11585,8980,11580,18373
2020-06-04 09:43:29.950000,11665.43,11590,19245,11595,22130,11585,1453,11580,18373
2020-06-04 09:43:31.020000,11665.43,11590,19245,11595,22130,11585,1453,11580,18808
2020-06-04 09:43:31.240000,11666.43,11590,19245,11595,22130,11585,1453,11580,18808
2020-06-04 09:43:33.030000,11666.43,11585,1797,11590,19245,11580,17108,11575,20721
2020-06-04 09:43:33.420000,11666.43,11585,5948,11590,19245,11580,17108,11575,20721
2020-06-04 09:43:34.130000,11666.43,11585,12888,11590,19245,11580,17108,11575,20721
2020-06-04 09:43:37.280000,11666.43,11585,12888,11590,19245,11580,9579,11575,20721
2020-06-04 09:43:38.330000,11666.43,11580,11025,11585,15905,11575,18183,11570,15970
2020-06-04 09:43:38.840000,11666.43,11580,15907,11585,17608,11570,15439,11565,18601
2020-06-04 09:43:39.870000,11666.43,11580,15907,11585,17608,11570,15439,11565,18601
2020-06-04 09:43:40.890000,11666.43,11580,15907,11585,17608,11570,15439,11565,20747
2020-06-04 09:43:41.470000,11664.54,11580,15907,11585,17608,11570,17339,11565,20747
2020-06-04 09:43:42.420000,11664.54,11580,15907,11585,17608,11570,17269,11565,20747
2020-06-04 09:43:43.500000,11664.54,11580,15907,11585,17608,11575,1000,11570,15369
2020-06-04 09:43:43.830000,11664.54,11580,15907,11585,17608,11575,7530,11570,15369
2020-06-04 09:43:44.640000,11664.54,11580,15907,11585,17608,11575,7530,11570,15419
2020-06-04 09:43:47.210000,11664.54,11580,8377,11585,17608,11575,7530,11570,15419
2020-06-04 09:43:47.460000,11664.54,11580,8317,11585,14108,11575,7530,11570,15419
2020-06-04 09:43:48.280000,11664.54,11580,8257,11585,14108,11575,7530,11570,15419
2020-06-04 09:43:48.760000,11664.54,11580,8197,11585,14108,11575,9769,11570,15419
2020-06-04 09:43:49.320000,11664.54,11580,8197,11585,14108,11575,7969,11570,15419
2020-06-04 09:43:50.370000,11664.54,11580,8197,11585,14108,11575,7999,11570,15419
2020-06-04 09:43:50.590000,11664.54,11580,8197,11585,14108,11575,7999,11570,15449
2020-06-04 09:43:51.340000,11662.18,11580,8197,11585,14108,11575,7999,11570,15449
2020-06-04 09:43:51.760000,11662.18,11580,8197,11585,14108,11575,7999,11570,15449
2020-06-04 09:43:52.430000,11662.18,11580,8197,11585,14108,11575,7999,11570,15449
2020-06-04 09:43:53.490000,11662.18,11580,6180,11585,14108,11575,7999,11570,15449
2020-06-04 09:43:53.820000,11662.18,11580,6180,11585,14108,11575,8029,11570,15449
2020-06-04 09:43:54.460000,11662.18,11580,6180,11585,14108,11575,8029,11570,15449
2020-06-04 09:43:55.020000,11662.18,11580,6180,11585,14108,11575,8029,11570,15449
2020-06-04 09:43:56.120000,11662.18,11580,15727,11585,17608,11575,8029,11570,15449
2020-06-04 09:43:56.520000,11662.18,11580,13710,11585,14108,11575,8029,11570,15449
2020-06-04 09:43:57.600000,11662.18,11580,6180,11585,14108,11575,8029,11570,15449
2020-06-04 09:43:57.930000,11662.18,11580,3180,11585,14108,11575,8029,11570,17481
2020-06-04 09:43:58.680000,11662.18,11585,14108,11590,19226,11575,9029,11570,17481
2020-06-04 09:43:59.740000,11662.18,11580,13530,11585,14108,11575,1499,11570,17481
2020-06-04 09:44:00.180000,11660.79,11580,15547,11585,17788,11575,1549,11570,15449
2020-06-04 09:44:01.340000,11660.79,11580,13530,11585,14288,11575,1549,11570,15449
2020-06-04 09:44:01.540000,11660.79,11580,13530,11585,14288,11575,9079,11570,15449
2020-06-04 09:44:02.330000,11660.79,11580,13530,11585,14288,11575,9019,11570,15449
2020-06-04 09:44:03.830000,11660.79,11580,15547,11585,17788,11575,1489,11570,15449
2020-06-04 09:44:04.430000,11660.79,11575,5142,11580,15547,11570,15449,11565,18661
2020-06-04 09:44:05.550000,11660.79,11575,12672,11580,15547,11570,15389,11565,18661
2020-06-04 09:44:05.830000,11660.79,11575,11548,11580,15547,11570,9802,11565,18661
2020-06-04 09:44:07.570000,11660.79,11575,11548,11580,15547,11570,9802,11565,18601
2020-06-04 09:44:07.720000,11660.79,11575,11548,11580,15547,11570,17332,11565,18601
2020-06-04 09:44:08.650000,11660.79,11575,4018,11580,15547,11570,17332,11565,18601
2020-06-04 09:44:08.930000,11660.79,11575,13566,11580,19047,11570,9802,11565,18601
2020-06-04 09:44:09.720000,11660.79,11575,13506,11580,19047,11570,16837,11565,18601
2020-06-04 09:44:10.790000,11660.79,11575,2000,11580,15547,11570,16837,11565,21128
2020-06-04 09:44:11.330000,11659.2,11580,15547,11585,17595,11575,11530,11570,16837
2020-06-04 09:44:12.350000,11659.2,11580,8017,11585,14095,11575,10671,11570,17332
2020-06-04 09:44:13.380000,11659.2,11580,8017,11585,14095,11575,10732,11570,17332
2020-06-04 09:44:14.410000,11659.2,11580,15547,11585,14095,11575,10732,11570,17332
2020-06-04 09:44:15.410000,11659.2,11580,15547,11585,17595,11575,10732,11570,17332
2020-06-04 09:44:16.020000,11659.2,11575,7577,11580,15547,11570,17332,11565,20633
2020-06-04 09:44:17.030000,11659.2,11575,11574,11580,15547,11570,17332,11565,20633
2020-06-04 09:44:18.550000,11659.2,11575,86,11580,15547,11570,17332,11565,20633
2020-06-04 09:44:18.860000,11659.2,11575,2044,11580,15547,11570,17332,11565,20633
2020-06-04 09:44:20.640000,11659.2,11580,15547,11585,17715,11570,17632,11565,20633
2020-06-04 09:44:21.670000,11657.53,11580,15547,11585,17715,11575,1000,11570,19532
2020-06-04 09:44:22.060000,11657.53,11580,15547,11585,17715,11570,19532,11565,20633
2020-06-04 09:44:23.720000,11657.53,11580,15547,11585,17715,11570,19532,11565,20633
2020-06-04 09:44:23.950000,11657.53,11580,15547,11585,14215,11575,1000,11570,19532
2020-06-04 09:44:24.810000,11657.53,11580,15547,11585,17715,11575,2200,11570,19532
2020-06-04 09:44:25.330000,11657.53,11580,15547,11585,14215,11575,2200,11570,19532
2020-06-04 09:44:26.410000,11657.53,11580,13530,11585,14215,11575,2200,11570,19532
2020-06-04 09:44:26.620000,11657.53,11580,10530,11585,14215,11575,9730,11570,21564
2020-06-04 09:44:27.410000,11657.53,11580,3000,11585,14215,11575,9730,11570,21564
2020-06-04 09:44:27.730000,11657.53,11580,13530,11585,14215,11575,9760,11570,21564
2020-06-04 09:44:28.480000,11657.53,11580,13530,11585,14215,11575,9760,11570,19532
2020-06-04 09:44:28.890000,11657.53,11580,13500,11585,14215,11575,8560,11570,19532
2020-06-04 09:44:29.530000,11657.53,11580,13440,11585,14215,11575,1030,11570,19532
2020-06-04 09:44:30.510000,11657.53,11580,13410,11585,14215,11575,1030,11570,19532
2020-06-04 09:44:30.610000,11656.92,11580,13350,11585,14215,11575,1030,11570,19532
2020-06-04 09:44:31.650000,11656.92,11580,13350,11585,14215,11575,7040,11570,19532
2020-06-04 09:44:32.230000,11656.92,11580,13348,11585,14215,11575,7100,11570,19532
2020-06-04 09:44:32.930000,11656.92,11580,10348,11585,14215,11575,14630,11570,21564
2020-06-04 09:44:34.220000,11656.92,11580,2000,11585,14215,11575,14630,11570,21569
2020-06-04 09:44:35.280000,11656.92,11585,14215,11590,19226,11575,14630,11570,21569
2020-06-04 09:44:35.730000,11656.92,11585,14425,11590,19226,11575,14630,11570,21569
2020-06-04 09:44:36.420000,11656.92,11580,5000,11585,14425,11575,14630,11570,21569
2020-06-04 09:44:37.370000,11656.92,11580,12530,11585,14425,11575,7100,11570,19537
2020-06-04 09:44:37.960000,11656.92,11580,9530,11585,14425,11575,7100,11570,21569
2020-06-04 09:44:38.920000,11656.92,11580,12530,11585,14425,11575,14630,11570,19537
2020-06-04 09:44:39.120000,11656.92,11580,9530,11585,14425,11575,7100,11570,21569
2020-06-04 09:44:39.960000,11656.92,11580,12530,11585,14425,11575,14630,11570,19537
2020-06-04 09:44:40.460000,11656.92,11580,12519,11585,14425,11575,7100,11570,19537
2020-06-04 09:44:41.560000,11657.86,11580,12519,11585,14425,11575,7100,11570,19537
2020-06-04 09:44:41.960000,11657.86,11580,12692,11585,14425,11575,7100,11570,19537
2020-06-04 09:44:42.620000,11657.86,11580,12692,11585,14425,11575,14630,11570,19537
2020-06-04 09:44:43.650000,11657.86,11580,2162,11585,14425,11575,14630,11570,21569
2020-06-04 09:44:44.020000,11657.86,11580,5173,11585,14425,11575,14630,11570,19537
2020-06-04 09:44:45.150000,11657.86,11580,5173,11585,14425,11575,14630,11570,19567
2020-06-04 09:44:45.340000,11657.86,11580,173,11585,14425,11575,14641,11570,21599
2020-06-04 09:44:46.240000,11657.86,11585,14425,11590,19226,11575,15241,11570,21599
2020-06-04 09:44:47.270000,11657.86,11585,14425,11590,19226,11575,15271,11570,21599
2020-06-04 09:44:48.460000,11657.86,11585,7485,11590,19226,11580,7529,11575,15766
2020-06-04 09:44:49.430000,11657.86,11585,3510,11590,15726,11580,8529,11575,17799
2020-06-04 09:44:49.930000,11657.86,11585,2510,11590,15726,11580,8529,11575,17799
2020-06-04 09:44:51.020000,11656.2,11590,13620,11595,19969,11585,2622,11580,10929
2020-06-04 09:44:51.540000,11656.2,11590,1090,11595,13422,11585,10149,11580,13469
2020-06-04 09:44:52.550000,11656.2,11590,4090,11595,13422,11585,10149,11580,11435
2020-06-04 09:44:53.130000,11656.2,11590,9206,11595,19052,11585,10149,11580,11435
2020-06-04 09:44:54.210000,11656.2,11590,16826,11595,19052,11580,11435,11575,17304
2020-06-04 09:44:54.630000,11656.2,11585,10998,11590,16826,11580,11242,11575,17304
2020-06-04 09:44:55.790000,11656.2,11585,12915,11590,20326,11580,1506,11575,15271
2020-06-04 09:44:56.130000,11656.2,11585,10028,11590,16826,11580,9842,11575,15271
2020-06-04 09:44:56.860000,11656.2,11585,10017,11590,16836,11580,9842,11575,15271
2020-06-04 09:44:58.020000,11656.2,11585,3277,11590,16836,11580,9842,11575,17304
2020-06-04 09:44:58.890000,11656.2,11585,2200,11590,16836,11580,9842,11575,17304
2020-06-04 09:44:59.960000,11656.2,11585,3276,11590,16836,11580,9842,11575,17304
2020-06-04 09:45:00.430000,11656.2,11585,13333,11590,19236,11580,9347,11575,15766
2020-06-04 09:45:01.520000,11658.65,11580,4989,11585,14333,11575,15766,11570,21104
2020-06-04 09:45:02.530000,11658.65,11580,4989,11585,14333,11575,15166,11570,21104
2020-06-04 09:45:02.930000,11658.65,11580,12519,11585,13333,11575,7636,11570,21104
2020-06-04 09:45:03.720000,11658.65,11580,12519,11585,13333,11575,7636,11570,21104
2020-06-04 09:45:04.530000,11658.65,11580,12519,11585,13333,11575,7648,11570,21104
2020-06-04 09:45:05.720000,11658.65,11575,3077,11580,16536,11570,19072,11565,19152
2020-06-04 09:45:06.050000,11658.65,11575,10630,11580,15536,11570,16872,11565,21298
2020-06-04 09:45:06.800000,11658.65,11575,11707,11580,15536,11570,9342,11565,19152
