time,nav,sell1,sell1_cnt,sell2,sell2_cnt,buy1,buy1_cnt,buy2,buy2_cnt
2020-06-12 09:46:50.09,0.0,11515,12413,11520,16475,11505,17946,11500,25759
2020-06-12 09:46:50.67,0.0,11515,12413,11520,16475,11505,17946,11500,25759
2020-06-12 09:46:51.56,0.0,11515,12413,11520,14430,11505,17946,11500,25759
2020-06-12 09:46:52.47,11600.19,11515,14413,11520,16475,11505,17946,11500,25759
2020-06-12 09:46:53.56,11600.19,11515,14413,11520,16475,11505,17946,11500,25759
2020-06-12 09:46:54.53,11600.19,11515,12913,11520,16475,11505,17946,11500,25759
2020-06-12 09:46:55.36,11600.19,11515,12413,11520,16475,11505,17946,11500,25759
2020-06-12 09:46:56.26,11600.19,11510,1248,11515,14413,11505,17946,11500,25759
2020-06-12 09:46:58.59,11600.19,11515,14413,11520,16475,11505,10899,11500,25759
2020-06-12 09:46:58.91,11600.19,11510,3100,11515,14413,11505,107,11500,25759
2020-06-12 09:46:59.39,11600.19,11510,13091,11515,16463,11500,24313,11495,18811
2020-06-12 09:47:00.36,11600.19,11510,13091,11515,16463,11500,18685,11495,18811
2020-06-12 09:47:01.22,11600.19,11505,11077,11510,13091,11500,18685,11495,18811
2020-06-12 09:47:04.95,11600.14,11505,11077,11510,13091,11500,18685,11495,18811
2020-06-12 09:47:05.94,11600.14,11505,11077,11510,13091,11500,18685,11495,18811
2020-06-12 09:47:06.98,11600.14,11510,13091,11515,16463,11500,18685,11495,18811
2020-06-12 09:47:08.04,11600.14,11510,13091,11515,16463,11500,18695,11495,18811
2020-06-12 09:47:08.67,11600.14,11510,13091,11515,16463,11500,18695,11495,18811
2020-06-12 09:47:09.65,11600.14,11510,13091,11515,16463,11500,18695,11495,18821
2020-06-12 09:47:10.75,11600.14,11510,13091,11515,16463,11505,50,11500,24207
2020-06-12 09:47:11.79,11600.14,11510,13091,11515,14413,11505,50,11500,24207
2020-06-12 09:47:12.82,11602.02,11510,1000,11515,14413,11505,16258,11500,24207
2020-06-12 09:47:13.90,11602.02,11510,10102,11515,14413,11505,10857,11500,24207
2020-06-12 09:47:14.93,11602.02,11515,14413,11520,16475,11505,16374,11500,24207
2020-06-12 09:47:15.93,11602.02,11515,12413,11520,16475,11505,16374,11500,24207
2020-06-12 09:47:16.37,11602.02,11515,12413,11520,16475,11505,16374,11500,24207
2020-06-12 09:47:17.56,11602.02,11515,12413,11520,14430,11505,16374,11500,24207
2020-06-12 09:47:18.57,11602.02,11515,12413,11520,14430,11505,16374,11500,24207
2020-06-12 09:47:19.65,11602.02,11515,12413,11520,14430,11505,16374,11500,24207
2020-06-12 09:47:19.98,11602.02,11515,12413,11520,14430,11505,16374,11500,24207
2020-06-12 09:47:20.76,11602.02,11520,14430,11525,13925,11510,5521,11505,16374
2020-06-12 09:47:21.82,11602.02,11520,14430,11525,13925,11510,16060,11505,16374
2020-06-12 09:47:22.87,11599.36,11520,14430,11525,14488,11510,16060,11505,16374
2020-06-12 09:47:23.46,11599.36,11520,14430,11525,14488,11510,16060,11505,16374
2020-06-12 09:47:24.48,11599.36,11520,14330,11525,14488,11510,16060,11505,16374
2020-06-12 09:47:25.51,11599.36,11520,12430,11525,14488,11510,16060,11505,16374
2020-06-12 09:47:26.55,11599.36,11520,12428,11525,14488,11510,16062,11505,16374
2020-06-12 09:47:26.98,11599.36,11520,12428,11525,14488,11510,16062,11505,16374
2020-06-12 09:47:28.13,11599.36,11520,14630,11525,14488,11510,10541,11505,16374
2020-06-12 09:47:29.18,11599.36,11520,14630,11525,14488,11510,10541,11505,16374
2020-06-12 09:47:30.19,11599.36,11520,14630,11525,14488,11510,10541,11505,16374
2020-06-12 09:47:31.76,11599.36,11520,14629,11525,14488,11510,10541,11505,16374
2020-06-12 09:47:32.83,11601.26,11515,452,11520,13330,11510,10541,11505,16374
2020-06-12 09:47:33.94,11601.26,11520,14630,11525,14488,11515,1529,11510,10552
2020-06-12 09:47:35.00,11601.26,11520,14530,11525,14488,11510,14053,11505,16324
2020-06-12 09:47:36.07,11601.26,11520,13230,11525,14488,11510,10553,11505,16530
2020-06-12 09:47:36.66,11601.26,11520,14330,11525,14488,11510,10553,11505,16685
2020-06-12 09:47:37.63,11601.26,11520,14329,11525,14488,11510,10553,11505,16958
2020-06-12 09:47:38.69,11601.26,11520,12429,11525,14488,11510,10554,11505,16958
2020-06-12 09:47:39.27,11601.26,11515,97,11520,12429,11510,16075,11505,16958
2020-06-12 09:47:40.32,11601.26,11520,14529,11525,13925,11515,2000,11510,16375
2020-06-12 09:47:41.36,11601.26,11520,12429,11525,13925,11515,2000,11510,16375
2020-06-12 09:47:42.42,11602.09,11520,999,11525,13925,11515,12090,11510,16375
2020-06-12 09:47:43.49,11602.09,11520,1582,11525,13925,11515,12107,11510,16375
2020-06-12 09:47:44.55,11602.09,11520,982,11525,13925,11515,12107,11510,16375
2020-06-12 09:47:45.61,11602.09,11520,2100,11525,13925,11515,12107,11510,16375
2020-06-12 09:47:46.11,11602.09,11520,11430,11525,13925,11515,2017,11510,16375
2020-06-12 09:47:47.17,11602.09,11525,13925,11530,13173,11515,12107,11510,16375
2020-06-12 09:47:48.23,11602.09,11520,1000,11525,13925,11515,12107,11510,16375
2020-06-12 09:47:48.67,11602.09,11520,3100,11525,13925,11515,12107,11510,16375
2020-06-12 09:47:49.87,11602.09,11520,1000,11525,13925,11515,12107,11510,16375
2020-06-12 09:47:50.27,11602.09,11525,13925,11530,13173,11515,12107,11510,16375
2020-06-12 09:47:51.44,11602.09,11520,1000,11525,13925,11515,12107,11510,16375
2020-06-12 09:47:52.50,11603.01,11520,14530,11525,13925,11515,12107,11510,16375
2020-06-12 09:47:53.56,11603.01,11520,12430,11525,13925,11515,12107,11510,16375
2020-06-12 09:47:54.61,11603.01,11520,1000,11525,13925,11515,12107,11510,16375
2020-06-12 09:47:55.67,11603.01,11525,13925,11530,13173,11515,12107,11510,16375
2020-06-12 09:47:56.72,11603.01,11525,14925,11530,13173,11520,2000,11515,12107
2020-06-12 09:47:57.73,11603.01,11525,15125,11530,13173,11520,1854,11515,12107
2020-06-12 09:47:58.17,11603.01,11520,100,11525,15125,11515,12107,11510,16375
2020-06-12 09:47:59.37,11603.01,11520,10330,11525,15125,11515,13090,11510,16375
2020-06-12 09:47:59.87,11603.01,11520,10330,11525,15125,11515,13090,11510,16375
2020-06-12 09:48:00.97,11603.01,11525,14825,11530,13173,11520,3706,11515,13090
2020-06-12 09:48:02.03,11603.01,11520,1890,11525,14925,11515,13090,11510,16375
2020-06-12 09:48:03.09,11602.94,11520,1890,11525,14925,11515,13090,11510,16375
2020-06-12 09:48:03.76,11602.94,11525,14925,11530,13173,11515,13090,11510,16375
2020-06-12 09:48:04.76,11602.94,11525,13525,11530,13173,11515,13090,11510,16375
2020-06-12 09:48:05.66,11602.94,11525,14925,11530,13173,11515,13090,11510,16375
2020-06-12 09:48:06.80,11602.94,11525,14925,11530,13173,11515,13190,11510,16475
2020-06-12 09:48:07.85,11602.94,11525,13525,11530,13173,11520,100,11515,14190
2020-06-12 09:48:08.86,11602.94,11525,13525,11530,13173,11520,100,11515,14190
2020-06-12 09:48:09.96,11602.94,11525,14925,11530,13173,11515,14190,11510,16475
2020-06-12 09:48:11.36,11602.94,11525,14925,11530,13173,11515,14152,11510,16475
2020-06-12 09:48:12.55,11604.7,11520,100,11525,14925,11515,14152,11510,16475
2020-06-12 09:48:13.07,11604.7,11525,14925,11530,13173,11515,14152,11510,16475
2020-06-12 09:48:13.86,11604.7,11525,13525,11530,13173,11520,1000,11515,14153
2020-06-12 09:48:15.06,11604.7,11520,1000,11525,13825,11515,14153,11510,16476
2020-06-12 09:48:16.26,11604.7,11520,12330,11525,13825,11515,4063,11510,16476
2020-06-12 09:48:17.48,11604.7,11520,12320,11525,13825,11515,11164,11510,16476
2020-06-12 09:48:18.55,11604.7,11520,12320,11525,13825,11515,11164,11510,16476
2020-06-12 09:48:19.56,11604.7,11525,13725,11530,13173,11515,12164,11510,16476
2020-06-12 09:48:20.65,11604.7,11525,13425,11530,13173,11520,200,11515,12164
2020-06-12 09:48:21.72,11604.7,11525,13425,11530,13173,11520,11512,11515,17689
2020-06-12 09:48:22.78,11604.7,11525,13425,11530,11136,11520,18512,11515,17689
2020-06-12 09:48:23.82,11604.7,11525,13425,11530,11136,11520,7200,11515,12164
2020-06-12 09:48:24.86,11604.7,11525,13425,11530,11136,11520,7200,11515,17689
2020-06-12 09:48:25.87,11604.7,11525,13425,11530,11136,11520,7197,11515,17689
2020-06-12 09:48:26.15,11604.7,11525,13425,11530,11136,11520,18509,11515,17689
2020-06-12 09:48:27.07,11604.7,11525,13425,11530,11136,11520,18509,11515,17689
2020-06-12 09:48:27.85,11604.7,11525,12925,11530,11136,11520,18509,11515,17689
2020-06-12 09:48:29.10,11604.7,11525,12925,11530,11136,11520,18510,11515,17689
2020-06-12 09:48:29.55,11604.7,11530,11136,11535,15263,11525,17,11520,19510
2020-06-12 09:48:30.69,11604.7,11530,14236,11535,15263,11520,19510,11515,17689
2020-06-12 09:48:31.75,11604.7,11530,12136,11535,15263,11520,19510,11515,17689
2020-06-12 09:48:32.72,11608.81,11530,14236,11535,15263,11520,19510,11515,17689
2020-06-12 09:48:34.27,11608.81,11530,14236,11535,15263,11520,19478,11515,17689
2020-06-12 09:48:35.36,11608.81,11530,12136,11535,15263,11525,113,11520,25027
2020-06-12 09:48:35.86,11608.81,11530,1059,11535,13230,11525,11543,11520,25027
2020-06-12 09:48:36.97,11608.81,11530,3159,11535,13230,11525,11543,11520,25027
2020-06-12 09:48:38.02,11608.81,11530,14236,11535,13230,11525,11543,11520,25027
2020-06-12 09:48:39.03,11608.81,11530,12136,11535,13230,11525,11543,11520,25027
2020-06-12 09:48:40.14,11608.81,11530,59,11535,13230,11525,11543,11520,25027
2020-06-12 09:48:41.16,11608.81,11535,13230,11540,16343,11525,11543,11520,25027
2020-06-12 09:48:41.77,11610.19,11535,13230,11540,16343,11525,17077,11520,25037
2020-06-12 09:48:42.74,11610.19,11535,13530,11540,16343,11525,11543,11520,25037
2020-06-12 09:48:45.27,11610.19,11535,13629,11540,16343,11525,11543,11520,25037
2020-06-12 09:48:46.27,11610.19,11535,13229,11540,15241,11525,17077,11520,25037
2020-06-12 09:48:47.47,11610.19,11540,13213,11545,15260,11525,17077,11520,25037
2020-06-12 09:48:48.52,11610.19,11540,13713,11545,15260,11525,17077,11520,25037
2020-06-12 09:48:48.86,11610.19,11535,11430,11540,13712,11525,17077,11520,25037
2020-06-12 09:48:50.09,11610.19,11540,13712,11545,15260,11525,17077,11520,25037
2020-06-12 09:48:50.66,11610.19,11540,11512,11545,15260,11530,5538,11525,17077
2020-06-12 09:48:51.64,11610.19,11545,12830,11550,17017,11535,10554,11530,16230
2020-06-12 09:48:52.69,11621.74,11540,11430,11545,14730,11535,10554,11530,16230
2020-06-12 09:48:53.72,11621.74,11540,11430,11545,14730,11535,10554,11530,16330
2020-06-12 09:48:54.06,11621.74,11545,14730,11550,17017,11535,11539,11530,16330
2020-06-12 09:48:54.86,11621.74,11545,13830,11550,14127,11535,11539,11530,16230
2020-06-12 09:48:55.81,11621.74,11545,13830,11550,14127,11535,11539,11530,16230
2020-06-12 09:48:56.87,11621.74,11545,14830,11550,14129,11540,200,11535,11539
2020-06-12 09:48:57.47,11621.74,11540,12630,11545,16854,11535,1000,11530,16230
2020-06-12 09:48:58.40,11621.74,11540,14829,11545,16856,11530,16245,11525,17077
2020-06-12 09:48:59.43,11621.74,11540,14829,11545,16856,11530,16245,11525,17077
2020-06-12 09:49:00.53,11621.74,11540,12631,11545,16856,11530,16245,11525,17077
2020-06-12 09:49:01.57,11621.74,11540,12631,11545,16856,11530,16245,11525,17077
2020-06-12 09:49:02.06,11632.89,11540,14131,11545,16856,11530,12745,11525,17077
2020-06-12 09:49:02.96,11632.89,11540,1201,11545,16856,11535,10539,11530,16245
2020-06-12 09:49:03.87,11632.89,11540,2,11545,14832,11535,10539,11530,16245
2020-06-12 09:49:04.69,11632.89,11540,1,11545,14832,11535,11639,11530,16245
2020-06-12 09:49:06.40,11632.89,11545,13831,11550,16264,11535,13682,11530,16245
2020-06-12 09:49:07.49,11632.89,11545,14731,11550,16264,11535,13682,11530,16245
2020-06-12 09:49:08.52,11632.89,11545,14731,11550,16264,11540,1100,11535,12582
2020-06-12 09:49:09.58,11632.89,11545,14930,11550,16264,11535,10539,11530,16245
2020-06-12 09:49:10.07,11632.89,11545,14930,11550,16264,11535,10539,11530,16245
2020-06-12 09:49:11.11,11632.89,11545,13830,11550,16264,11535,10539,11530,16245
2020-06-12 09:49:12.21,11632.89,11545,1002,11550,14129,11535,16082,11530,16245
2020-06-12 09:49:13.27,11642.27,11550,14129,11555,17603,11540,5547,11535,16082
2020-06-12 09:49:13.77,11642.27,11550,15129,11555,17603,11540,10090,11535,16082
2020-06-12 09:49:14.78,11642.27,11545,100,11550,15129,11540,10090,11535,16082
2020-06-12 09:49:15.88,11642.27,11545,2600,11550,15129,11540,11090,11535,16082
2020-06-12 09:49:16.92,11642.27,11545,11529,11550,15129,11540,11090,11535,16082
2020-06-12 09:49:17.41,11642.27,11545,11528,11550,15129,11540,1000,11535,16082
2020-06-12 09:49:18.49,11642.27,11545,98,11550,15129,11540,11090,11535,16082
2020-06-12 09:49:19.58,11642.27,11545,97,11550,15229,11540,11090,11535,16082
2020-06-12 09:49:21.16,11642.27,11550,15229,11555,16125,11545,97,11540,11090
2020-06-12 09:49:21.80,11653.12,11550,15228,11555,16125,11545,11312,11540,17037
2020-06-12 09:49:22.69,11653.12,11550,1204,11555,14080,11545,11312,11540,17095
2020-06-12 09:49:23.78,11653.12,11550,1204,11555,14180,11545,11312,11540,17095
2020-06-12 09:49:24.36,11653.12,11550,202,11555,14180,11545,11425,11540,17095
2020-06-12 09:49:25.39,11653.12,11550,200,11555,14180,11545,11425,11540,17095
2020-06-12 09:49:26.36,11653.12,11555,13979,11560,16992,11545,11425,11540,17095
2020-06-12 09:49:26.89,11653.12,11555,15178,11560,17192,11545,11425,11540,17095
2020-06-12 09:49:28.03,11653.12,11555,15178,11560,17192,11545,11425,11540,17095
2020-06-12 09:49:29.06,11653.12,11555,15178,11560,17192,11545,11425,11540,17095
2020-06-12 09:49:29.62,11653.12,11555,12680,11560,17192,11545,11425,11540,17095
2020-06-12 09:49:30.67,11653.12,11555,10525,11560,17192,11545,11536,11540,17095
2020-06-12 09:49:31.73,11653.12,11555,13125,11560,17192,11545,11536,11540,17095
2020-06-12 09:49:32.78,11652.99,11555,1604,11560,17192,11545,17087,11540,17095
2020-06-12 09:49:33.28,11652.99,11555,3204,11560,17192,11545,17087,11540,17095
2020-06-12 09:49:34.86,11652.99,11555,12127,11560,17192,11545,17087,11540,17095
2020-06-12 09:49:35.95,11652.99,11555,12129,11560,17192,11545,13587,11540,17095
2020-06-12 09:49:36.46,11652.99,11555,12129,11560,17192,11545,13587,11540,17095
2020-06-12 09:49:37.53,11652.99,11555,13129,11560,17193,11545,11536,11540,17095
2020-06-12 09:49:38.57,11652.99,11550,2989,11555,4206,11545,11536,11540,17095
2020-06-12 09:49:39.06,11652.99,11555,12484,11560,17193,11550,2000,11545,11636
2020-06-12 09:49:40.15,11652.99,11555,12484,11560,17193,11545,17202,11540,17095
2020-06-12 09:49:40.79,11652.99,11560,18193,11565,15126,11555,2515,11545,18074
2020-06-12 09:49:41.79,11652.99,11560,15834,11565,15126,11550,129,11545,18074
2020-06-12 09:49:42.76,11655.44,11560,13834,11565,13939,11550,11559,11545,18074
2020-06-12 09:49:43.76,11655.44,11560,15934,11565,13939,11550,11559,11545,18074
2020-06-12 09:49:45.37,11655.44,11560,15936,11565,13939,11550,11559,11545,18074
2020-06-12 09:49:46.37,11655.44,11560,15206,11565,13939,11550,11559,11545,18074
2020-06-12 09:49:47.49,11655.44,11560,12606,11565,13939,11550,11559,11545,18074
2020-06-12 09:49:47.96,11655.44,11560,12606,11565,13939,11550,11559,11545,18074
2020-06-12 09:49:49.02,11655.44,11560,1703,11565,13939,11550,17114,11545,18074
2020-06-12 09:49:49.57,11655.44,11560,4303,11565,13939,11550,17114,11545,18074
2020-06-12 09:49:50.57,11655.44,11560,4305,11565,13939,11550,17114,11545,18074
2020-06-12 09:49:51.07,11655.44,11560,1811,11565,13939,11550,17172,11545,18074
2020-06-12 09:49:51.87,11655.44,11560,1811,11565,13939,11550,17172,11545,18074
2020-06-12 09:49:52.71,11654.54,11560,811,11565,13939,11550,17172,11545,18074
2020-06-12 09:49:53.71,11654.54,11560,811,11565,11933,11555,16377,11550,17172
2020-06-12 09:49:54.22,11654.54,11565,11933,11570,14484,11555,29669,11550,17172
2020-06-12 09:49:55.32,11654.54,11565,11933,11570,14484,11555,29669,11550,17172
2020-06-12 09:49:55.88,11654.54,11560,5,11565,11933,11555,29669,11550,17172
2020-06-12 09:49:56.90,11654.54,11565,12934,11570,14484,11555,29669,11550,17172
2020-06-12 09:49:57.91,11654.54,11565,12934,11570,14484,11555,29669,11550,17172
2020-06-12 09:49:58.36,11654.54,11560,1000,11565,15334,11555,23971,11550,17172
2020-06-12 09:49:59.53,11654.54,11560,1000,11565,15334,11555,21371,11550,17172
2020-06-12 09:50:00.58,11654.54,11560,4100,11565,15334,11555,18755,11550,13672
2020-06-12 09:50:01.63,11654.54,11560,500,11565,15334,11555,18306,11550,17172
2020-06-12 09:50:02.69,11654.67,11560,500,11565,15334,11555,18306,11550,17172
2020-06-12 09:50:03.07,11654.67,11560,500,11565,15334,11555,18306,11550,17172
2020-06-12 09:50:04.25,11654.67,11560,3100,11565,15334,11555,18306,11550,17172
2020-06-12 09:50:05.27,11654.67,11560,3101,11565,15333,11555,18306,11550,17172
2020-06-12 09:50:05.80,11654.67,11560,501,11565,15333,11555,18306,11550,17172
2020-06-12 09:50:06.83,11654.67,11560,3101,11565,15333,11555,17806,11550,17172
2020-06-12 09:50:07.88,11654.67,11560,501,11565,15333,11555,17806,11550,17172
2020-06-12 09:50:08.27,11654.67,11560,3101,11565,17339,11555,17806,11550,17172
2020-06-12 09:50:09.45,11654.67,11560,501,11565,17339,11555,17806,11550,17172
2020-06-12 09:50:10.00,11654.67,11560,13904,11565,17339,11555,17806,11550,13672
2020-06-12 09:50:11.05,11654.67,11560,14904,11565,17339,11555,7114,11550,11559
2020-06-12 09:50:12.06,11654.16,11555,1699,11560,14904,11550,11759,11545,16023
2020-06-12 09:50:12.47,11654.16,11555,4299,11560,14904,11550,11559,11545,18132
2020-06-12 09:50:13.73,11654.16,11555,15749,11560,14904,11550,12019,11545,18132
2020-06-12 09:50:14.16,11654.16,11555,15749,11560,16915,11550,589,11545,14632
2020-06-12 09:50:15.16,11654.16,11555,15749,11560,17015,11550,889,11545,14632
2020-06-12 09:50:16.19,11654.16,11555,15749,11560,17015,11550,300,11545,18074
2020-06-12 09:50:17.37,11654.16,11555,13149,11560,17015,11550,11730,11545,12523
2020-06-12 09:50:18.37,11654.16,11555,1709,11560,15004,11550,11730,11545,18174
2020-06-12 09:50:19.37,11654.16,11555,20,11560,15004,11550,12429,11545,18174
2020-06-12 09:50:19.65,11654.16,11555,2320,11560,15004,11550,12429,11545,18174
2020-06-12 09:50:20.45,11654.16,11555,2620,11560,15004,11550,12429,11545,18174
2020-06-12 09:50:21.50,11654.16,11560,15006,11565,17339,11555,1980,11550,12429
2020-06-12 09:50:22.59,11657.68,11560,15006,11565,17344,11555,1980,11550,12429
2020-06-12 09:50:23.62,11657.68,11560,15006,11565,17344,11555,12024,11550,14484
2020-06-12 09:50:24.09,11657.68,11560,15006,11565,17344,11555,12024,11550,12429
2020-06-12 09:50:25.26,11657.68,11560,14963,11565,17344,11555,1332,11550,12429
2020-06-12 09:50:26.31,11657.68,11555,1300,11560,14965,11550,12429,11545,18174
2020-06-12 09:50:26.85,11657.68,11560,14965,11565,17344,11550,12429,11545,18174
2020-06-12 09:50:27.81,11657.68,11560,14965,11565,17344,11550,12429,11545,18174
2020-06-12 09:50:29.26,11657.68,11560,14965,11565,17344,11550,12429,11545,18174
2020-06-12 09:50:30.54,11657.68,11560,15028,11565,17344,11550,12429,11545,18174
2020-06-12 09:50:31.85,11657.68,11560,15028,11565,17344,11550,12429,11545,18174
2020-06-12 09:50:32.75,11658.57,11560,15028,11565,17344,11550,12429,11545,18174
2020-06-12 09:50:33.75,11658.57,11555,2,11560,15025,11550,12439,11545,18174
2020-06-12 09:50:34.78,11658.57,11560,15475,11565,17344,11550,12439,11545,18174
2020-06-12 09:50:35.83,11658.57,11560,15475,11565,17344,11550,12439,11545,18174
2020-06-12 09:50:36.86,11658.57,11560,4572,11565,17344,11555,10692,11550,17994
2020-06-12 09:50:37.39,11658.57,11560,2072,11565,17344,11555,10692,11550,17999
2020-06-12 09:50:38.56,11658.57,11560,447,11565,12938,11555,11754,11550,17999
2020-06-12 09:50:39.67,11658.57,11565,1508,11570,15032,11560,98,11555,11754
2020-06-12 09:50:40.65,11658.57,11565,1508,11570,15032,11560,10637,11555,13756
2020-06-12 09:50:41.55,11662.96,11565,1508,11570,15032,11560,10637,11555,17256
2020-06-12 09:50:42.69,11662.96,11570,12740,11575,15138,11565,1000,11560,11637
2020-06-12 09:50:43.76,11662.96,11570,13739,11575,15138,11565,1000,11560,11637
2020-06-12 09:50:45.88,11662.96,11570,13739,11575,15138,11565,1000,11560,13643
2020-06-12 09:50:46.90,11662.96,11570,2309,11575,15138,11565,11090,11560,17143
2020-06-12 09:50:47.99,11662.96,11575,12428,11580,14994,11570,1000,11565,12090
2020-06-12 09:50:48.49,11662.96,11575,13427,11580,14994,11570,12312,11565,14101
2020-06-12 09:50:49.50,11662.96,11575,13427,11580,14994,11570,12277,11565,14101
2020-06-12 09:50:50.57,11662.96,11575,13426,11580,14994,11570,12277,11565,14101
2020-06-12 09:50:51.07,11662.96,11575,2001,11580,14994,11570,12277,11565,14101
2020-06-12 09:50:52.19,11662.96,11575,996,11580,12104,11570,12876,11565,14101
2020-06-12 09:50:53.22,11664.51,11575,995,11580,12104,11570,12876,11565,14101
2020-06-12 09:50:54.55,11664.51,11580,12103,11585,14169,11570,13976,11565,17601
2020-06-12 09:50:55.56,11664.51,11575,1500,11580,14203,11570,13976,11565,17601
2020-06-12 09:50:56.56,11664.51,11575,12925,11580,14203,11570,1564,11565,12090
2020-06-12 09:50:57.58,11664.51,11570,14416,11575,16025,11565,12090,11560,13643
2020-06-12 09:50:58.62,11664.51,11570,14316,11575,18071,11565,12095,11560,17143
2020-06-12 09:50:59.61,11664.51,11570,14306,11575,16025,11565,12095,11560,17143
2020-06-12 09:51:00.70,11664.51,11570,2876,11575,16025,11565,12095,11560,17143
2020-06-12 09:51:01.17,11664.51,11570,2876,11575,16025,11565,12095,11560,17143
2020-06-12 09:51:02.25,11669.52,11570,14306,11575,18071,11565,12095,11560,13743
2020-06-12 09:51:03.28,11669.52,11570,14306,11575,18071,11565,2105,11560,13743
2020-06-12 09:51:04.34,11669.52,11570,14306,11575,18071,11565,12195,11560,13743
2020-06-12 09:51:06.98,11669.52,11570,16706,11575,18071,11560,11737,11555,17356
2020-06-12 09:51:07.46,11669.52,11565,1000,11570,17506,11560,11737,11555,17356
2020-06-12 09:51:08.54,11669.52,11565,2200,11570,17506,11560,11737,11555,17356
2020-06-12 09:51:08.96,11669.52,11570,17506,11575,18071,11565,1000,11560,13743
2020-06-12 09:51:10.15,11669.52,11570,15306,11575,18071,11560,11737,11555,17356
2020-06-12 09:51:10.65,11669.52,11570,17506,11575,18071,11560,11737,11555,17356
2020-06-12 09:51:11.73,11669.52,11570,17506,11575,18071,11560,11737,11555,17356
2020-06-12 09:51:12.77,11669.94,11565,1000,11570,17506,11560,11639,11555,17356
2020-06-12 09:51:13.84,11669.94,11565,3200,11570,17506,11560,11639,11555,17356
2020-06-12 09:51:14.26,11669.94,11565,1000,11570,17506,11560,11639,11555,17356
2020-06-12 09:51:15.40,11669.94,11565,73,11570,17506,11560,13645,11555,17356
2020-06-12 09:51:16.43,11669.94,11570,15306,11575,18071,11565,100,11560,13645
2020-06-12 09:51:17.44,11669.94,11570,15306,11575,18121,11565,10190,11560,13645
2020-06-12 09:51:17.96,11669.94,11570,3876,11575,18121,11565,10190,11560,17145
2020-06-12 09:51:19.10,11669.94,11570,2200,11575,16075,11565,11117,11560,17145
2020-06-12 09:51:20.16,11669.94,11570,13630,11575,18121,11565,1027,11560,13645
2020-06-12 09:51:21.21,11669.94,11570,13630,11575,18121,11565,11117,11560,17145
2020-06-12 09:51:22.29,11669.94,11575,16075,11580,17295,11565,11117,11560,17145
2020-06-12 09:51:23.33,11669.44,11575,16174,11580,17295,11565,11117,11560,17145
2020-06-12 09:51:23.79,11669.44,11575,16174,11580,17295,11565,11117,11560,17145
2020-06-12 09:51:24.94,11669.44,11575,16174,11580,17295,11565,11117,11560,17145
2020-06-12 09:51:25.99,11669.44,11575,16174,11580,17295,11565,11117,11560,17145
2020-06-12 09:51:26.46,11669.44,11575,16174,11580,17295,11570,10,11565,11117
2020-06-12 09:51:27.55,11669.44,11575,16173,11580,17295,11565,11117,11560,17145
2020-06-12 09:51:29.78,11669.44,11575,16173,11580,17295,11565,11117,11560,17145
2020-06-12 09:51:31.13,11669.44,11575,16173,11580,17295,11565,11117,11560,13645
2020-06-12 09:51:31.46,11669.44,11575,16173,11580,17295,11565,11117,11560,13645
2020-06-12 09:51:32.36,11670.94,11575,16173,11580,17295,11565,11117,11560,17145
2020-06-12 09:51:33.15,11670.94,11575,13973,11580,17295,11565,11117,11560,17145
2020-06-12 09:51:34.37,11670.94,11575,16273,11580,17295,11565,11117,11560,17145
2020-06-12 09:51:35.95,11670.94,11575,14573,11580,14722,11565,11117,11560,17145
2020-06-12 09:51:37.00,11670.94,11575,16273,11580,15750,11565,11117,11560,17145
2020-06-12 09:51:38.07,11670.94,11575,16273,11580,15750,11565,11117,11560,13645
2020-06-12 09:51:38.65,11670.94,11570,1000,11575,16273,11565,11117,11560,17145
2020-06-12 09:51:39.60,11670.94,11575,16273,11580,15750,11565,11117,11560,17145
2020-06-12 09:51:40.67,11670.94,11570,1000,11575,16273,11565,11117,11560,17145
2020-06-12 09:51:41.23,11670.94,11570,14730,11575,18329,11565,11117,11560,11639
2020-06-12 09:51:42.24,11673.22,11570,14730,11575,18329,11565,100,11560,11639
2020-06-12 09:51:42.79,11673.22,11570,14730,11575,18329,11560,11639,11555,17356
2020-06-12 09:51:43.84,11673.22,11565,11610,11570,16732,11560,1100,11555,17356
2020-06-12 09:51:44.88,11673.22,11565,13910,11570,16732,11560,1100,11555,17356
2020-06-12 09:51:45.35,11673.22,11565,14910,11570,16732,11560,100,11555,13856
2020-06-12 09:51:46.45,11673.22,11560,1000,11565,14910,11555,11754,11550,18410
2020-06-12 09:51:47.48,11673.22,11560,3000,11565,14910,11555,11754,11550,18110
2020-06-12 09:51:47.96,11673.22,11560,3000,11565,14910,11555,11754,11550,18110
2020-06-12 09:51:48.98,11673.22,11560,3000,11565,14910,11555,11754,11550,18110
2020-06-12 09:51:50.01,11673.22,11565,14910,11570,16732,11555,11754,11550,18120
2020-06-12 09:51:50.40,11673.22,11560,1000,11565,14910,11555,11754,11550,18120
2020-06-12 09:51:51.63,11673.22,11560,3299,11565,14910,11555,11754,11550,18120
2020-06-12 09:51:52.68,11661.19,11560,14202,11565,14910,11555,11754,11550,18120
2020-06-12 09:51:53.16,11661.19,11565,14910,11570,14730,11555,11754,11550,18120
2020-06-12 09:51:54.21,11661.19,11565,14910,11570,16848,11555,11754,11550,18120
2020-06-12 09:51:55.27,11661.19,11565,14910,11570,16848,11555,11754,11550,18120
2020-06-12 09:51:55.66,11661.19,11565,14910,11570,16848,11555,11754,11550,18120
2020-06-12 09:51:56.36,11661.19,11565,14909,11570,16848,11555,11755,11550,18120
2020-06-12 09:51:57.32,11661.19,11565,14909,11570,16848,11555,11755,11550,18120
2020-06-12 09:51:57.75,11661.19,11565,14909,11570,16848,11555,11755,11550,18120
2020-06-12 09:51:58.89,11661.19,11565,14909,11570,16848,11555,11755,11550,18120
2020-06-12 09:51:59.38,11661.19,11565,14909,11570,16848,11555,11755,11550,18120
2020-06-12 09:52:00.10,11661.19,11565,14909,11570,16848,11555,11755,11550,18120
2020-06-12 09:52:01.02,11661.19,11565,14909,11570,16848,11555,13757,11550,18120
2020-06-12 09:52:01.57,11661.19,11565,12609,11570,16848,11560,1000,11555,17257
2020-06-12 09:52:02.64,11660.83,11565,1180,11570,14730,11560,11539,11555,17257
2020-06-12 09:52:03.71,11660.83,11565,180,11570,14730,11560,13545,11555,17257
2020-06-12 09:52:04.16,11660.83,11565,180,11570,14730,11560,13545,11555,17267
2020-06-12 09:52:05.30,11660.83,11570,3300,11575,16773,11565,7771,11560,17045
2020-06-12 09:52:06.33,11660.83,11575,16773,11580,14722,11565,8770,11560,17045
2020-06-12 09:52:06.86,11660.83,11575,16772,11580,15750,11565,8770,11560,17055
2020-06-12 09:52:07.89,11660.83,11570,1000,11575,16772,11565,8780,11560,17055
2020-06-12 09:52:08.92,11660.83,11570,3300,11575,16772,11565,8780,11560,17055
2020-06-12 09:52:09.25,11660.83,11570,3300,11575,16772,11565,8770,11560,17055
2020-06-12 09:52:11.02,11660.83,11570,14730,11575,18828,11565,1010,11560,17055
2020-06-12 09:52:12.09,11660.83,11570,14730,11575,16772,11565,12440,11560,17055
2020-06-12 09:52:12.56,11663.55,11570,12430,11575,16772,11565,12440,11560,17055
2020-06-12 09:52:13.36,11663.55,11570,12430,11575,17272,11565,12440,11560,17055
2020-06-12 09:52:14.22,11663.55,11570,12430,11575,17272,11565,14440,11560,17055
2020-06-12 09:52:15.26,11663.55,11570,1000,11575,17272,11565,14440,11560,17155
2020-06-12 09:52:16.31,11663.55,11570,14630,11575,17272,11565,14540,11560,13655
2020-06-12 09:52:17.34,11663.55,11570,14630,11575,19328,11565,3110,11560,11649
2020-06-12 09:52:17.65,11663.55,11570,14630,11575,19328,11565,2110,11560,11649
2020-06-12 09:52:18.47,11663.55,11565,1677,11570,14630,11560,13655,11555,17267
2020-06-12 09:52:19.42,11663.55,11570,14630,11575,19328,11565,197,11560,13655
2020-06-12 09:52:19.75,11663.55,11570,14630,11575,19328,11560,11649,11555,17267
2020-06-12 09:52:21.18,11663.55,11570,14629,11575,19328,11560,13655,11555,17267
2020-06-12 09:52:22.12,11665.04,11570,3199,11575,17272,11565,11430,11560,17155
2020-06-12 09:52:23.12,11665.04,11570,999,11575,17272,11565,11430,11560,17155
2020-06-12 09:52:23.65,11665.04,11570,999,11575,17272,11565,12430,11560,17155
2020-06-12 09:52:24.78,11665.04,11575,17272,11580,16763,11565,12430,11560,17155
2020-06-12 09:52:25.18,11665.04,11575,17271,11580,16763,11565,12430,11560,17155
2020-06-12 09:52:27.87,11665.04,11575,17271,11580,16763,11565,12430,11560,17155
2020-06-12 09:52:29.98,11665.04,11575,14971,11580,16763,11565,12430,11560,17155
2020-06-12 09:52:31.03,11665.04,11575,14971,11580,16763,11565,14441,11560,17155
2020-06-12 09:52:31.38,11663.65,11575,14971,11580,14422,11570,171,11565,17941
2020-06-12 09:52:32.22,11663.65,11575,14971,11580,14422,11570,11483,11565,17941
2020-06-12 09:52:33.10,11663.65,11575,14971,11580,14422,11570,11483,11565,17941
2020-06-12 09:52:37.72,11663.65,11575,15421,11580,14422,11570,171,11565,14441
2020-06-12 09:52:38.45,11663.65,11575,15421,11580,15450,11565,12430,11560,17155
2020-06-12 09:52:39.56,11663.65,11575,17821,11580,15450,11565,12430,11560,17155
2020-06-12 09:52:39.97,11663.65,11575,15421,11580,15450,11565,12430,11560,17155
2020-06-12 09:52:40.76,11663.65,11575,15421,11580,15450,11565,12430,11560,17155
2020-06-12 09:52:42.68,11666.3,11575,17821,11580,15450,11565,12430,11560,17155
2020-06-12 09:52:44.18,11666.3,11570,12430,11575,17826,11565,12430,11560,17155
2020-06-12 09:52:45.28,11666.3,11570,14930,11575,19882,11565,1000,11560,13655
2020-06-12 09:52:46.32,11666.3,11570,12430,11575,19882,11560,11649,11555,17267
2020-06-12 09:52:46.76,11666.3,11570,12430,11575,19882,11565,11430,11560,17155
2020-06-12 09:52:47.93,11666.3,11570,1000,11575,17826,11565,11430,11560,17155
2020-06-12 09:52:48.26,11666.3,11570,1000,11575,17826,11565,12430,11560,17155
2020-06-12 09:52:49.42,11666.3,11575,17826,11580,16763,11565,12430,11560,17155
2020-06-12 09:52:49.68,11666.3,11570,12430,11575,17826,11565,11430,11560,17155
2020-06-12 09:52:50.56,11666.3,11570,12429,11575,17826,11560,17155,11555,17267
2020-06-12 09:52:51.51,11666.3,11570,13428,11575,17826,11565,11430,11560,17155
2020-06-12 09:52:52.59,11664.09,11570,12428,11575,19882,11565,11430,11560,17155
2020-06-12 09:52:52.96,11664.09,11570,12428,11575,17826,11565,11430,11560,17155
2020-06-12 09:52:55.26,11664.09,11570,12428,11575,17826,11565,11430,11560,17155
2020-06-12 09:52:56.35,11664.09,11570,15080,11575,19882,11560,11649,11555,17267
2020-06-12 09:52:56.79,11664.09,11570,15080,11575,19882,11560,11649,11555,17267
2020-06-12 09:52:57.90,11664.09,11570,15080,11575,19882,11560,11649,11555,17267
2020-06-12 09:52:58.37,11664.09,11565,50,11570,15080,11560,11649,11555,17267
2020-06-12 09:52:59.05,11664.09,11565,49,11570,15086,11560,11649,11555,17266
2020-06-12 09:53:00.05,11664.09,11570,12486,11575,19877,11560,11649,11555,17266
2020-06-12 09:53:01.13,11664.09,11570,15085,11575,19877,11560,11649,11555,17266
2020-06-12 09:53:02.66,11664.56,11570,17088,11575,19877,11560,1110,11555,13766
2020-06-12 09:53:03.75,11664.56,11570,15086,11575,19877,11560,10649,11555,17266
2020-06-12 09:53:04.83,11664.56,11570,15086,11575,19877,11565,5,11560,10649
2020-06-12 09:53:05.35,11664.56,11570,17088,11575,19877,11560,110,11555,13766
2020-06-12 09:53:06.46,11664.56,11565,1002,11570,17088,11555,10764,11550,18120
2020-06-12 09:53:07.50,11664.56,11560,11903,11565,15031,11555,10764,11550,18120
2020-06-12 09:53:08.57,11664.56,11560,1000,11565,15031,11555,10764,11550,18120
2020-06-12 09:53:09.25,11664.56,11560,1000,11565,15031,11555,10764,11550,18120
2020-06-12 09:53:10.36,11664.56,11560,2600,11565,15031,11555,11764,11550,18120
2020-06-12 09:53:11.36,11664.56,11565,15031,11570,17088,11555,11764,11550,18120
2020-06-12 09:53:12.36,11665.58,11565,15031,11570,17088,11555,11764,11550,18120
2020-06-12 09:53:13.26,11665.58,11565,1002,11570,15086,11560,1000,11555,17266
2020-06-12 09:53:14.32,11665.58,11565,3602,11570,15086,11560,11539,11555,17266
2020-06-12 09:53:15.00,11665.58,11565,15031,11570,17088,11560,1000,11555,13766
2020-06-12 09:53:17.01,11665.58,11565,15031,11570,17088,11555,13766,11550,18120
2020-06-12 09:53:17.46,11665.58,11565,15031,11570,17138,11555,11764,11550,18120
2020-06-12 09:53:18.54,11665.58,11565,15031,11570,17138,11555,11764,11550,18120
2020-06-12 09:53:20.73,11665.58,11565,15031,11570,17138,11555,17266,11550,18120
2020-06-12 09:53:21.06,11665.58,11565,15031,11570,17138,11555,11764,11550,18120
2020-06-12 09:53:21.81,11664.08,11565,15031,11570,17138,11555,13766,11550,18120
2020-06-12 09:53:22.84,11664.08,11565,15030,11570,17138,11555,11764,11550,18120
2020-06-12 09:53:23.35,11664.08,11565,15030,11570,17138,11555,11764,11550,18120
2020-06-12 09:53:28.05,11664.08,11560,1000,11565,15030,11555,11764,11550,18120
2020-06-12 09:53:29.21,11664.08,11560,14603,11565,17036,11555,11764,11550,14620
2020-06-12 09:53:29.59,11664.08,11560,14603,11565,17036,11555,1110,11550,14620
2020-06-12 09:53:30.79,11664.08,11555,13234,11560,14603,11550,12565,11545,18230
2020-06-12 09:53:31.85,11664.08,11555,14934,11560,14603,11550,1135,11545,15135
2020-06-12 09:53:32.85,11664.21,11555,15130,11560,14603,11550,1135,11545,15135
2020-06-12 09:53:33.90,11664.21,11555,13430,11560,14603,11550,1135,11545,17186
2020-06-12 09:53:34.96,11664.21,11555,2000,11560,14603,11550,12565,11545,17186
2020-06-12 09:53:35.43,11664.21,11555,1000,11560,14603,11550,12565,11545,17186
2020-06-12 09:53:36.51,11664.21,11555,3600,11560,14603,11550,12565,11545,17186
2020-06-12 09:53:37.07,11664.21,11555,15030,11560,14603,11550,12565,11545,17186
2020-06-12 09:53:38.08,11664.21,11555,15030,11560,16614,11550,1135,11545,13686
2020-06-12 09:53:39.10,11664.21,11550,1852,11555,15030,11545,12635,11540,18660
2020-06-12 09:53:39.36,11664.21,11550,4452,11555,15030,11545,12635,11540,18660
2020-06-12 09:53:40.22,11664.21,11550,4452,11555,15030,11545,12635,11540,18660
2020-06-12 09:53:41.25,11664.21,11550,4452,11555,15030,11545,12635,11540,18660
2020-06-12 09:53:42.28,11656.77,11550,1852,11555,15030,11545,12635,11540,18660
2020-06-12 09:53:43.28,11656.77,11550,15877,11555,17045,11545,12635,11540,11953
2020-06-12 09:53:43.77,11656.77,11550,16877,11555,17045,11545,323,11540,11953
2020-06-12 09:53:44.96,11656.77,11545,2600,11550,16877,11540,11553,11535,17243
2020-06-12 09:53:45.96,11656.77,11545,2599,11550,16877,11540,12553,11535,17243
2020-06-12 09:53:46.28,11656.77,11550,4452,11555,15030,11545,2519,11540,18100
2020-06-12 09:53:47.10,11656.77,11550,16877,11555,17045,11540,16600,11535,17243
2020-06-12 09:53:48.11,11656.77,11550,5452,11555,15030,11545,1000,11540,20100
2020-06-12 09:53:49.17,11656.77,11550,5452,11555,15030,11545,12312,11540,20100
2020-06-12 09:53:49.45,11656.77,11550,2852,11555,15030,11545,12312,11540,20100
2020-06-12 09:53:51.25,11656.77,11550,3852,11555,15030,11545,12312,11540,20100
2020-06-12 09:53:51.77,11656.77,11550,1852,11555,15030,11545,12312,11540,20100
2020-06-12 09:53:52.83,11655.04,11550,2152,11555,15030,11545,12312,11540,20100
2020-06-12 09:53:53.87,11655.04,11550,4452,11555,15030,11545,12312,11540,20100
2020-06-12 09:53:54.91,11655.04,11550,15877,11555,15030,11545,12312,11540,20100
2020-06-12 09:53:55.89,11655.04,11550,13277,11555,15030,11545,12312,11540,20100
2020-06-12 09:53:56.16,11655.04,11550,13277,11555,17045,11545,1000,11540,20100
2020-06-12 09:53:57.03,11655.04,11550,14277,11555,17045,11545,1000,11540,20100
2020-06-12 09:53:58.09,11655.04,11545,1255,11550,16877,11540,16600,11535,17243
2020-06-12 09:53:58.59,11655.04,11550,16877,11555,17045,11540,14553,11535,17243
2020-06-12 09:54:00.62,11655.04,11550,14277,11555,17045,11540,14553,11535,17243
2020-06-12 09:54:01.00,11655.04,11545,1000,11550,16877,11540,14553,11535,17243
2020-06-12 09:54:01.85,11655.04,11545,3600,11550,16877,11540,14553,11535,17243
2020-06-12 09:54:02.76,11653.94,11545,500,11550,16877,11540,14553,11535,17243
2020-06-12 09:54:03.85,11653.94,11550,16877,11555,17045,11540,12553,11535,17243
2020-06-12 09:54:04.87,11653.94,11545,1000,11550,16877,11540,12553,11535,17243
2020-06-12 09:54:05.37,11653.94,11545,3400,11550,16877,11540,12553,11535,17243
2020-06-12 09:54:06.44,11653.94,11545,1000,11550,16882,11540,12553,11535,17243
2020-06-12 09:54:07.52,11653.94,11545,1000,11550,16882,11540,12553,11535,17243
2020-06-12 09:54:08.49,11653.94,11545,3600,11550,16882,11540,12553,11535,17243
2020-06-12 09:54:09.05,11653.94,11545,1000,11550,16882,11540,12553,11535,17243
2020-06-12 09:54:10.15,11653.94,11545,15030,11550,16882,11540,12553,11535,17243
2020-06-12 09:54:11.21,11653.94,11545,15030,11550,16882,11540,12555,11535,17243
2020-06-12 09:54:12.25,11653.94,11545,3600,11550,16882,11540,12565,11535,17243
2020-06-12 09:54:13.85,11650.16,11545,1000,11550,16882,11540,12565,11535,17243
2020-06-12 09:54:14.46,11650.16,11550,16882,11555,17045,11540,12565,11535,17243
2020-06-12 09:54:15.39,11650.16,11545,1005,11550,16877,11540,12565,11535,17243
2020-06-12 09:54:16.44,11650.16,11550,16877,11555,17045,11540,12564,11535,17243
2020-06-12 09:54:16.89,11650.16,11550,16877,11555,17045,11540,12564,11535,17243
2020-06-12 09:54:18.25,11650.16,11550,14277,11555,17045,11540,16064,11535,17243
2020-06-12 09:54:19.13,11650.16,11550,2852,11555,15030,11545,1000,11540,18111
2020-06-12 09:54:20.11,11650.16,11550,2852,11555,15030,11545,12312,11540,18111
2020-06-12 09:54:20.56,11650.16,11550,2852,11555,15030,11545,12312,11540,18111
2020-06-12 09:54:22.19,11648.52,11550,2852,11555,15030,11545,12312,11540,18111
2020-06-12 09:54:23.30,11648.52,11550,1852,11555,15030,11545,12312,11540,18111
2020-06-12 09:54:23.75,11648.52,11550,1852,11555,15030,11545,12312,11540,18111
2020-06-12 09:54:24.86,11648.52,11550,1852,11555,15030,11545,12312,11540,18111
2020-06-12 09:54:25.48,11648.52,11550,1852,11555,15030,11545,12312,11540,18111
2020-06-12 09:54:26.38,11648.52,11555,15030,11560,13914,11545,12312,11540,18111
2020-06-12 09:54:27.69,11648.52,11555,15030,11560,13914,11545,12312,11540,18111
2020-06-12 09:54:28.50,11648.52,11550,500,11555,15030,11545,12312,11540,18111
2020-06-12 09:54:29.58,11648.52,11555,15030,11560,13914,11545,12312,11540,18111
2020-06-12 09:54:30.06,11648.52,11555,13130,11560,13914,11545,17863,11540,18111
2020-06-12 09:54:31.47,11648.52,11555,13130,11560,13914,11545,17863,11540,18111
2020-06-12 09:54:33.23,11648.38,11560,11903,11565,13435,11550,11400,11545,17863
2020-06-12 09:54:33.86,11648.38,11560,11903,11565,11429,11555,1000,11550,12400
2020-06-12 09:54:34.79,11648.38,11560,10731,11565,11841,11555,11654,11550,12400
2020-06-12 09:54:35.81,11648.38,11565,15029,11570,14576,11555,11653,11550,18013
2020-06-12 09:54:36.22,11648.38,11565,12429,11570,14576,11555,11654,11550,18013
2020-06-12 09:54:37.45,11648.38,11565,12429,11570,14576,11555,11654,11550,18013
2020-06-12 09:54:38.42,11648.38,11565,12429,11570,14576,11555,11654,11550,18013
2020-06-12 09:54:38.71,11648.38,11565,12429,11570,14576,11555,11654,11550,18013
2020-06-12 09:54:39.56,11648.38,11565,12429,11570,14576,11555,11654,11550,18013
2020-06-12 09:54:40.59,11648.38,11565,15441,11570,14576,11555,11654,11550,18013
2020-06-12 09:54:41.17,11648.38,11560,10579,11565,15441,11555,1000,11550,14513
2020-06-12 09:54:42.14,11648.38,11560,10579,11565,15441,11555,1000,11550,14513
2020-06-12 09:54:43.18,11649.13,11560,13179,11565,15441,11555,1000,11550,14513
2020-06-12 09:54:44.23,11649.13,11560,13179,11565,15441,11550,12400,11545,17865
2020-06-12 09:54:45.29,11649.13,11560,13179,11565,15441,11550,12400,11545,17865
2020-06-12 09:54:45.65,11649.13,11560,13179,11565,15441,11555,1000,11550,12400
2020-06-12 09:54:46.85,11649.13,11560,10579,11565,15441,11555,1000,11550,12400
2020-06-12 09:54:47.17,11649.13,11560,11779,11565,15441,11555,1000,11550,13762
2020-06-12 09:54:48.45,11649.13,11560,10579,11565,15441,11550,13862,11545,17865
2020-06-12 09:54:50.04,11649.13,11560,12879,11565,15441,11550,13862,11545,17865
2020-06-12 09:54:50.37,11649.13,11560,13179,11565,15441,11550,13862,11545,17865
2020-06-12 09:54:51.12,11649.13,11560,10579,11565,15441,11555,1000,11550,13862
2020-06-12 09:54:52.13,11650.78,11560,10579,11565,15029,11555,11154,11550,19417
2020-06-12 09:54:52.46,11650.78,11560,1000,11565,15029,11555,11154,11550,19417
2020-06-12 09:54:53.74,11650.78,11565,15079,11570,14576,11555,11654,11550,19417
2020-06-12 09:54:54.16,11650.78,11565,12479,11570,14576,11555,11654,11550,19417
2020-06-12 09:54:54.99,11650.78,11565,15179,11570,14576,11555,11654,11550,19417
2020-06-12 09:54:55.83,11650.78,11560,1000,11565,15591,11555,11654,11550,13862
2020-06-12 09:54:56.91,11650.78,11560,13279,11565,15591,11555,1000,11550,19417
2020-06-12 09:54:57.35,11650.78,11560,13279,11565,15591,11555,1000,11550,19417
2020-06-12 09:54:58.46,11650.78,11560,10579,11565,15591,11555,11654,11550,19317
2020-06-12 09:54:58.86,11650.78,11560,1000,11565,15591,11555,11654,11550,19317
2020-06-12 09:55:00.07,11650.78,11565,15179,11570,14576,11555,9285,11550,19317
2020-06-12 09:55:00.55,11650.78,11560,1000,11565,15179,11555,9285,11550,19317
2020-06-12 09:55:01.63,11650.78,11560,13279,11565,15591,11555,618,11550,15817
2020-06-12 09:55:02.69,11652.73,11560,13279,11565,15591,11555,618,11550,15817
2020-06-12 09:55:03.13,11652.73,11560,13279,11565,15591,11555,618,11550,19317
2020-06-12 09:55:04.30,11652.73,11560,1000,11565,15591,11555,9285,11550,19317
2020-06-12 09:55:05.86,11652.73,11560,13279,11565,15591,11555,9285,11550,13762
2020-06-12 09:55:06.92,11652.73,11560,13279,11565,15591,11555,9285,11550,13762
2020-06-12 09:55:08.85,11652.73,11560,10579,11565,15591,11555,9285,11550,19317
2020-06-12 09:55:10.00,11652.73,11560,1000,11565,15591,11555,9285,11550,19317
2020-06-12 09:55:10.25,11652.73,11565,15179,11570,14576,11555,9285,11550,19317
2020-06-12 09:55:11.13,11652.73,11565,12479,11570,14576,11555,9285,11550,19317
2020-06-12 09:55:12.14,11654.23,11565,15179,11570,14576,11555,9285,11550,19317
2020-06-12 09:55:13.67,11654.23,11565,15179,11570,14576,11555,9285,11550,19317
2020-06-12 09:55:14.05,11654.23,11560,9579,11565,15179,11555,9285,11550,19317
2020-06-12 09:55:14.86,11654.23,11565,15179,11570,14576,11555,9285,11550,19317
2020-06-12 09:55:16.19,11654.23,11560,9579,11565,15179,11555,8285,11550,19317
2020-06-12 09:55:17.42,11654.23,11565,15179,11570,14576,11555,7935,11550,19317
2020-06-12 09:55:17.66,11654.23,11560,1000,11565,15179,11555,7935,11550,19317
2020-06-12 09:55:18.45,11654.23,11560,2700,11565,15179,11555,7935,11550,19317
2020-06-12 09:55:19.58,11654.23,11565,15179,11570,14576,11555,7935,11550,19317
2020-06-12 09:55:19.86,11654.23,11565,15179,11570,14576,11555,7935,11550,19317
2020-06-12 09:55:20.62,11654.23,11565,15179,11570,14576,11555,8268,11550,19319
2020-06-12 09:55:23.19,11660.09,11560,1000,11565,15179,11555,8268,11550,19319
2020-06-12 09:55:24.23,11660.09,11560,2700,11565,15179,11555,8268,11550,19319
2020-06-12 09:55:24.65,11660.09,11565,15179,11570,14576,11555,10270,11550,19321
2020-06-12 09:55:25.81,11660.09,11565,12479,11570,14576,11555,8268,11550,19321
2020-06-12 09:55:26.18,11660.09,11565,12479,11570,13532,11555,13770,11550,19321
2020-06-12 09:55:27.40,11660.09,11565,15279,11570,11530,11555,8268,11550,19321
2020-06-12 09:55:28.46,11660.09,11565,15279,11570,11530,11555,8268,11550,19387
2020-06-12 09:55:29.98,11660.09,11565,15279,11570,11530,11555,8268,11550,19397
2020-06-12 09:55:31.07,11660.09,11560,10579,11565,17281,11555,8268,11550,15897
2020-06-12 09:55:32.15,11660.09,11560,13379,11565,17281,11555,333,11550,19397
2020-06-12 09:55:33.18,11658.99,11560,10579,11565,17281,11555,333,11550,15897
2020-06-12 09:55:33.65,11658.99,11560,13279,11565,17281,11555,295,11550,13842
2020-06-12 09:55:34.74,11658.99,11560,13279,11565,17281,11555,225,11550,13842
2020-06-12 09:55:35.17,11658.99,11560,13279,11565,17281,11555,225,11550,13842
2020-06-12 09:55:35.85,11658.99,11560,10579,11565,17281,11555,225,11550,13842
2020-06-12 09:55:36.76,11658.99,11560,10579,11565,17281,11555,225,11550,19397
2020-06-12 09:55:37.18,11658.99,11560,13279,11565,17281,11555,225,11550,13842
2020-06-12 09:55:37.96,11658.99,11560,13279,11565,17281,11555,225,11550,19397
2020-06-12 09:55:39.26,11658.99,11560,13279,11565,17281,11555,225,11550,15897
2020-06-12 09:55:39.98,11658.99,11560,13279,11565,17281,11550,13842,11545,17863
2020-06-12 09:55:41.40,11658.99,11560,13279,11565,17281,11550,13842,11545,17863
2020-06-12 09:55:42.15,11662.87,11560,10579,11565,17281,11550,13842,11545,17863
2020-06-12 09:55:44.18,11662.87,11560,3700,11565,17281,11550,13842,11545,17863
2020-06-12 09:55:44.55,11662.87,11560,13279,11565,17281,11550,13842,11545,17863
2020-06-12 09:55:46.02,11662.87,11560,13279,11565,17281,11550,13842,11545,17863
2020-06-12 09:55:46.80,11662.87,11560,13279,11565,17281,11550,13842,11545,17863
2020-06-12 09:55:47.83,11662.87,11560,13279,11565,17281,11555,500,11550,15897
2020-06-12 09:55:48.18,11662.87,11560,13279,11565,17281,11555,500,11550,15897
2020-06-12 09:55:48.96,11662.87,11560,13279,11565,17281,11555,500,11550,15897
2020-06-12 09:55:49.93,11662.87,11560,13279,11565,17281,11550,13842,11545,17863
2020-06-12 09:55:50.93,11662.87,11555,11430,11560,13279,11550,2442,11545,17863
2020-06-12 09:55:51.18,11662.87,11560,13279,11565,14681,11550,13842,11545,17863
2020-06-12 09:55:52.02,11662.87,11560,13279,11565,14681,11550,13842,11545,17863
2020-06-12 09:55:53.02,11662.41,11560,13279,11565,14681,11550,13842,11545,17863
2020-06-12 09:55:53.35,11662.41,11560,13279,11565,14681,11550,13842,11545,17863
2020-06-12 09:55:54.16,11662.41,11560,13279,11565,14681,11550,13842,11545,17863
2020-06-12 09:55:55.19,11662.41,11560,13279,11565,14681,11555,11430,11550,19397
2020-06-12 09:55:55.75,11662.41,11560,10579,11565,14681,11555,11410,11550,19397
2020-06-12 09:55:58.31,11662.41,11560,10579,11565,14681,11555,11410,11550,19397
2020-06-12 09:55:58.66,11662.41,11560,10579,11565,14681,11555,11410,11550,15897
2020-06-12 09:55:59.89,11662.41,11560,10579,11565,14681,11555,11410,11550,19397
2020-06-12 09:56:00.92,11662.41,11560,1000,11565,12679,11555,11410,11550,19397
2020-06-12 09:56:01.36,11662.41,11565,12679,11570,14112,11555,11534,11550,19397
2020-06-12 09:56:02.06,11664.75,11565,15279,11570,14112,11555,13536,11550,19397
2020-06-12 09:56:03.02,11664.75,11565,15279,11570,14112,11555,11534,11550,19397
2020-06-12 09:56:03.56,11664.75,11565,13779,11570,14112,11555,11534,11550,19397
2020-06-12 09:56:04.61,11664.75,11565,12479,11570,14112,11555,13536,11550,19397
2020-06-12 09:56:04.86,11664.75,11565,12479,11570,14112,11555,13536,11550,19400
2020-06-12 09:56:05.64,11664.75,11565,15379,11570,14112,11555,13536,11550,19400
2020-06-12 09:56:06.80,11664.75,11565,15379,11570,14112,11555,11534,11550,19400
2020-06-12 09:56:07.80,11664.75,11565,15379,11570,14112,11555,11544,11550,19400
2020-06-12 09:56:08.86,11664.75,11565,15379,11570,14112,11555,11544,11550,19410
2020-06-12 09:56:09.19,11664.75,11565,12479,11570,14112,11555,13546,11550,19410
2020-06-12 09:56:09.98,11664.75,11565,12479,11570,14112,11555,17046,11550,19410
2020-06-12 09:56:10.95,11664.75,11565,1050,11570,14112,11555,17046,11550,19410
2020-06-12 09:56:11.36,11664.75,11565,50,11570,14112,11555,17046,11550,19410
2020-06-12 09:56:12.53,11669.18,11565,50,11570,11530,11555,17046,11550,19410
2020-06-12 09:56:12.89,11669.18,11565,50,11570,11530,11555,17036,11550,19410
2020-06-12 09:56:14.03,11669.18,11570,100,11575,11927,11560,5622,11555,17036
2020-06-12 09:56:14.20,11669.18,11575,3402,11580,12322,11565,17938,11560,16161
2020-06-12 09:56:14.86,11669.18,11575,14827,11580,12322,11570,1000,11565,17938
2020-06-12 09:56:15.56,11669.18,11575,15827,11580,12322,11570,12312,11565,22938
2020-06-12 09:56:16.68,11669.18,11575,15827,11580,12322,11570,12312,11565,22938
2020-06-12 09:56:16.90,11669.18,11575,1502,11580,12322,11570,12312,11565,22938
2020-06-12 09:56:17.81,11669.18,11575,1502,11580,12322,11570,12312,11565,22938
2020-06-12 09:56:18.87,11669.18,11575,502,11580,12322,11570,12312,11565,22938
2020-06-12 09:56:19.35,11669.18,11575,3302,11580,12322,11570,9326,11565,22938
2020-06-12 09:56:20.45,11669.18,11575,14727,11580,12322,11570,1000,11565,22938
2020-06-12 09:56:20.96,11669.18,11575,15727,11580,14373,11565,19438,11560,16161
2020-06-12 09:56:22.04,11669.18,11575,15727,11580,14373,11570,1000,11565,19438
2020-06-12 09:56:22.99,11669.72,11575,1502,11580,12322,11570,12430,11565,22938
2020-06-12 09:56:23.26,11669.72,11575,3302,11580,12322,11570,12430,11565,22938
2020-06-12 09:56:24.17,11669.72,11575,14727,11580,12322,11570,1001,11565,22938
2020-06-12 09:56:24.70,11669.72,11575,14727,11580,12322,11570,1001,11565,22939
2020-06-12 09:56:25.76,11669.72,11575,15727,11580,14373,11570,1001,11565,19439
2020-06-12 09:56:26.26,11669.72,11575,15727,11580,14373,11570,6001,11565,19439
2020-06-12 09:56:27.29,11669.72,11575,15727,11580,14373,11570,6004,11565,17428
2020-06-12 09:56:27.70,11669.72,11575,15727,11580,14373,11570,5004,11565,17428
2020-06-12 09:56:29.46,11669.72,11570,12630,11575,15727,11565,6001,11560,16661
2020-06-12 09:56:30.51,11669.72,11570,12830,11575,15727,11565,6001,11560,16661
2020-06-12 09:56:30.85,11669.72,11570,12630,11575,15727,11565,6001,11560,16661
2020-06-12 09:56:32.01,11669.72,11570,11430,11575,15727,11565,6001,11560,16661
2020-06-12 09:56:32.19,11672.43,11570,11430,11575,15727,11565,17428,11560,16661
2020-06-12 09:56:33.07,11672.43,11575,15727,11580,14373,11565,17428,11560,16661
2020-06-12 09:56:33.62,11672.43,11575,15727,11580,14373,11570,1000,11565,19439
2020-06-12 09:56:34.76,11672.43,11575,15727,11580,14373,11565,17428,11560,16661
2020-06-12 09:56:34.96,11672.43,11575,15727,11580,14373,11565,17428,11560,16661
2020-06-12 09:56:35.82,11672.43,11575,15727,11580,14373,11565,12428,11560,16661
2020-06-12 09:56:36.26,11672.43,11570,1000,11575,15727,11565,12428,11560,16661
2020-06-12 09:56:37.36,11672.43,11570,3800,11575,15727,11565,12428,11560,16661
2020-06-12 09:56:37.65,11672.43,11570,11430,11575,15727,11565,12428,11560,16661
2020-06-12 09:56:38.44,11672.43,11575,15727,11580,14373,11565,12428,11560,16671
2020-06-12 09:56:39.50,11672.43,11575,15727,11580,14373,11565,12428,11560,16671
2020-06-12 09:56:39.75,11672.43,11575,15002,11580,14373,11565,12428,11560,16671
2020-06-12 09:56:40.57,11672.43,11575,14401,11580,14373,11570,1000,11565,14439
2020-06-12 09:56:42.14,11672.43,11575,14401,11580,14373,11565,14439,11560,16671
2020-06-12 09:56:43.13,11673.29,11575,15301,11580,14373,11565,14439,11560,16671
2020-06-12 09:56:43.66,11673.29,11575,14401,11580,14373,11565,14439,11560,16671
2020-06-12 09:56:44.75,11673.29,11575,14401,11580,14373,11570,1000,11565,14439
2020-06-12 09:56:45.10,11673.29,11575,1000,11580,14373,11570,12430,11565,17939
2020-06-12 09:56:45.86,11673.29,11580,8874,11585,12677,11570,12430,11565,17939
2020-06-12 09:56:47.81,11673.29,11580,8874,11585,12677,11570,12430,11565,17939
2020-06-12 09:56:48.08,11673.29,11580,11774,11585,12677,11570,12430,11565,17939
2020-06-12 09:56:48.95,11673.29,11580,8874,11585,12677,11570,12430,11565,17939
2020-06-12 09:56:50.00,11673.29,11580,8874,11585,12677,11570,12430,11565,17939
2020-06-12 09:56:50.45,11673.29,11580,8874,11585,12677,11575,11400,11570,12430
2020-06-12 09:56:51.55,11673.29,11580,8874,11585,12677,11575,11400,11570,12430
2020-06-12 09:56:52.08,11677.84,11580,8870,11585,12677,11575,11400,11570,12430
2020-06-12 09:56:53.53,11677.84,11585,12677,11590,14373,11575,12400,11570,17947
2020-06-12 09:56:54.25,11677.84,11585,11582,11590,14373,11575,12400,11570,17947
2020-06-12 09:56:55.23,11677.84,11585,14582,11590,14373,11575,12400,11570,17947
2020-06-12 09:56:56.28,11677.84,11585,11582,11590,14373,11575,12400,11570,17947
2020-06-12 09:56:56.45,11677.84,11580,8870,11585,12082,11575,12400,11570,17947
2020-06-12 09:56:58.36,11677.84,11580,8870,11585,12082,11575,1000,11570,17947
2020-06-12 09:56:59.39,11677.84,11580,9233,11585,14129,11575,1000,11570,17947
2020-06-12 09:56:59.70,11677.84,11580,9233,11585,14129,11575,1000,11570,14447
2020-06-12 09:57:00.52,11677.84,11580,9233,11585,14129,11575,1000,11570,14447
2020-06-12 09:57:01.26,11677.84,11580,13233,11585,14129,11575,1000,11570,12432
2020-06-12 09:57:02.57,11679.66,11580,10233,11585,14129,11575,10400,11570,18005
2020-06-12 09:57:02.99,11679.66,11580,10233,11585,14129,11575,10400,11570,18005
2020-06-12 09:57:04.18,11679.66,11580,10233,11585,14129,11575,10400,11570,14505
2020-06-12 09:57:04.44,11679.66,11580,10233,11585,14129,11570,14505,11565,17939
2020-06-12 09:57:05.23,11679.66,11580,13233,11585,14129,11570,12432,11565,17939
2020-06-12 09:57:06.26,11679.66,11580,13233,11585,14129,11570,13432,11565,17939
2020-06-12 09:57:07.33,11679.66,11575,198,11580,15284,11570,2002,11565,14439
2020-06-12 09:57:08.33,11679.66,11575,14623,11580,15284,11570,2002,11565,12428
2020-06-12 09:57:08.58,11679.66,11575,14623,11580,15284,11570,1002,11565,14439
2020-06-12 09:57:09.19,11679.66,11575,14623,11580,15284,11570,12432,11565,17939
2020-06-12 09:57:10.42,11679.66,11575,14623,11580,15284,11570,12432,11565,14439
2020-06-12 09:57:10.69,11679.66,11575,14623,11580,15284,11570,1002,11565,14442
2020-06-12 09:57:11.47,11679.66,11575,198,11580,15284,11570,12432,11565,17942
2020-06-12 09:57:12.58,11677.58,11575,11425,11580,13233,11570,1102,11565,17942
2020-06-12 09:57:12.92,11677.58,11575,11425,11580,13233,11570,2352,11565,14542
2020-06-12 09:57:13.56,11677.58,11575,11425,11580,15284,11570,2352,11565,14542
2020-06-12 09:57:14.62,11677.58,11575,11725,11580,15284,11570,2352,11565,14542
2020-06-12 09:57:14.98,11677.58,11575,11425,11580,15284,11570,2352,11565,14542
2020-06-12 09:57:15.78,11677.58,11575,11425,11580,15284,11570,2352,11565,14542
2020-06-12 09:57:16.80,11677.58,11575,14325,11580,15284,11570,2352,11565,14542
2020-06-12 09:57:17.16,11677.58,11575,11425,11580,15284,11570,2352,11565,12531
2020-06-12 09:57:18.37,11677.58,11575,14325,11580,15284,11570,376,11565,12531
2020-06-12 09:57:18.83,11677.58,11575,11425,11580,15284,11570,376,11565,14542
2020-06-12 09:57:19.95,11677.58,11575,12425,11580,15284,11570,1617,11565,14542
2020-06-12 09:57:20.39,11677.58,11570,2178,11575,15325,11565,12531,11560,16775
2020-06-12 09:57:21.53,11677.58,11570,14308,11575,15325,11565,1104,11560,16775
2020-06-12 09:57:21.98,11679.25,11570,14751,11575,15325,11565,12088,11560,16775
2020-06-12 09:57:23.06,11679.25,11570,14051,11575,15325,11565,12088,11560,16775
2020-06-12 09:57:23.36,11679.25,11570,2621,11575,15325,11565,12088,11560,16775
2020-06-12 09:57:24.72,11679.25,11570,14751,11575,17381,11565,4478,11560,13275
2020-06-12 09:57:25.73,11679.25,11570,14751,11575,17381,11565,3921,11560,11153
2020-06-12 09:57:26.17,11679.25,11570,14751,11575,15325,11565,3921,11560,14653
2020-06-12 09:57:26.86,11679.25,11570,14751,11575,15325,11565,3921,11560,16717
2020-06-12 09:57:28.25,11679.25,11570,11951,11575,15325,11565,15348,11560,16717
2020-06-12 09:57:29.39,11679.25,11570,521,11575,15325,11565,16348,11560,16717
2020-06-12 09:57:29.68,11679.25,11570,2800,11575,15325,11565,16348,11560,16717
2020-06-12 09:57:30.35,11679.25,11575,15325,11580,12284,11565,16348,11560,16717
2020-06-12 09:57:31.48,11679.25,11575,15325,11580,12284,11565,16348,11560,16717
2020-06-12 09:57:31.71,11679.25,11575,12425,11580,12284,11565,18359,11560,16717
2020-06-12 09:57:32.49,11672.99,11575,12425,11580,12284,11570,12430,11565,18359
2020-06-12 09:57:33.59,11672.99,11575,12425,11580,12284,11570,12430,11565,18359
2020-06-12 09:57:34.15,11672.99,11575,12425,11580,12284,11570,12430,11565,18359
2020-06-12 09:57:35.10,11672.99,11575,12425,11580,12284,11570,12430,11565,18359
2020-06-12 09:57:35.35,11672.99,11575,12425,11580,12284,11570,12430,11565,21859
2020-06-12 09:57:36.10,11672.99,11575,1000,11580,10233,11570,12430,11565,21859
2020-06-12 09:57:36.70,11672.99,11580,10233,11585,14129,11575,2000,11570,14445
2020-06-12 09:57:37.77,11672.99,11580,13033,11585,14129,11575,2000,11570,12430
2020-06-12 09:57:38.10,11672.99,11580,13033,11585,14129,11575,1000,11570,12430
2020-06-12 09:57:39.29,11672.99,11580,13033,11585,14129,11575,1000,11570,12430
2020-06-12 09:57:39.49,11672.99,11575,1500,11580,13033,11570,15230,11565,21859
2020-06-12 09:57:40.41,11672.99,11575,15225,11580,13033,11570,12430,11565,21859
2020-06-12 09:57:41.43,11672.99,11575,13825,11580,13033,11570,9444,11565,21859
2020-06-12 09:57:44.62,11677.52,11575,14225,11580,13033,11565,21859,11560,16717
2020-06-12 09:57:45.63,11677.52,11575,15325,11580,13033,11570,1000,11565,18359
2020-06-12 09:57:46.08,11677.52,11570,13430,11575,15325,11565,3921,11560,14653
2020-06-12 09:57:47.22,11677.52,11570,13429,11575,15325,11565,4821,11560,14653
2020-06-12 09:57:48.29,11677.52,11570,1999,11575,15325,11565,15348,11560,16775
2020-06-12 09:57:49.33,11677.52,11570,3899,11575,15325,11565,16348,11560,16775
2020-06-12 09:57:49.72,11677.52,11575,15325,11580,13184,11565,16348,11560,16775
2020-06-12 09:57:51.36,11677.52,11570,11430,11575,15325,11565,16348,11560,16775
2020-06-12 09:57:53.53,11678.69,11575,15325,11580,13184,11565,16348,11560,16775
2020-06-12 09:57:53.92,11678.69,11575,15325,11580,13184,11565,16348,11560,16775
2020-06-12 09:57:55.08,11678.69,11575,14024,11580,13184,11570,10444,11565,19848
2020-06-12 09:57:55.38,11678.69,11575,2399,11580,13184,11570,10444,11565,21975
2020-06-12 09:57:56.17,11678.69,11575,999,11580,11133,11570,10444,11565,21975
2020-06-12 09:57:56.75,11678.69,11575,15324,11580,11133,11570,10444,11565,21975
2020-06-12 09:57:58.78,11678.69,11575,999,11580,11133,11570,10444,11565,21975
2020-06-12 09:57:59.16,11678.69,11575,999,11580,11133,11570,10444,11565,21975
2020-06-12 09:58:00.42,11678.69,11575,15324,11580,13184,11570,563,11565,16348
2020-06-12 09:58:00.80,11678.69,11570,508,11575,15325,11565,22033,11560,16775
2020-06-12 09:58:02.00,11678.69,11575,14325,11580,11133,11570,3000,11565,22033
2020-06-12 09:58:02.36,11677.27,11575,15325,11580,11133,11570,3000,11565,22033
2020-06-12 09:58:03.56,11677.27,11575,15324,11580,11133,11570,3000,11565,18533
2020-06-12 09:58:03.80,11677.27,11575,15324,11580,13184,11570,1933,11565,18533
2020-06-12 09:58:04.64,11677.27,11570,1189,11575,15323,11565,16348,11560,16775
2020-06-12 09:58:05.70,11677.27,11570,14029,11575,15323,11565,16348,11560,16775
2020-06-12 09:58:06.20,11677.27,11570,11429,11575,15323,11565,16190,11560,16775
2020-06-12 09:58:07.26,11677.27,11570,11409,11575,15323,11565,16190,11560,16775
2020-06-12 09:58:07.56,11677.27,11575,15323,11580,13184,11565,16190,11560,16775
2020-06-12 09:58:08.33,11677.27,11575,15323,11580,11133,11570,1000,11565,21701
2020-06-12 09:58:09.37,11677.27,11575,15322,11580,11133,11570,9444,11565,21701
2020-06-12 09:58:09.76,11677.27,11575,15322,11580,11133,11570,9444,11565,21701
2020-06-12 09:58:10.40,11677.27,11575,15322,11580,13184,11565,18201,11560,16775
2020-06-12 09:58:11.45,11677.27,11575,15322,11580,13242,11570,1000,11565,18201
2020-06-12 09:58:12.50,11677.02,11575,15322,11580,13242,11565,16190,11560,16775
2020-06-12 09:58:14.86,11677.02,11575,15322,11580,13242,11570,1000,11565,18201
2020-06-12 09:58:17.85,11677.02,11575,15322,11580,13242,11570,1864,11565,18201
2020-06-12 09:58:18.89,11677.02,11575,15322,11580,11133,11570,1864,11565,21701
2020-06-12 09:58:19.32,11677.02,11575,1000,11580,11133,11570,11308,11565,21701
2020-06-12 09:58:20.82,11677.02,11580,11133,11585,14129,11575,1000,11570,11308
2020-06-12 09:58:21.96,11677.02,11580,13133,11585,14129,11570,16881,11565,21701
2020-06-12 09:58:22.32,11676.02,11580,13133,11585,14129,11570,13381,11565,21701
2020-06-12 09:58:23.57,11676.02,11580,13132,11585,14129,11570,13381,11565,21701
2020-06-12 09:58:23.92,11676.02,11580,11132,11585,12082,11570,16881,11565,21701
2020-06-12 09:58:25.16,11676.02,11580,11732,11585,12082,11575,10400,11570,16881
2020-06-12 09:58:25.56,11676.02,11580,10232,11585,12082,11575,10400,11570,16881
2020-06-12 09:58:26.71,11676.02,11580,10232,11585,12082,11570,16881,11565,22201
2020-06-12 09:58:26.96,11676.02,11580,10232,11585,12082,11570,16881,11565,22201
2020-06-12 09:58:27.77,11676.02,11580,13132,11585,12582,11570,16881,11565,22201
2020-06-12 09:58:28.87,11676.02,11580,13132,11585,14629,11570,13381,11565,22201
2020-06-12 09:58:29.27,11676.02,11580,13132,11585,14629,11570,13381,11565,22201
2020-06-12 09:58:30.43,11676.02,11580,13132,11585,14629,11570,11308,11565,22201
2020-06-12 09:58:30.88,11676.02,11575,1000,11580,13132,11570,11308,11565,22201
2020-06-12 09:58:31.94,11676.02,11575,4000,11580,13132,11570,11308,11565,22201
2020-06-12 09:58:33.02,11678.47,11575,15425,11580,13132,11570,11308,11565,22201
2020-06-12 09:58:33.35,11678.47,11575,15425,11580,15183,11570,1864,11565,18701
2020-06-12 09:58:34.08,11678.47,11575,15425,11580,15183,11570,864,11565,18701
2020-06-12 09:58:36.77,11678.47,11575,15425,11580,15383,11570,864,11565,18701
2020-06-12 09:58:38.27,11678.47,11570,1800,11575,15425,11565,16690,11560,16275
2020-06-12 09:58:38.58,11678.47,11570,1800,11575,15425,11565,16690,11560,16275
2020-06-12 09:58:39.33,11678.47,11570,2600,11575,15425,11565,16690,11560,16275
2020-06-12 09:58:40.35,11678.47,11575,15425,11580,12483,11565,16690,11560,16275
2020-06-12 09:58:40.55,11678.47,11570,11408,11575,15425,11565,16690,11560,16275
2020-06-12 09:58:41.86,11678.47,11570,11398,11575,15425,11565,16690,11560,16275
2020-06-12 09:58:43.28,11675.57,11570,11798,11575,15425,11565,16690,11560,16275
2020-06-12 09:58:44.14,11675.57,11570,14398,11575,15425,11565,5263,11560,12775
2020-06-12 09:58:45.08,11675.57,11570,14398,11575,17481,11565,5263,11560,12775
2020-06-12 09:58:46.19,11675.57,11570,11398,11575,15425,11565,16690,11560,16275
2020-06-12 09:58:46.45,11675.57,11575,15425,11580,12483,11565,16690,11560,16275
2020-06-12 09:58:47.20,11675.57,11575,15425,11580,12483,11565,16690,11560,16275
2020-06-12 09:58:48.25,11675.57,11575,15424,11580,12483,11565,16690,11560,16275
2020-06-12 09:58:48.58,11675.57,11570,11398,11575,15425,11565,16690,11560,16275
2020-06-12 09:58:49.42,11675.57,11570,11398,11575,15425,11565,16690,11560,16275
2020-06-12 09:58:50.15,11675.57,11575,15425,11580,12483,11565,16690,11560,16275
2020-06-12 09:58:50.92,11675.57,11575,15425,11580,12483,11565,18701,11560,16275
2020-06-12 09:58:51.92,11675.57,11575,15425,11580,12483,11570,10444,11565,22201
2020-06-12 09:58:53.12,11675.81,11575,1000,11580,10432,11570,10394,11565,22201
2020-06-12 09:58:54.45,11675.81,11575,999,11580,10432,11570,10394,11565,22201
2020-06-12 09:58:55.67,11675.81,11575,4099,11580,10432,11570,10394,11565,22201
2020-06-12 09:58:55.90,11675.81,11575,4099,11580,10432,11570,10404,11565,22201
2020-06-12 09:58:56.68,11675.81,11575,999,11580,10432,11570,10404,11565,22211
2020-06-12 09:58:57.74,11675.81,11575,3899,11580,10432,11570,10404,11565,22011
2020-06-12 09:58:58.06,11675.81,11575,989,11580,10432,11570,10414,11565,22011
2020-06-12 09:58:58.79,11675.81,11575,4089,11580,10432,11570,10414,11565,22011
2020-06-12 09:59:00.35,11675.81,11575,3989,11580,10432,11570,9438,11565,22011
2020-06-12 09:59:01.43,11675.81,11575,15405,11580,10432,11570,7423,11565,22011
2020-06-12 09:59:02.05,11675.49,11575,15425,11580,10432,11570,1020,11565,22011
2020-06-12 09:59:04.35,11675.49,11575,4000,11580,10432,11570,12450,11565,22011
2020-06-12 09:59:05.13,11675.49,11575,1000,11580,10432,11570,12450,11565,22011
2020-06-12 09:59:06.18,11675.49,11575,3800,11580,10432,11570,12450,11565,22011
2020-06-12 09:59:06.58,11675.49,11575,15225,11580,10432,11570,12450,11565,22011
2020-06-12 09:59:07.96,11675.49,11575,15225,11580,10432,11570,20,11565,22011
2020-06-12 09:59:08.79,11675.49,11575,15225,11580,10432,11570,20,11565,22011
2020-06-12 09:59:09.80,11675.49,11575,15225,11580,10432,11570,90,11565,22011
2020-06-12 09:59:11.16,11675.49,11575,15425,11580,10432,11570,90,11565,22011
2020-06-12 09:59:14.22,11677.68,11575,15425,11580,12483,11565,18511,11560,16285
2020-06-12 09:59:15.26,11677.68,11575,15425,11580,12483,11570,1000,11565,22011
2020-06-12 09:59:18.22,11677.68,11575,1200,11580,10432,11570,12430,11565,22011
2020-06-12 09:59:19.47,11677.68,11575,1200,11580,10432,11570,12430,11565,22011
2020-06-12 09:59:21.07,11677.68,11575,200,11580,10432,11570,14445,11565,22011
2020-06-12 09:59:24.20,11677.89,11580,10432,11585,14629,11570,14445,11565,22011
2020-06-12 09:59:24.42,11677.89,11580,13432,11585,14629,11575,10400,11570,17945
2020-06-12 09:59:25.29,11677.89,11580,13431,11585,14629,11575,10400,11570,14445
2020-06-12 09:59:26.35,11677.89,11580,10431,11585,14629,11570,17945,11565,22011
2020-06-12 09:59:26.71,11677.89,11580,11231,11585,14629,11570,17945,11565,22011
2020-06-12 09:59:28.48,11677.89,11580,2063,11585,12582,11575,10400,11570,18245
2020-06-12 09:59:28.70,11677.89,11580,2063,11585,12582,11575,10400,11570,18245
2020-06-12 09:59:29.92,11677.89,11580,1063,11585,12582,11575,11400,11570,18245
2020-06-12 09:59:35.37,11678.7,11580,12931,11585,12582,11575,1000,11570,18245
2020-06-12 09:59:37.10,11678.7,11580,12931,11585,12582,11575,1000,11570,18245
2020-06-12 09:59:39.10,11678.7,11580,9931,11585,12582,11575,1000,11570,18245
2020-06-12 09:59:39.38,11678.7,11580,9931,11585,12582,11575,11400,11570,18245
2020-06-12 09:59:43.79,11682.57,11580,9931,11585,12582,11575,1000,11570,18245
2020-06-12 09:59:44.86,11682.57,11580,1063,11585,12582,11575,11400,11570,18245
2020-06-12 09:59:47.46,11682.57,11580,963,11585,12582,11575,11400,11570,18245
2020-06-12 09:59:48.64,11682.57,11580,12831,11585,12582,11575,11400,11570,18245
2020-06-12 09:59:49.52,11682.57,11580,13831,11585,12582,11575,1000,11570,18245
2020-06-12 09:59:49.88,11682.57,11580,3163,11585,12582,11575,10400,11570,18245
2020-06-12 09:59:50.52,11682.57,11580,1963,11585,12582,11575,10400,11570,18245
2020-06-12 09:59:51.67,11682.57,11585,12582,11590,14873,11575,16919,11570,18245
2020-06-12 09:59:52.14,11684.09,11585,12582,11590,12482,11580,1000,11575,16919
2020-06-12 09:59:53.27,11684.09,11585,3002,11590,12482,11580,12410,11575,16919
2020-06-12 09:59:54.33,11684.09,11590,1053,11595,13401,11585,10539,11580,17934
2020-06-12 09:59:55.36,11684.09,11590,15381,11595,14879,11585,10539,11580,12410
2020-06-12 09:59:56.38,11684.09,11585,10369,11590,13481,11580,15796,11575,16919
2020-06-12 09:59:57.44,11684.09,11590,13481,11595,14879,11585,2000,11580,15796
2020-06-12 09:59:57.77,11684.09,11590,16381,11595,14879,11585,2000,11580,15796
2020-06-12 09:59:58.52,11684.09,11590,16381,11595,14879,11585,2000,11580,15825
2020-06-12 09:59:59.48,11684.09,11590,16381,11595,14879,11585,2000,11580,16125
2020-06-12 09:59:59.89,11684.09,11590,16381,11595,14879,11580,16125,11575,16919
2020-06-12 10:00:01.12,11684.09,11590,16381,11595,14879,11580,18149,11575,16919
2020-06-12 10:00:01.48,11680.9,11590,16381,11595,14879,11585,10539,11580,21649
2020-06-12 10:00:02.66,11680.9,11590,12616,11595,14879,11585,10539,11580,21649
2020-06-12 10:00:03.69,11680.9,11590,11752,11595,13517,11580,21649,11575,16919
2020-06-12 10:00:04.75,11680.9,11590,11752,11595,13517,11580,21649,11575,16919
2020-06-12 10:00:05.26,11680.9,11590,14652,11595,13517,11585,10539,11580,21649
2020-06-12 10:00:06.33,11680.9,11590,11752,11595,13517,11585,10539,11580,18263
2020-06-12 10:00:07.40,11680.9,11590,11752,11595,13517,11585,10539,11580,18363
2020-06-12 10:00:08.43,11680.9,11590,15252,11595,13517,11585,129,11580,18334
2020-06-12 10:00:09.48,11680.9,11590,15252,11595,13401,11585,129,11580,14834
2020-06-12 10:00:10.56,11680.9,11590,15252,11595,13401,11585,260,11580,14834
2020-06-12 10:00:12.67,11680.9,11585,8600,11590,15252,11580,14834,11575,17019
2020-06-12 10:00:12.96,11680.48,11585,8600,11590,15252,11580,12810,11575,17019
2020-06-12 10:00:14.25,11680.48,11585,19179,11590,17295,11575,11500,11570,18045
2020-06-12 10:00:14.68,11680.48,11585,19180,11590,17295,11575,11500,11570,18045
2020-06-12 10:00:15.81,11680.48,11585,19180,11590,17295,11575,13519,11570,18045
2020-06-12 10:00:17.92,11680.48,11580,9868,11585,19180,11575,1100,11570,18045
2020-06-12 10:00:18.92,11680.48,11580,12068,11585,19180,11575,770,11570,18045
2020-06-12 10:00:20.02,11680.48,11580,12068,11585,19180,11575,100,11570,18045
2020-06-12 10:00:21.07,11680.48,11575,1700,11580,12068,11570,14545,11565,17048
2020-06-12 10:00:21.98,11680.48,11575,2200,11580,12068,11570,12530,11565,17048
2020-06-12 10:00:22.46,11683.73,11575,2200,11580,12068,11570,12530,11565,17048
2020-06-12 10:00:23.68,11683.73,11575,13538,11580,12068,11570,700,11565,17048
2020-06-12 10:00:24.09,11683.73,11575,13538,11580,12068,11570,11430,11565,18048
2020-06-12 10:00:25.26,11683.73,11575,2113,11580,12068,11570,11430,11565,18048
2020-06-12 10:00:25.71,11683.73,11575,2113,11580,12068,11570,12430,11565,18048
2020-06-12 10:00:26.85,11683.73,11575,13538,11580,12068,11570,12430,11565,18048
2020-06-12 10:00:27.18,11683.73,11575,13488,11580,12068,11570,11981,11565,18048
2020-06-12 10:00:28.41,11683.73,11575,14488,11580,14119,11565,18048,11560,17388
2020-06-12 10:00:28.77,11683.73,11575,14488,11580,14119,11565,18010,11560,17388
2020-06-12 10:00:29.96,11683.73,11575,14488,11580,14119,11565,12499,11560,17388
2020-06-12 10:00:30.40,11683.73,11570,838,11575,14488,11565,12499,11560,17388
2020-06-12 10:00:31.51,11683.73,11570,14536,11575,14488,11565,12499,11560,17388
2020-06-12 10:00:32.57,11682.05,11570,14708,11575,12425,11560,17388,11555,18069
2020-06-12 10:00:33.63,11682.05,11565,300,11570,14708,11560,13888,11555,18069
2020-06-12 10:00:34.66,11682.05,11570,2310,11575,12425,11565,11017,11560,18388
2020-06-12 10:00:35.69,11682.05,11565,4636,11570,12408,11560,14888,11555,18069
2020-06-12 10:00:36.74,11682.05,11565,2636,11570,12408,11560,11663,11555,18069
2020-06-12 10:00:37.77,11682.05,11565,14388,11570,14410,11555,18025,11550,17295
2020-06-12 10:00:38.83,11682.05,11560,1000,11565,14388,11555,12523,11550,17295
2020-06-12 10:00:39.89,11682.05,11560,6355,11565,11752,11555,12523,11550,17295
2020-06-12 10:00:40.94,11682.05,11560,4105,11565,11752,11555,14525,11550,17295
2020-06-12 10:00:42.00,11682.05,11560,4105,11565,11752,11555,12523,11550,17295
2020-06-12 10:00:43.03,11670.96,11560,6405,11565,11752,11555,12523,11550,17295
2020-06-12 10:00:44.00,11670.96,11560,4105,11565,11752,11555,12523,11550,17295
2020-06-12 10:00:44.45,11670.96,11560,4105,11565,11752,11555,12523,11550,17295
2020-06-12 10:00:45.69,11670.96,11560,6405,11565,11752,11555,12523,11550,17295
2020-06-12 10:00:46.70,11670.96,11560,6403,11565,11752,11555,12523,11550,17295
2020-06-12 10:00:47.25,11670.96,11560,6395,11565,11752,11555,12523,11550,17295
2020-06-12 10:00:48.30,11670.96,11560,4095,11565,11752,11555,14583,11550,17295
2020-06-12 10:00:49.36,11670.96,11565,11752,11570,12408,11555,18083,11550,17295
2020-06-12 10:00:50.92,11670.96,11565,14052,11570,12408,11560,9816,11555,18083
2020-06-12 10:00:51.45,11670.96,11565,13952,11570,14410,11555,14583,11550,17295
2020-06-12 10:00:52.47,11665.74,11565,11752,11570,12408,11560,1000,11555,18083
2020-06-12 10:00:53.05,11665.74,11565,14052,11570,14410,11560,1000,11555,18083
2020-06-12 10:00:54.06,11665.74,11565,11752,11570,12408,11560,1000,11555,18083
2020-06-12 10:00:54.65,11665.74,11560,1000,11565,13952,11555,18083,11550,17295
2020-06-12 10:00:55.64,11665.74,11560,2200,11565,11752,11555,12523,11550,17295
2020-06-12 10:00:56.67,11665.74,11565,11752,11570,14410,11555,12523,11550,17295
2020-06-12 10:00:57.09,11665.74,11560,1000,11565,13952,11555,12523,11550,17295
2020-06-12 10:00:58.29,11665.74,11560,3200,11565,11752,11555,12523,11550,17295
2020-06-12 10:00:58.57,11665.74,11560,3200,11565,11752,11555,12523,11550,17295
2020-06-12 10:00:59.46,11665.74,11560,12779,11565,13758,11550,13795,11545,18157
2020-06-12 10:01:00.38,11665.74,11560,12779,11565,13758,11550,13795,11545,18157
2020-06-12 10:01:01.49,11665.74,11560,12779,11565,13758,11550,10695,11545,18157
2020-06-12 10:01:02.55,11661.69,11560,12779,11565,13758,11550,10695,11545,18157
2020-06-12 10:01:03.19,11661.69,11555,8868,11560,12779,11550,295,11545,14598
2020-06-12 10:01:04.36,11661.69,11555,12168,11560,10579,11545,16649,11540,18390
2020-06-12 10:01:05.66,11661.69,11550,535,11555,12168,11545,16649,11540,18390
2020-06-12 10:01:06.84,11661.69,11550,13725,11555,11068,11545,14149,11540,18390
2020-06-12 10:01:08.06,11661.69,11555,11068,11560,10579,11545,17649,11540,16998
2020-06-12 10:01:09.05,11661.69,11555,12168,11560,12706,11550,5,11545,12098
2020-06-12 10:01:10.05,11661.69,11550,1000,11555,12168,11545,12098,11540,16998
2020-06-12 10:01:11.11,11661.69,11555,12168,11560,12706,11550,1000,11545,17707
2020-06-12 10:01:12.14,11659.39,11555,9868,11560,10579,11550,1000,11545,17707
2020-06-12 10:01:13.20,11659.39,11555,11868,11560,10579,11545,17707,11540,16998
2020-06-12 10:01:14.20,11659.39,11555,9568,11560,10579,11545,17707,11540,16998
2020-06-12 10:01:14.59,11659.39,11555,1000,11560,10579,11550,1000,11545,17707
2020-06-12 10:01:15.83,11659.39,11555,3300,11560,10579,11550,11400,11545,17717
2020-06-12 10:01:16.87,11659.39,11560,9579,11565,13758,11555,969,11550,16955
2020-06-12 10:01:17.48,11659.39,11565,13758,11570,13510,11555,12379,11550,16955
2020-06-12 10:01:18.45,11659.39,11560,10579,11565,16058,11555,969,11550,16955
2020-06-12 10:01:19.51,11659.39,11560,1000,11565,14052,11555,12379,11550,16955
2020-06-12 10:01:20.57,11659.39,11560,1000,11565,11752,11555,12379,11550,16955
2020-06-12 10:01:20.92,11659.39,11565,11752,11570,13510,11555,14381,11550,16955
2020-06-12 10:01:22.14,11659.39,11565,14052,11570,13510,11555,12379,11550,16955
2020-06-12 10:01:24.78,11658.83,11565,14052,11570,13510,11555,12379,11550,16960
2020-06-12 10:01:25.15,11658.83,11565,14052,11570,13610,11555,12379,11550,16960
2020-06-12 10:01:26.56,11658.83,11565,14052,11570,13610,11555,12379,11550,16960
2020-06-12 10:01:27.46,11658.83,11560,10579,11565,16058,11555,969,11550,16960
2020-06-12 10:01:28.48,11658.83,11560,12679,11565,13758,11555,969,11550,16960
2020-06-12 10:01:29.54,11658.83,11560,10579,11565,11752,11555,969,11550,16960
2020-06-12 10:01:30.59,11658.83,11560,12879,11565,11752,11555,2969,11550,16960
2020-06-12 10:01:31.06,11658.83,11560,12879,11565,11752,11555,2000,11550,13460
2020-06-12 10:01:32.15,11658.83,11555,491,11560,12879,11550,11405,11545,17717
2020-06-12 10:01:32.65,11657.98,11555,491,11560,12879,11550,11405,11545,17717
2020-06-12 10:01:33.74,11657.98,11560,10579,11565,11752,11550,16960,11545,17717
2020-06-12 10:01:34.79,11657.98,11560,9579,11565,11752,11555,11410,11550,16960
2020-06-12 10:01:35.19,11657.98,11560,1000,11565,14052,11555,11381,11550,16960
2020-06-12 10:01:36.40,11657.98,11560,12879,11565,13758,11550,13460,11545,17717
2020-06-12 10:01:36.80,11657.98,11560,12879,11565,13758,11550,13460,11545,17717
2020-06-12 10:01:39.19,11657.98,11560,12879,11565,13758,11550,16960,11545,17717
2020-06-12 10:01:40.07,11657.98,11560,12879,11565,13758,11555,11381,11550,16960
2020-06-12 10:01:41.11,11657.98,11560,12879,11565,13758,11550,11405,11545,17717
2020-06-12 10:01:43.22,11659.25,11555,11430,11560,12879,11550,1005,11545,17718
2020-06-12 10:01:44.75,11659.25,11555,11430,11560,12879,11550,1005,11545,17718
2020-06-12 10:01:45.85,11659.25,11555,14630,11560,13990,11550,5,11545,12109
2020-06-12 10:01:46.89,11659.25,11550,1005,11555,14630,11545,128,11540,16998
2020-06-12 10:01:47.94,11659.25,11550,14830,11555,13430,11545,11109,11540,16998
2020-06-12 10:01:48.97,11659.25,11550,804,11555,13430,11545,11109,11540,16998
2020-06-12 10:01:49.49,11659.25,11555,12510,11560,12590,11545,14160,11540,16998
2020-06-12 10:01:50.52,11659.25,11555,14910,11560,12590,11545,12109,11540,16998
2020-06-12 10:01:51.60,11659.25,11550,1000,11555,14910,11545,12109,11540,16998
2020-06-12 10:01:52.59,11654.22,11550,13825,11555,12510,11545,12109,11540,16998
2020-06-12 10:01:53.06,11654.22,11550,11425,11555,12510,11545,2428,11540,16998
2020-06-12 10:01:54.17,11654.22,11550,11425,11555,12753,11545,2428,11540,16998
2020-06-12 10:01:55.30,11654.22,11550,12425,11555,12753,11545,12409,11540,16998
2020-06-12 10:01:56.36,11654.22,11550,12425,11555,12753,11545,12409,11540,16998
2020-06-12 10:01:56.86,11654.22,11555,12753,11560,12590,11545,13409,11540,16998
2020-06-12 10:01:57.91,11654.22,11555,15253,11560,12590,11545,13409,11540,16998
2020-06-12 10:01:58.94,11654.22,11555,12753,11560,12590,11545,13409,11540,16998
2020-06-12 10:01:59.98,11654.22,11550,1000,11555,15253,11545,13409,11540,16998
2020-06-12 10:02:00.48,11654.22,11550,14925,11555,14826,11545,2428,11540,16998
2020-06-12 10:02:01.55,11654.22,11550,14925,11555,14826,11545,1428,11540,13498
2020-06-12 10:02:02.64,11654.32,11550,14925,11555,12753,11545,1428,11540,16998
2020-06-12 10:02:03.62,11654.32,11550,14925,11555,12753,11545,1428,11540,16998
2020-06-12 10:02:04.09,11654.32,11550,1000,11555,12753,11545,12409,11540,16998
2020-06-12 10:02:05.26,11654.32,11555,15010,11560,12590,11545,13409,11540,16998
2020-06-12 10:02:05.86,11654.32,11550,31,11555,15010,11545,13409,11540,16998
2020-06-12 10:02:06.82,11654.32,11555,12510,11560,12590,11545,13409,11540,16998
2020-06-12 10:02:07.89,11654.32,11555,15010,11560,12590,11545,13409,11540,16998
2020-06-12 10:02:09.43,11654.32,11550,31,11555,15010,11545,13409,11540,16998
2020-06-12 10:02:10.04,11654.32,11550,2469,11555,12510,11545,13409,11540,16998
2020-06-12 10:02:11.04,11654.32,11550,13894,11555,12510,11545,2428,11540,16998
2020-06-12 10:02:12.07,11654.32,11555,12510,11560,12590,11545,13409,11540,16998
2020-06-12 10:02:13.09,11646.65,11555,17025,11560,12590,11545,2546,11540,16998
2020-06-12 10:02:14.15,11646.65,11555,15010,11560,12590,11545,2546,11540,16998
2020-06-12 10:02:14.59,11646.65,11555,15010,11560,12590,11545,13527,11540,16998
2020-06-12 10:02:16.81,11646.65,11555,15010,11560,12590,11545,13457,11540,16998
2020-06-12 10:02:17.82,11646.65,11555,15010,11560,12590,11545,13457,11540,16998
2020-06-12 10:02:18.29,11646.65,11555,15010,11560,12590,11545,13457,11540,16998
2020-06-12 10:02:19.45,11646.65,11555,12810,11560,12590,11545,13457,11540,16998
2020-06-12 10:02:19.88,11646.65,11555,12510,11560,12590,11550,1000,11545,13457
2020-06-12 10:02:21.02,11646.65,11555,12510,11560,12590,11550,11400,11545,19008
2020-06-12 10:02:22.49,11646.51,11555,12510,11560,12590,11550,11400,11545,19008
2020-06-12 10:02:23.63,11646.51,11555,12510,11560,12590,11550,2300,11545,14208
2020-06-12 10:02:24.68,11646.51,11555,13410,11560,12590,11550,2300,11545,14208
2020-06-12 10:02:25.05,11646.51,11555,12510,11560,12590,11550,2300,11545,14208
2020-06-12 10:02:26.24,11646.51,11555,12510,11560,12590,11550,2300,11545,17708
2020-06-12 10:02:27.29,11646.51,11555,12510,11560,10579,11550,2300,11545,17708
2020-06-12 10:02:27.76,11646.51,11555,12510,11560,12590,11550,2300,11545,17708
2020-06-12 10:02:28.83,11646.51,11555,12510,11560,10579,11550,1300,11545,17708
2020-06-12 10:02:29.22,11646.51,11555,12510,11560,10579,11550,11700,11545,17708
2020-06-12 10:02:31.35,11646.51,11555,1080,11560,10579,11550,13239,11545,17708
2020-06-12 10:02:32.46,11643.82,11560,10579,11565,13858,11555,693,11550,19852
2020-06-12 10:02:32.94,11643.82,11555,336,11560,13079,11550,14239,11545,17708
2020-06-12 10:02:34.05,11643.82,11560,10579,11565,12276,11550,14239,11545,17708
2020-06-12 10:02:35.11,11643.82,11555,11430,11560,13079,11550,14239,11545,17708
2020-06-12 10:02:35.61,11643.82,11555,11430,11560,12590,11550,3839,11545,17708
2020-06-12 10:02:36.67,11643.82,11555,12130,11560,10579,11550,3839,11545,17708
2020-06-12 10:02:37.74,11643.82,11555,11428,11560,10579,11550,3839,11545,17708
2020-06-12 10:02:38.08,11643.82,11555,9890,11560,10579,11550,3839,11545,17710
2020-06-12 10:02:39.25,11643.82,11560,10579,11565,12276,11550,14239,11545,17710
2020-06-12 10:02:39.49,11643.82,11560,13079,11565,12276,11550,14241,11545,17710
2020-06-12 10:02:41.31,11643.82,11560,13079,11565,12276,11550,14241,11545,17710
2020-06-12 10:02:42.56,11643.16,11555,9890,11560,13079,11550,13241,11545,17710
2020-06-12 10:02:43.36,11643.16,11555,9890,11560,13079,11550,13343,11545,17710
2020-06-12 10:02:44.57,11643.16,11560,13079,11565,12276,11550,13346,11545,17710
2020-06-12 10:02:44.95,11643.16,11560,10579,11565,12276,11550,18901,11545,17710
2020-06-12 10:02:46.20,11643.16,11560,1000,11565,11852,11555,12381,11550,19901
2020-06-12 10:02:47.17,11643.16,11560,3500,11565,11852,11555,12381,11550,19901
2020-06-12 10:02:47.45,11643.16,11560,1000,11565,11852,11555,12381,11550,19901
2020-06-12 10:02:48.31,11643.16,11560,1000,11565,11852,11555,12381,11550,19902
2020-06-12 10:02:49.35,11643.16,11560,13079,11565,12276,11555,1000,11550,19902
2020-06-12 10:02:49.96,11643.16,11555,611,11560,13079,11550,16402,11545,17710
2020-06-12 10:02:50.96,11643.16,11555,1300,11560,10579,11550,16402,11545,17710
2020-06-12 10:02:52.03,11643.16,11555,1100,11560,10579,11550,16402,11545,17710
2020-06-12 10:02:52.35,11639.09,11560,10779,11565,12276,11555,109,11550,15102
2020-06-12 10:02:53.35,11639.09,11555,9890,11560,10779,11550,13047,11545,15659
2020-06-12 10:02:54.27,11639.09,11560,10779,11565,14148,11550,13047,11545,17768
2020-06-12 10:02:55.19,11639.09,11560,10779,11565,14148,11555,1000,11550,13047
2020-06-12 10:02:56.35,11639.09,11555,38,11560,10779,11550,13047,11545,17768
2020-06-12 10:02:56.96,11639.09,11560,10779,11565,14148,11555,1000,11550,13047
2020-06-12 10:02:57.94,11639.09,11560,10679,11565,14148,11550,13047,11545,17768
2020-06-12 10:02:58.99,11639.09,11560,9679,11565,14148,11555,1000,11550,18660
2020-06-12 10:02:59.55,11639.09,11560,9679,11565,14148,11555,1000,11550,13621
2020-06-12 10:03:00.52,11639.09,11560,10679,11565,14148,11550,13621,11545,17768
2020-06-12 10:03:01.61,11639.09,11560,10679,11565,14148,11550,1108,11545,17768
2020-06-12 10:03:02.64,11643.71,11560,12512,11565,14148,11555,2,11550,1108
2020-06-12 10:03:03.06,11643.71,11560,12512,11565,14148,11550,1108,11545,17710
2020-06-12 10:03:04.27,11643.71,11560,10779,11565,14148,11550,1108,11545,17710
2020-06-12 10:03:05.31,11643.71,11560,10779,11565,14148,11550,11508,11545,17710
2020-06-12 10:03:05.80,11643.71,11560,10779,11565,14148,11550,11508,11545,17710
2020-06-12 10:03:06.89,11643.71,11560,10779,11565,14148,11555,1000,11550,11508
2020-06-12 10:03:07.88,11643.71,11560,10779,11565,14148,11550,11508,11545,17710
2020-06-12 10:03:08.25,11643.71,11560,10779,11565,14148,11550,11508,11545,17710
2020-06-12 10:03:09.00,11643.71,11560,10779,11565,14148,11550,11508,11545,17710
2020-06-12 10:03:10.02,11643.71,11560,10779,11565,14148,11550,11508,11545,17710
2020-06-12 10:03:11.05,11643.71,11560,10779,11565,14148,11550,11508,11545,15659
2020-06-12 10:03:11.45,11643.71,11560,10779,11565,14148,11550,1108,11545,17826
2020-06-12 10:03:12.66,11644.06,11560,10779,11565,14148,11550,1108,11545,17826
2020-06-12 10:03:13.64,11644.06,11560,10779,11565,14148,11550,11508,11545,17826
2020-06-12 10:03:14.19,11644.06,11560,10779,11565,14148,11550,11508,11545,17826
2020-06-12 10:03:15.30,11644.06,11560,10779,11565,14148,11550,11508,11545,17826
2020-06-12 10:03:16.84,11644.06,11560,10779,11565,14148,11550,11508,11545,17826
2020-06-12 10:03:17.90,11644.06,11560,10779,11565,14148,11550,11508,11545,15659
2020-06-12 10:03:18.45,11644.06,11560,10779,11565,14148,11550,11508,11545,17826
2020-06-12 10:03:19.98,11644.06,11560,10779,11565,14148,11550,11508,11545,17826
2020-06-12 10:03:21.06,11644.06,11565,11852,11570,14654,11555,12381,11550,17063
2020-06-12 10:03:21.59,11644.06,11565,11952,11570,14654,11555,12381,11550,17063
2020-06-12 10:03:22.67,11646.14,11565,11952,11570,14654,11555,12381,11550,17063
2020-06-12 10:03:23.73,11646.14,11560,9579,11565,11952,11555,12381,11550,17063
2020-06-12 10:03:24.73,11646.14,11565,11952,11570,14654,11560,591,11555,12381
2020-06-12 10:03:25.82,11646.14,11565,11852,11570,14654,11555,12381,11550,17063
2020-06-12 10:03:26.28,11646.14,11565,11852,11570,13610,11555,14499,11550,17063
2020-06-12 10:03:27.43,11646.14,11565,11852,11570,13610,11555,12381,11550,17063
2020-06-12 10:03:27.92,11646.14,11565,11852,11570,13610,11555,12381,11550,17063
2020-06-12 10:03:28.99,11646.14,11560,9579,11565,11852,11555,1000,11550,13563
2020-06-12 10:03:29.49,11646.14,11560,9579,11565,13332,11555,1000,11550,13563
2020-06-12 10:03:30.59,11646.14,11560,9579,11565,13332,11555,1000,11550,13563
2020-06-12 10:03:31.06,11646.14,11560,9579,11565,13332,11555,1000,11550,17063
2020-06-12 10:03:32.10,11646.14,11560,9579,11565,13332,11555,1000,11550,17063
2020-06-12 10:03:33.13,11645.76,11560,9579,11565,13332,11555,1000,11550,17063
2020-06-12 10:03:33.55,11645.76,11560,9579,11565,13332,11555,1000,11550,17063
2020-06-12 10:03:34.70,11645.76,11560,9579,11565,13232,11555,3490,11550,17063
2020-06-12 10:03:35.79,11645.76,11555,1657,11560,10578,11550,11508,11545,15659
2020-06-12 10:03:36.84,11645.76,11555,9890,11560,12705,11550,11508,11545,15659
2020-06-12 10:03:37.49,11645.76,11555,9890,11560,12705,11550,1108,11545,15659
2020-06-12 10:03:38.96,11645.76,11555,9890,11560,12705,11550,1108,11545,17710
2020-06-12 10:03:39.97,11645.76,11555,9790,11560,12705,11550,1106,11545,17710
2020-06-12 10:03:40.35,11645.76,11555,9790,11560,12705,11550,1106,11545,17710
2020-06-12 10:03:41.58,11645.76,11555,9890,11560,12705,11550,1106,11545,12159
2020-06-12 10:03:41.96,11645.76,11555,9790,11560,12705,11550,1106,11545,17710
2020-06-12 10:03:43.15,11639.58,11555,9790,11560,10578,11550,1106,11545,14210
2020-06-12 10:03:43.55,11639.58,11555,9790,11560,12589,11550,1106,11545,14210
2020-06-12 10:03:44.72,11639.58,11555,9790,11560,12589,11550,106,11545,17710
2020-06-12 10:03:45.18,11639.58,11560,10578,11565,14478,11550,10506,11545,17710
2020-06-12 10:03:46.30,11639.58,11560,10678,11565,14478,11550,10506,11545,17710
2020-06-12 10:03:47.32,11639.58,11560,10678,11565,14478,11550,10506,11545,17710
2020-06-12 10:03:47.68,11639.58,11560,10678,11565,14478,11550,10506,11545,17710
2020-06-12 10:03:48.43,11639.58,11560,3198,11565,14478,11555,1000,11550,11506
2020-06-12 10:03:49.47,11639.58,11560,3198,11565,14478,11555,1000,11550,11506
2020-06-12 10:03:50.49,11639.58,11560,3198,11565,14478,11550,11506,11545,17710
2020-06-12 10:03:51.75,11642.91,11560,3198,11565,14478,11550,11506,11545,17710
2020-06-12 10:03:52.63,11642.91,11560,3198,11565,14478,11550,11506,11545,17710
2020-06-12 10:03:53.67,11642.91,11560,3198,11565,14478,11555,1000,11550,11506
2020-06-12 10:03:54.69,11642.91,11555,1000,11560,5267,11545,12159,11540,16999
2020-06-12 10:03:55.69,11642.91,11550,10336,11555,9990,11545,12159,11540,16999
2020-06-12 10:03:55.92,11642.91,11550,10336,11555,9990,11545,12159,11540,16999
2020-06-12 10:03:56.84,11642.91,11555,9990,11560,5267,11545,12159,11540,16999
2020-06-12 10:03:57.89,11642.91,11555,10990,11560,5267,11545,12159,11540,16999
2020-06-12 10:03:58.36,11642.91,11550,1000,11555,12490,11545,12159,11540,16999
2020-06-12 10:03:59.48,11642.91,11550,13036,11555,13005,11545,12159,11540,16999
2020-06-12 10:03:59.81,11642.91,11550,13036,11555,13005,11545,1178,11540,13499
2020-06-12 10:04:01.00,11642.91,11550,13036,11555,13005,11545,177,11540,13499
2020-06-12 10:04:01.37,11642.91,11550,13036,11555,13005,11540,11162,11535,15882
2020-06-12 10:04:02.62,11636.12,11550,13036,11555,13005,11540,12162,11535,15882
2020-06-12 10:04:03.15,11636.12,11550,13036,11555,12905,11540,12162,11535,15882
2020-06-12 10:04:04.19,11636.12,11550,13036,11555,12905,11545,1000,11540,12162
2020-06-12 10:04:05.20,11636.12,11550,1000,11555,12905,11545,11981,11540,12162
2020-06-12 10:04:06.22,11636.12,11550,11336,11555,12905,11545,11981,11540,17709
2020-06-12 10:04:07.81,11636.12,11550,1000,11555,10890,11545,11981,11540,17709
2020-06-12 10:04:08.25,11636.12,11550,11336,11555,12905,11545,11981,11540,17767
2020-06-12 10:04:09.39,11636.12,11550,11336,11555,12905,11545,11981,11540,17767
2020-06-12 10:04:09.89,11636.12,11550,11336,11555,12905,11540,12162,11535,15882
2020-06-12 10:04:10.95,11636.12,11550,12936,11555,12905,11540,12162,11535,15882
2020-06-12 10:04:11.40,11636.12,11550,12936,11555,12905,11540,12162,11535,15882
2020-06-12 10:04:12.50,11636.88,11550,11636,11555,12905,11540,12162,11535,15882
2020-06-12 10:04:13.53,11636.88,11550,12836,11555,12905,11540,12162,11535,15882
2020-06-12 10:04:14.59,11636.88,11550,11336,11555,12905,11540,12162,11535,15882
2020-06-12 10:04:15.06,11636.88,11550,12736,11555,12905,11540,12162,11535,15882
2020-06-12 10:04:16.18,11636.88,11550,12736,11555,12905,11540,12162,11535,15882
2020-06-12 10:04:16.74,11636.88,11550,11336,11555,12905,11540,12162,11535,15882
2020-06-12 10:04:17.74,11636.88,11550,11336,11555,12905,11545,1000,11540,12162
2020-06-12 10:04:18.79,11636.88,11550,1000,11555,10890,11545,11981,11540,17709
2020-06-12 10:04:19.18,11636.88,11550,1000,11555,10890,11545,11981,11540,17709
2020-06-12 10:04:20.74,11636.88,11550,3490,11555,10890,11545,11981,11540,17709
2020-06-12 10:04:21.90,11636.88,11550,13826,11555,12905,11545,11981,11540,17753
2020-06-12 10:04:22.35,11638.54,11550,13826,11555,10890,11545,11980,11540,17753
2020-06-12 10:04:24.64,11638.54,11550,3490,11555,10890,11545,11980,11540,17753
2020-06-12 10:04:25.55,11638.54,11550,2490,11555,10890,11545,11986,11540,17754
2020-06-12 10:04:28.24,11638.54,11550,2490,11555,10890,11545,11986,11540,17754
2020-06-12 10:04:28.67,11638.54,11550,2490,11555,10890,11545,11986,11540,17754
2020-06-12 10:04:29.86,11638.54,11550,2490,11555,10890,11545,11986,11540,17754
2020-06-12 10:04:30.95,11638.54,11550,2490,11555,10890,11545,11986,11540,17754
2020-06-12 10:04:31.95,11638.54,11550,12826,11555,10890,11545,11986,11540,17754
2020-06-12 10:04:33.00,11639.03,11550,2490,11555,10890,11545,11986,11540,17754
2020-06-12 10:04:33.42,11639.03,11550,2490,11555,10890,11545,11986,11540,17754
2020-06-12 10:04:34.59,11639.03,11550,14126,11555,12905,11545,11986,11540,17754
2020-06-12 10:04:35.00,11639.03,11550,15126,11555,12905,11545,12186,11540,17754
2020-06-12 10:04:36.20,11639.03,11550,15126,11555,12905,11540,12207,11535,15882
2020-06-12 10:04:36.56,11639.03,11545,1251,11550,15126,11540,12207,11535,15882
2020-06-12 10:04:37.78,11639.03,11545,2451,11550,13926,11540,12207,11535,15882
2020-06-12 10:04:38.20,11639.03,11545,13849,11550,15945,11540,1192,11535,12382
2020-06-12 10:04:39.36,11639.03,11545,13849,11550,15945,11535,12682,11530,17472
2020-06-12 10:04:39.65,11639.03,11545,13849,11550,15945,11535,10233,11530,17472
2020-06-12 10:04:40.45,11639.03,11545,13849,11550,15945,11535,10233,11530,17472
2020-06-12 10:04:41.45,11639.03,11545,13849,11550,15945,11535,10233,11530,17472
2020-06-12 10:04:42.51,11638.01,11545,13849,11550,15945,11535,10233,11530,17472
2020-06-12 10:04:44.17,11638.01,11540,10752,11545,15873,11535,10233,11530,17472
2020-06-12 10:04:45.14,11638.01,11540,10752,11545,15873,11535,417,11530,17472
2020-06-12 10:04:46.17,11638.01,11540,10752,11545,15873,11535,417,11530,13972
2020-06-12 10:04:47.79,11638.01,11540,10752,11545,15873,11535,10233,11530,17472
2020-06-12 10:04:48.15,11638.01,11540,10752,11545,13849,11535,10233,11530,17472
2020-06-12 10:04:49.37,11638.01,11545,13849,11550,15945,11540,10752,11535,11233
2020-06-12 10:04:49.78,11638.01,11545,12649,11550,13926,11540,10752,11535,16776
2020-06-12 10:04:50.95,11638.01,11545,1251,11550,13926,11540,21767,11535,16776
2020-06-12 10:04:51.45,11638.01,11545,14749,11550,13455,11540,19277,11535,13276
2020-06-12 10:04:52.54,11634.75,11545,14749,11550,13455,11540,900,11535,13276
2020-06-12 10:04:53.07,11634.75,11540,636,11545,14749,11535,11233,11530,17472
2020-06-12 10:04:54.13,11634.75,11540,2100,11545,14149,11535,11233,11530,17472
2020-06-12 10:04:55.18,11634.75,11545,14149,11550,13355,11535,11233,11530,17472
2020-06-12 10:04:55.56,11634.75,11545,14649,11550,13355,11535,11233,11530,17472
2020-06-12 10:04:56.77,11634.75,11540,10752,11545,14649,11535,1417,11530,17472
2020-06-12 10:04:57.18,11634.75,11540,10752,11545,14649,11535,11233,11530,17472
2020-06-12 10:04:58.55,11634.75,11540,10752,11545,14649,11535,11233,11530,17472
2020-06-12 10:05:00.37,11634.75,11545,14649,11550,13355,11535,11233,11530,17472
2020-06-12 10:05:00.85,11634.75,11540,10752,11545,16889,11535,417,11530,11528
2020-06-12 10:05:02.04,11634.75,11540,13852,11545,16289,11530,11528,11525,14418
2020-06-12 10:05:02.69,11633.0,11540,13852,11545,16289,11530,12528,11525,14418
2020-06-12 10:05:03.60,11633.0,11540,13852,11545,16289,11535,200,11530,12528
2020-06-12 10:05:04.69,11633.0,11540,11752,11545,14789,11530,12528,11525,16626
2020-06-12 10:05:05.19,11633.0,11540,11752,11545,14789,11535,1000,11530,12528
2020-06-12 10:05:06.24,11633.0,11540,11752,11545,14789,11535,10816,11530,18066
2020-06-12 10:05:07.32,11633.0,11545,12649,11550,13355,11535,10816,11530,18066
2020-06-12 10:05:08.33,11633.0,11540,10752,11545,14849,11535,10816,11530,18066
2020-06-12 10:05:08.79,11633.0,11540,10752,11545,14849,11535,10868,11530,18066
2020-06-12 10:05:09.91,11633.0,11545,14849,11550,13654,11535,10868,11530,18066
2020-06-12 10:05:10.35,11633.0,11545,14849,11550,13654,11535,10868,11530,18066
2020-06-12 10:05:11.49,11633.0,11540,10752,11545,16931,11535,1052,11530,16028
2020-06-12 10:05:11.96,11632.33,11540,11852,11545,15631,11535,1052,11530,16028
2020-06-12 10:05:13.03,11632.33,11540,10752,11545,15573,11535,1052,11530,18066
2020-06-12 10:05:14.00,11632.33,11545,13549,11550,13654,11535,10868,11530,18066
2020-06-12 10:05:14.36,11632.33,11540,10752,11545,14849,11535,10868,11530,18066
2020-06-12 10:05:15.05,11632.33,11545,14849,11550,13654,11535,10868,11530,18066
2020-06-12 10:05:15.67,11632.33,11540,10752,11545,16873,11535,1052,11530,18066
2020-06-12 10:05:16.72,11632.33,11545,14849,11550,13654,11535,10868,11530,18066
2020-06-12 10:05:17.14,11632.33,11540,10752,11545,14849,11535,1052,11530,18066
2020-06-12 10:05:18.24,11632.33,11540,10752,11545,16873,11535,1052,11530,18066
2020-06-12 10:05:20.38,11632.33,11540,10752,11545,15573,11535,1052,11530,14566
2020-06-12 10:05:21.36,11632.33,11540,9563,11545,15573,11535,1000,11530,14566
2020-06-12 10:05:21.86,11632.33,11540,9564,11545,15573,11535,1000,11530,14566
2020-06-12 10:05:22.58,11635.04,11540,12764,11545,15573,11530,12528,11525,16626
2020-06-12 10:05:23.47,11635.04,11540,12764,11545,15573,11535,1963,11530,12528
2020-06-12 10:05:24.55,11635.04,11540,10564,11545,15573,11535,1963,11530,12528
2020-06-12 10:05:25.74,11635.04,11540,1011,11545,15573,11535,11779,11530,18066
2020-06-12 10:05:26.65,11635.04,11540,12764,11545,15573,11535,1963,11530,12528
2020-06-12 10:05:27.74,11635.04,11535,11930,11540,14541,11530,1147,11525,14418
2020-06-12 10:05:28.24,11635.04,11535,14630,11540,12341,11530,147,11525,10918
2020-06-12 10:05:29.34,11635.04,11530,1000,11535,14630,11525,10918,11520,15461
2020-06-12 10:05:30.38,11635.04,11535,14630,11540,12341,11525,11918,11520,15461
2020-06-12 10:05:30.85,11635.04,11535,14628,11540,12341,11525,11918,11520,17664
2020-06-12 10:05:31.98,11635.04,11535,12928,11540,12341,11525,11918,11520,17664
2020-06-12 10:05:33.04,11628.36,11535,13628,11540,12341,11530,15,11525,11918
2020-06-12 10:05:34.04,11628.36,11535,12928,11540,12441,11530,11396,11525,11918
2020-06-12 10:05:34.29,11628.36,11535,1000,11540,10664,11530,11396,11525,17510
2020-06-12 10:05:35.09,11628.36,11540,12864,11545,14809,11530,12396,11525,17510
2020-06-12 10:05:36.58,11628.36,11535,12430,11540,12864,11530,12396,11525,14010
2020-06-12 10:05:37.76,11628.36,11535,12430,11540,12864,11530,12396,11525,11918
2020-06-12 10:05:38.08,11628.36,11535,14730,11540,12692,11525,13418,11520,17664
2020-06-12 10:05:39.27,11628.36,11535,14750,11540,12692,11525,13418,11520,17664
2020-06-12 10:05:40.32,11628.36,11530,11088,11535,13250,11525,13418,11520,11961
2020-06-12 10:05:40.65,11628.36,11530,8688,11535,13250,11525,13418,11520,15461
2020-06-12 10:05:41.45,11628.36,11535,13250,11540,12692,11525,13418,11520,17548
2020-06-12 10:05:42.25,11629.74,11535,14850,11540,12692,11525,13418,11520,17548
2020-06-12 10:05:42.95,11629.74,11535,12450,11540,12692,11525,13418,11520,17548
2020-06-12 10:05:44.03,11629.74,11535,12450,11540,12692,11525,13418,11520,17548
2020-06-12 10:05:44.45,11629.74,11535,12450,11540,12692,11525,13418,11520,17548
2020-06-12 10:05:45.64,11629.74,11535,14850,11540,12692,11525,13418,11520,17548
2020-06-12 10:05:46.66,11629.74,11535,14850,11540,12692,11530,100,11525,13418
2020-06-12 10:05:46.95,11629.74,11535,13150,11540,12692,11525,13438,11520,17548
2020-06-12 10:05:47.85,11629.74,11535,14850,11540,12692,11525,13438,11520,17568
2020-06-12 10:05:48.68,11629.74,11535,1020,11540,12692,11530,12481,11525,18972
2020-06-12 10:05:49.88,11629.74,11535,1020,11540,10664,11530,12481,11525,18972
2020-06-12 10:05:50.95,11629.74,11540,13164,11545,14809,11530,12481,11525,18972
2020-06-12 10:05:51.99,11629.74,11540,13164,11545,14809,11535,20,11530,12481
2020-06-12 10:05:52.41,11627.8,11540,13164,11545,14809,11530,12501,11525,18972
2020-06-12 10:05:54.12,11627.8,11540,13164,11545,14809,11530,12501,11525,18972
2020-06-12 10:05:55.16,11627.8,11540,13184,11545,14809,11530,12501,11525,18972
2020-06-12 10:05:55.79,11627.8,11535,1000,11540,13184,11530,12501,11525,18972
2020-06-12 10:05:56.73,11627.8,11540,13184,11545,14809,11530,12501,11525,18972
2020-06-12 10:05:57.76,11627.8,11540,13184,11545,14809,11530,12501,11525,18972
2020-06-12 10:05:58.80,11627.8,11535,1000,11540,13184,11530,12481,11525,18972
2020-06-12 10:05:59.86,11627.8,11535,2500,11540,10684,11530,12481,11525,18972
2020-06-12 10:06:00.29,11627.8,11535,2500,11540,10684,11530,12481,11525,18972
2020-06-12 10:06:01.40,11627.8,11535,13930,11540,12712,11530,1100,11525,15472
2020-06-12 10:06:02.08,11624.06,11530,1001,11535,14130,11525,13418,11520,17568
2020-06-12 10:06:02.97,11624.06,11535,14130,11540,12712,11530,1001,11525,13418
2020-06-12 10:06:04.05,11624.06,11535,12830,11540,12712,11530,1001,11525,18952
2020-06-12 10:06:05.11,11624.06,11535,12830,11540,12712,11530,12382,11525,18952
2020-06-12 10:06:06.16,11624.06,11535,1400,11540,10684,11530,12382,11525,18952
2020-06-12 10:06:06.75,11624.06,11535,3460,11540,10684,11530,12382,11525,18952
2020-06-12 10:06:07.71,11624.06,11540,10684,11545,14809,11530,12382,11525,18952
2020-06-12 10:06:08.80,11624.06,11540,10684,11545,14809,11530,12382,11525,18952
2020-06-12 10:06:09.81,11624.06,11540,13184,11545,14809,11535,9816,11530,12382
2020-06-12 10:06:10.22,11624.06,11540,10724,11545,14809,11530,12382,11525,18952
2020-06-12 10:06:10.96,11624.06,11540,13224,11545,14809,11530,12382,11525,18952
2020-06-12 10:06:11.88,11624.06,11540,13224,11545,14809,11535,100,11530,12382
2020-06-12 10:06:12.97,11620.59,11540,13224,11545,14809,11535,100,11530,12382
2020-06-12 10:06:13.55,11620.59,11545,12785,11550,12654,11535,9916,11530,17920
2020-06-12 10:06:14.59,11620.59,11545,15285,11550,12654,11535,9916,11530,17920
2020-06-12 10:06:15.66,11620.59,11540,12033,11545,14809,11535,100,11530,12382
2020-06-12 10:06:16.08,11620.59,11540,15022,11545,14809,11530,12382,11525,16918
2020-06-12 10:06:17.25,11620.59,11540,15022,11545,14809,11530,1001,11525,13418
2020-06-12 10:06:17.84,11620.59,11540,15022,11545,14558,11530,1001,11525,13418
2020-06-12 10:06:18.83,11620.59,11540,15042,11545,16058,11525,13418,11520,17548
2020-06-12 10:06:19.89,11620.59,11540,15042,11545,19558,11530,1000,11525,13418
2020-06-12 10:06:20.95,11620.59,11540,15042,11545,16058,11525,13418,11520,17548
2020-06-12 10:06:22.00,11620.59,11540,15042,11545,16058,11530,100,11525,13418
2020-06-12 10:06:23.06,11616.74,11540,15042,11545,19558,11530,100,11525,13418
2020-06-12 10:06:23.65,11616.74,11540,15042,11545,14558,11530,100,11525,13418
2020-06-12 10:06:24.65,11616.74,11540,15042,11545,16058,11530,100,11525,13418
2020-06-12 10:06:25.72,11616.74,11535,60,11540,15042,11530,11481,11525,18952
2020-06-12 10:06:26.70,11616.74,11540,12542,11545,14558,11530,12481,11525,18952
2020-06-12 10:06:26.98,11616.74,11540,13014,11545,14558,11530,12481,11525,18952
2020-06-12 10:06:27.82,11616.74,11540,15042,11545,14558,11530,12481,11525,18952
2020-06-12 10:06:28.87,11616.74,11540,15042,11545,14558,11530,12481,11525,15452
2020-06-12 10:06:29.87,11616.74,11540,15042,11545,14558,11530,1100,11525,15452
2020-06-12 10:06:30.25,11616.74,11540,12014,11545,14558,11535,5,11530,12481
2020-06-12 10:06:31.15,11616.74,11540,10514,11545,14558,11535,5,11530,12481
2020-06-12 10:06:32.08,11614.76,11540,10514,11545,14558,11535,65,11530,12481
2020-06-12 10:06:33.16,11614.76,11540,10514,11545,14558,11535,9881,11530,12481
2020-06-12 10:06:34.18,11614.76,11540,10514,11545,14558,11535,65,11530,12481
2020-06-12 10:06:35.26,11614.76,11540,10514,11545,14558,11535,9881,11530,12481
2020-06-12 10:06:35.68,11614.76,11540,13014,11545,14558,11535,65,11530,12481
2020-06-12 10:06:36.82,11614.76,11540,13014,11545,14558,11535,65,11530,12481
2020-06-12 10:06:37.46,11614.76,11540,13014,11545,14558,11535,65,11530,12481
2020-06-12 10:06:38.36,11614.76,11540,13014,11545,14558,11535,65,11530,12481
2020-06-12 10:06:39.44,11614.76,11540,10514,11545,14558,11535,65,11530,12481
2020-06-12 10:06:39.69,11614.76,11540,10514,11545,12534,11535,9881,11530,18019
2020-06-12 10:06:40.54,11614.76,11540,20,11545,12534,11535,10881,11530,18019
2020-06-12 10:06:41.57,11614.76,11540,20,11545,14558,11535,10881,11530,18019
