time,nav,sell1,sell1_cnt,sell2,sell2_cnt,buy1,buy1_cnt,buy2,buy2_cnt
2020-06-03 09:16:52.820000,0.0,11720,40190,11725,57987,11715,10030,11710,20478
2020-06-03 09:16:53.570000,0.0,11720,40690,11725,51027,11715,10030,11710,20478
2020-06-03 09:16:54.740000,0.0,11720,42657,11725,57987,11715,10030,11710,20478
2020-06-03 09:16:55.670000,0.0,11720,41458,11725,51027,11715,20030,11710,10478
2020-06-03 09:16:56.670000,0.0,11720,41458,11725,51027,11715,20030,11710,10478
2020-06-03 09:16:57.680000,0.0,11720,41460,11725,51027,11715,20030,11710,10478
2020-06-03 09:16:58.700000,0.0,11720,34001,11725,57987,11715,8830,11710,20478
2020-06-03 09:16:59.700000,0.0,11720,35001,11725,57987,11715,6134,11710,18978
2020-06-03 09:17:00.790000,0.0,11715,1700,11720,41123,11710,8778,11705,22096
2020-06-03 09:17:01.900000,11776.06,11710,1000,11715,8234,11705,8107,11700,19779
2020-06-03 09:17:03.040000,11776.06,11710,7645,11715,8234,11705,7907,11700,19779
2020-06-03 09:17:04.120000,11776.06,11710,7645,11715,15264,11700,5413,11695,22285
2020-06-03 09:17:05.260000,11776.06,11705,6891,11710,7645,11700,1333,11695,19650
2020-06-03 09:17:06.470000,11776.06,11705,6891,11710,7645,11700,3265,11695,19650
2020-06-03 09:17:07.600000,11776.06,11710,7645,11715,15264,11700,10225,11695,19650
2020-06-03 09:17:08.670000,11776.06,11710,7645,11715,10234,11705,1000,11700,21725
2020-06-03 09:17:09.760000,11776.06,11710,5946,11715,10234,11705,1420,11700,21725
2020-06-03 09:17:10.800000,11770.79,11710,7646,11715,15264,11705,1020,11700,10225
2020-06-03 09:17:11.900000,11770.79,11710,9646,11715,12264,11705,20,11700,20225
2020-06-03 09:17:12.860000,11770.79,11710,9646,11715,15264,11705,1000,11700,10225
2020-06-03 09:17:13.860000,11770.79,11705,1600,11710,10646,11700,3265,11695,19650
2020-06-03 09:17:14.820000,11770.79,11705,7401,11710,12676,11700,3265,11695,19650
2020-06-03 09:17:15.880000,11770.79,11705,7401,11710,12676,11700,1565,11695,18150
2020-06-03 09:17:16.940000,11770.79,11705,6301,11710,12676,11700,3165,11695,19650
2020-06-03 09:17:17.970000,11770.79,11705,5701,11710,10646,11700,10522,11695,19650
2020-06-03 09:17:19.000000,11770.79,11705,5701,11710,10646,11700,8922,11695,19650
2020-06-03 09:17:20.070000,11770.79,11705,5708,11710,10646,11700,8922,11695,19873
2020-06-03 09:17:21.030000,11770.79,11705,5908,11710,10646,11700,8922,11695,19873
2020-06-03 09:17:22.100000,11769.73,11705,7408,11710,10646,11700,1962,11695,19873
2020-06-03 09:17:23.170000,11769.73,11705,7408,11710,12676,11700,1982,11695,19873
2020-06-03 09:17:23.860000,11769.73,11705,7408,11710,10646,11700,1982,11695,19873
2020-06-03 09:17:24.780000,11769.73,11705,7408,11710,10646,11700,1982,11695,19873
2020-06-03 09:17:25.860000,11769.73,11705,70,11710,10646,11700,20642,11695,9873
2020-06-03 09:17:26.970000,11769.73,11710,10646,11715,15536,11700,1982,11695,19873
2020-06-03 09:17:28.000000,11769.73,11705,1000,11710,10646,11700,1982,11695,19873
2020-06-03 09:17:29.000000,11769.73,11705,7341,11710,10646,11700,10642,11695,19873
2020-06-03 09:17:29.950000,11769.73,11705,7914,11710,12676,11695,18273,11690,11873
2020-06-03 09:17:31.090000,11769.73,11705,7914,11710,15676,11695,8273,11690,21873
2020-06-03 09:17:32.260000,11763.78,11705,6911,11710,10646,11700,7279,11695,21473
2020-06-03 09:17:33.290000,11763.78,11705,33622,11710,12676,11700,319,11695,21473
2020-06-03 09:17:34.250000,11763.78,11700,638,11705,34622,11695,9973,11690,21873
2020-06-03 09:17:35.280000,11763.78,11705,34622,11710,12676,11695,19973,11690,11873
2020-06-03 09:17:36.270000,11763.78,11705,34622,11710,10646,11700,6960,11695,19923
2020-06-03 09:17:37.280000,11763.78,11705,34622,11710,10646,11695,19923,11690,10373
2020-06-03 09:17:38.330000,11763.78,11705,34622,11710,10646,11700,6960,11695,19923
2020-06-03 09:17:39.380000,11763.78,11700,8728,11705,33619,11695,17423,11690,11873
2020-06-03 09:17:40.410000,11763.78,11695,3928,11700,13990,11690,12873,11685,15436
2020-06-03 09:17:41.490000,11758.78,11695,9047,11700,13990,11690,1003,11685,26936
2020-06-03 09:17:42.550000,11758.78,11695,9047,11700,13990,11690,2803,11685,26936
2020-06-03 09:17:43.550000,11758.78,11695,9047,11700,13990,11690,17963,11685,16936
2020-06-03 09:17:44.580000,11758.78,11695,9027,11700,13990,11690,7983,11685,26936
2020-06-03 09:17:45.610000,11758.78,11695,9027,11700,64928,11690,7983,11685,26936
2020-06-03 09:17:46.690000,11758.78,11695,9027,11700,64928,11690,1023,11685,26936
2020-06-03 09:17:47.270000,11758.78,11695,2205,11700,64928,11690,21283,11685,15436
2020-06-03 09:17:48.300000,11758.78,11695,46,11700,62962,11690,21283,11685,15436
2020-06-03 09:17:50.390000,11758.78,11695,51,11700,62962,11690,21283,11685,15436
2020-06-03 09:17:51.420000,11753.79,11695,5170,11700,63962,11690,21283,11685,15436
2020-06-03 09:17:52.470000,11753.79,11700,63962,11705,8939,11690,21283,11685,15436
2020-06-03 09:17:53.510000,11753.79,11700,63962,11705,6908,11690,21283,11685,15436
2020-06-03 09:17:54.590000,11753.79,11695,1000,11700,63962,11690,21283,11685,15436
2020-06-03 09:17:55.060000,11753.79,11700,63962,11705,6908,11695,1023,11690,21283
2020-06-03 09:17:56.170000,11753.79,11700,63962,11705,6908,11695,1123,11690,21283
2020-06-03 09:17:57.180000,11753.79,11700,63962,11705,6908,11690,21283,11685,15436
2020-06-03 09:17:58.200000,11753.79,11695,618,11700,63962,11690,21283,11685,15436
2020-06-03 09:17:58.700000,11753.79,11700,63962,11705,6908,11690,21283,11685,15436
2020-06-03 09:17:59.780000,11753.79,11700,62864,11705,6908,11695,17365,11690,11283
2020-06-03 09:18:00.920000,11753.79,11700,51938,11705,6908,11695,18785,11690,9783
2020-06-03 09:18:01.950000,11754.79,11700,51938,11705,6908,11695,18785,11690,9783
2020-06-03 09:18:02.950000,11754.79,11700,50935,11705,6908,11695,18785,11690,9783
2020-06-03 09:18:04.570000,11754.79,11700,49932,11705,6908,11695,18485,11690,9783
2020-06-03 09:18:05.570000,11754.79,11700,49932,11705,6908,11695,18485,11690,9783
2020-06-03 09:18:06.620000,11754.79,11700,49932,11705,6908,11695,16985,11690,11283
2020-06-03 09:18:07.650000,11754.79,11700,49956,11705,6908,11695,16985,11690,11283
2020-06-03 09:18:08.650000,11754.79,11700,50036,11705,6908,11695,16945,11690,11283
2020-06-03 09:18:09.730000,11754.79,11705,6708,11710,10646,11700,700,11695,11025
2020-06-03 09:18:10.710000,11758.81,11705,11083,11710,10646,11700,293,11695,11025
2020-06-03 09:18:11.800000,11758.81,11705,11083,11710,10646,11695,18525,11690,9783
2020-06-03 09:18:12.880000,11758.81,11705,11083,11710,10646,11695,18528,11690,9783
2020-06-03 09:18:13.900000,11758.81,11705,11083,11710,10646,11695,18528,11690,9783
2020-06-03 09:18:14.930000,11758.81,11705,11083,11710,12659,11695,18533,11690,9783
2020-06-03 09:18:15.930000,11758.81,11700,6960,11705,11083,11695,17053,11690,11283
2020-06-03 09:18:17.020000,11758.81,11700,7857,11705,11083,11695,11593,11690,9783
2020-06-03 09:18:17.570000,11758.81,11700,5957,11705,11083,11695,93,11690,21283
2020-06-03 09:18:18.570000,11758.81,11700,8057,11705,11083,11695,17053,11690,11283
2020-06-03 09:18:19.660000,11758.81,11700,2100,11705,11083,11695,17053,11690,11283
2020-06-03 09:18:20.300000,11758.81,11700,8057,11705,11083,11695,93,11690,21303
2020-06-03 09:18:21.300000,11758.0,11700,9057,11705,11083,11690,21303,11685,12187
2020-06-03 09:18:22.270000,11758.0,11700,9057,11705,11083,11695,65,11690,19503
2020-06-03 09:18:23.320000,11758.0,11700,9057,11705,11083,11695,65,11690,19503
2020-06-03 09:18:24.320000,11758.0,11700,9057,11705,11083,11695,65,11690,19503
2020-06-03 09:18:25.330000,11758.0,11700,9057,11705,11083,11690,19503,11685,12207
2020-06-03 09:18:25.800000,11758.0,11700,9058,11705,11083,11695,65,11690,19503
2020-06-03 09:18:27.000000,11758.0,11700,9058,11705,11083,11695,65,11690,19503
2020-06-03 09:18:28.050000,11758.0,11700,9058,11705,11083,11695,65,11690,20503
2020-06-03 09:18:29.100000,11758.0,11700,9058,11705,11083,11690,20503,11685,12207
2020-06-03 09:18:30.110000,11758.0,11700,9060,11705,11083,11695,65,11690,20503
2020-06-03 09:18:31.690000,11758.96,11700,9060,11705,11083,11695,10065,11690,10508
2020-06-03 09:18:32.750000,11758.96,11700,9059,11705,11083,11695,65,11690,20508
2020-06-03 09:18:33.810000,11758.96,11700,9059,11705,11083,11695,9450,11690,10508
2020-06-03 09:18:34.840000,11758.96,11700,8759,11705,11083,11695,17910,11690,9008
2020-06-03 09:18:35.940000,11758.96,11700,2802,11705,11083,11695,17975,11690,9008
2020-06-03 09:18:37.000000,11758.96,11705,11083,11710,10646,11695,17975,11690,9008
2020-06-03 09:18:38.050000,11758.96,11705,11083,11710,10646,11695,17975,11690,9008
2020-06-03 09:18:39.110000,11758.96,11705,11083,11710,10646,11695,17975,11690,9008
2020-06-03 09:18:40.170000,11758.96,11705,11083,11710,10646,11695,17975,11690,9008
2020-06-03 09:18:40.800000,11758.96,11700,5957,11705,11083,11695,17975,11690,9008
2020-06-03 09:18:41.760000,11762.24,11700,7957,11705,11083,11695,65,11690,19958
2020-06-03 09:18:42.870000,11762.24,11700,7957,11705,11083,11695,9515,11690,10508
2020-06-03 09:18:43.870000,11762.24,11700,5957,11705,11083,11695,16475,11690,10508
2020-06-03 09:18:44.840000,11762.24,11705,11083,11710,10646,11695,17975,11690,9008
2020-06-03 09:18:45.860000,11762.24,11705,11083,11710,12659,11695,17975,11690,9008
2020-06-03 09:18:46.920000,11762.24,11705,11083,11710,10646,11695,17975,11690,9008
2020-06-03 09:18:47.470000,11762.24,11705,11083,11710,10646,11695,18231,11690,9008
2020-06-03 09:18:48.500000,11762.24,11705,11083,11710,10646,11700,344,11695,18231
2020-06-03 09:18:49.540000,11762.24,11705,11083,11710,10646,11700,344,11695,18231
2020-06-03 09:18:50.060000,11762.24,11705,8583,11710,10646,11700,2344,11695,18231
2020-06-03 09:18:51.150000,11762.24,11705,10583,11710,10646,11700,1644,11695,18231
2020-06-03 09:18:52.180000,11764.19,11705,8583,11710,10646,11700,1944,11695,18231
2020-06-03 09:18:53.240000,11764.19,11705,8583,11710,10646,11700,2344,11695,18231
2020-06-03 09:18:54.240000,11764.19,11705,8583,11710,10646,11700,19179,11695,8781
2020-06-03 09:18:55.310000,11764.19,11705,8583,11710,10646,11700,19179,11695,8781
2020-06-03 09:18:56.340000,11764.19,11705,9580,11710,10646,11700,771,11695,18231
2020-06-03 09:18:56.870000,11764.19,11705,7581,11710,10646,11700,771,11695,18231
2020-06-03 09:18:57.950000,11764.19,11705,7581,11710,10646,11700,19179,11695,8781
2020-06-03 09:18:58.960000,11764.19,11705,1001,11710,10646,11700,19179,11695,8781
2020-06-03 09:18:59.570000,11764.19,11705,9581,11710,10646,11700,9729,11695,18231
2020-06-03 09:19:00.600000,11764.19,11705,9581,11710,10646,11700,771,11695,18231
2020-06-03 09:19:01.590000,11765.05,11705,9581,11710,10646,11700,1171,11695,18241
2020-06-03 09:19:02.660000,11765.05,11705,9581,11710,10646,11700,771,11695,18241
2020-06-03 09:19:03.680000,11765.05,11700,8857,11705,9581,11695,331,11690,19958
2020-06-03 09:19:04.680000,11765.05,11700,7854,11705,9631,11695,331,11690,19958
2020-06-03 09:19:05.770000,11765.05,11700,7854,11705,9631,11695,2331,11690,19958
2020-06-03 09:19:06.720000,11765.05,11700,7854,11705,9631,11695,331,11690,19958
2020-06-03 09:19:07.370000,11765.05,11700,7854,11705,9631,11695,13181,11690,9008
2020-06-03 09:19:08.380000,11765.05,11700,4854,11705,9631,11695,20141,11690,9008
2020-06-03 09:19:09.360000,11765.05,11705,9631,11710,10696,11695,20140,11690,9008
2020-06-03 09:19:10.430000,11765.05,11705,8631,11710,10696,11695,20140,11690,9008
2020-06-03 09:19:11.460000,11769.31,11705,2239,11710,11196,11700,18908,11695,11190
2020-06-03 09:19:11.960000,11769.31,11705,50,11710,11196,11700,20408,11695,9434
2020-06-03 09:19:13.000000,11769.31,11705,4578,11710,11496,11700,20408,11695,9434
2020-06-03 09:19:14.050000,11769.31,11710,11496,11715,10454,11700,20408,11695,9434
2020-06-03 09:19:14.570000,11769.31,11710,11496,11715,10454,11700,20408,11695,9434
2020-06-03 09:19:15.600000,11769.31,11710,11496,11715,12466,11700,18908,11695,10934
2020-06-03 09:19:16.630000,11769.31,11710,11496,11715,10454,11700,20408,11695,9434
2020-06-03 09:19:17.660000,11769.31,11710,11496,11715,12466,11700,18908,11695,10934
2020-06-03 09:19:18.720000,11769.31,11710,11496,11715,12466,11700,18908,11695,10934
2020-06-03 09:19:19.160000,11769.31,11710,11496,11715,12466,11700,20408,11695,9434
2020-06-03 09:19:20.310000,11769.31,11710,11496,11715,12466,11700,20408,11695,9434
2020-06-03 09:19:21.360000,11769.31,11710,11496,11715,12466,11700,18908,11695,10934
2020-06-03 09:19:21.770000,11770.18,11705,489,11710,11496,11700,500,11695,20384
2020-06-03 09:19:22.950000,11770.18,11705,8167,11710,11496,11700,700,11695,20384
2020-06-03 09:19:23.980000,11770.18,11705,8167,11710,11496,11700,500,11695,20384
2020-06-03 09:19:24.560000,11770.18,11705,8167,11710,11496,11700,500,11695,20384
2020-06-03 09:19:25.530000,11770.18,11705,8167,11710,11496,11695,20384,11690,9008
2020-06-03 09:19:26.530000,11770.18,11705,7678,11710,11496,11700,2937,11695,20384
2020-06-03 09:19:27.090000,11770.18,11705,7678,11710,11496,11695,20384,11690,9008
2020-06-03 09:19:28.160000,11770.18,11705,7678,11710,11496,11695,20384,11690,9008
2020-06-03 09:19:29.200000,11770.18,11705,7667,11710,11496,11700,16493,11695,10934
2020-06-03 09:19:30.250000,11770.18,11705,2111,11710,11496,11700,16493,11695,10934
2020-06-03 09:19:31.280000,11770.18,11705,2111,11710,11496,11700,16493,11695,10934
2020-06-03 09:19:33.870000,11771.25,11710,11496,11715,11988,11700,17694,11695,9434
2020-06-03 09:19:34.870000,11771.25,11710,11496,11715,11988,11700,17694,11695,9434
2020-06-03 09:19:35.930000,11771.25,11710,11496,11715,11988,11700,16194,11695,10934
2020-06-03 09:19:36.980000,11771.25,11705,1011,11710,11496,11700,86,11695,20084
2020-06-03 09:19:38.000000,11771.25,11705,5578,11710,11496,11700,2186,11695,20084
2020-06-03 09:19:39.030000,11771.25,11705,6278,11710,11496,11700,18294,11695,10934
2020-06-03 09:19:39.370000,11771.25,11705,5578,11710,11496,11700,18294,11695,10934
2020-06-03 09:19:40.270000,11771.25,11705,5493,11710,11496,11700,18292,11695,10934
2020-06-03 09:19:41.190000,11775.69,11710,10496,11715,11988,11700,19792,11695,9434
2020-06-03 09:19:45.440000,11775.69,11705,1000,11710,11496,11700,2184,11695,20084
2020-06-03 09:19:45.960000,11775.69,11705,8593,11710,11496,11700,84,11695,20084
2020-06-03 09:19:47.020000,11775.69,11705,8593,11710,11496,11695,20084,11690,9008
2020-06-03 09:19:48.170000,11775.69,11705,7593,11710,11496,11700,344,11695,18184
2020-06-03 09:19:49.170000,11775.69,11700,7460,11705,8593,11695,574,11690,19658
2020-06-03 09:19:50.170000,11775.69,11700,9560,11705,8593,11690,19658,11685,13207
2020-06-03 09:19:51.200000,11772.47,11700,9560,11705,8593,11695,64,11690,19658
2020-06-03 09:19:52.250000,11772.47,11700,9560,11705,8593,11690,19658,11685,13207
2020-06-03 09:19:53.290000,11772.47,11700,9560,11705,8593,11690,19658,11685,13207
2020-06-03 09:19:53.900000,11772.47,11700,9560,11705,8593,11695,64,11690,19658
2020-06-03 09:19:54.870000,11772.47,11700,10560,11705,8593,11690,19658,11685,13217
2020-06-03 09:19:55.890000,11772.47,11700,10560,11705,8593,11695,64,11690,19658
2020-06-03 09:19:56.960000,11772.47,11700,10565,11705,8593,11690,19658,11685,13217
2020-06-03 09:19:58.010000,11772.47,11700,10565,11705,8593,11695,64,11690,19668
2020-06-03 09:19:59.040000,11772.47,11700,10565,11705,8593,11690,19668,11685,13217
2020-06-03 09:19:59.490000,11772.47,11700,9565,11705,8593,11695,64,11690,19668
2020-06-03 09:20:00.650000,11772.47,11700,1305,11705,8593,11695,16110,11690,10518
2020-06-03 09:20:01.780000,11768.52,11700,11065,11705,9082,11695,17674,11690,9018
2020-06-03 09:20:02.870000,11768.52,11700,4103,11705,9082,11695,16174,11690,10518
2020-06-03 09:20:03.760000,11768.52,11700,4103,11705,9082,11695,17674,11690,9018
2020-06-03 09:20:06.400000,11768.52,11700,2003,11705,9082,11695,17674,11690,9018
2020-06-03 09:20:07.480000,11768.52,11700,4103,11705,9082,11695,17674,11690,9018
2020-06-03 09:20:08.070000,11768.52,11700,10060,11705,9082,11695,17674,11690,9018
2020-06-03 09:20:09.010000,11768.52,11700,3100,11705,9082,11695,17674,11690,9018
2020-06-03 09:20:10.090000,11768.52,11700,10560,11705,9082,11690,21768,11685,13217
2020-06-03 09:20:11.120000,11766.6,11700,10560,11705,11095,11690,19668,11685,13217
2020-06-03 09:20:17.100000,11766.6,11695,8460,11700,10560,11690,11208,11685,14717
2020-06-03 09:20:18.170000,11766.6,11690,5915,11695,10560,11685,21252,11680,9519
2020-06-03 09:20:19.110000,11766.6,11690,11525,11695,10560,11685,11156,11680,11019
2020-06-03 09:20:20.150000,11766.6,11690,11525,11695,10560,11685,11156,11680,11019
2020-06-03 09:20:21.140000,11766.6,11690,11025,11695,10560,11685,12656,11680,9519
2020-06-03 09:20:22.200000,11758.27,11695,10560,11700,10560,11690,1000,11685,19616
2020-06-03 09:20:23.280000,11758.27,11695,10560,11700,10560,11690,1000,11685,19616
2020-06-03 09:20:23.870000,11758.27,11695,8460,11700,10560,11690,19310,11685,10466
2020-06-03 09:20:24.870000,11758.27,11695,10660,11700,10560,11690,7960,11685,19616
2020-06-03 09:20:25.890000,11758.27,11695,8860,11700,10560,11690,7960,11685,19616
2020-06-03 09:20:26.870000,11758.27,11695,1000,11700,10560,11690,18610,11685,8966
2020-06-03 09:20:28.010000,11758.27,11695,2700,11700,10560,11690,18610,11685,8966
2020-06-03 09:20:28.570000,11758.27,11695,2700,11700,10560,11690,18610,11685,8966
2020-06-03 09:20:29.600000,11758.27,11695,2200,11700,10560,11690,17110,11685,10466
2020-06-03 09:20:30.670000,11758.27,11695,9660,11700,10560,11690,7960,11685,19616
2020-06-03 09:20:31.700000,11758.6,11695,9660,11700,10561,11690,10150,11685,10466
2020-06-03 09:20:32.760000,11758.6,11700,10561,11705,11095,11690,18610,11685,8966
2020-06-03 09:20:33.760000,11758.6,11700,10561,11705,9082,11690,18610,11685,8966
2020-06-03 09:20:34.870000,11758.6,11695,539,11700,10561,11690,18610,11685,8966
2020-06-03 09:20:35.900000,11758.6,11695,2739,11700,10561,11690,18610,11685,8966
2020-06-03 09:20:36.940000,11758.6,11695,10199,11700,10561,11690,7960,11685,19616
2020-06-03 09:20:37.910000,11758.6,11695,10199,11700,10561,11690,1000,11685,19616
2020-06-03 09:20:38.370000,11758.6,11695,10199,11700,10561,11690,1000,11685,19616
2020-06-03 09:20:39.570000,11758.6,11695,11199,11700,10561,11690,1000,11685,19616
2020-06-03 09:20:40.160000,11758.6,11695,11199,11700,10561,11690,1000,11685,19616
2020-06-03 09:20:41.070000,11758.6,11695,11199,11700,10561,11690,95,11685,19616
2020-06-03 09:20:42.160000,11752.82,11690,1001,11695,11199,11685,18716,11680,9539
2020-06-03 09:20:43.130000,11752.82,11690,9214,11695,11199,11685,17216,11680,11039
2020-06-03 09:20:44.660000,11752.82,11690,9214,11695,11199,11685,10256,11680,11039
2020-06-03 09:20:45.770000,11752.82,11690,9714,11695,11199,11685,1042,11680,20189
2020-06-03 09:20:46.790000,11752.82,11685,6445,11690,9714,11680,20189,11675,9375
2020-06-03 09:20:47.270000,11752.82,11685,4942,11690,9714,11680,13282,11675,9375
2020-06-03 09:20:48.070000,11752.82,11685,5822,11690,9714,11680,11782,11675,10875
2020-06-03 09:20:49.060000,11752.82,11685,5822,11690,9714,11680,2632,11675,20025
2020-06-03 09:20:49.960000,11752.82,11685,5822,11690,9714,11680,13882,11675,10875
2020-06-03 09:20:51.070000,11752.82,11685,3722,11690,9714,11680,13160,11675,10875
2020-06-03 09:20:52.140000,11747.87,11685,3222,11690,9714,11680,21567,11675,9375
2020-06-03 09:20:53.150000,11747.87,11685,9560,11690,9714,11680,20132,11675,10875
2020-06-03 09:20:53.650000,11747.87,11685,9560,11690,9714,11680,1975,11675,20025
2020-06-03 09:20:54.730000,11747.87,11685,10560,11690,9714,11680,1975,11675,20025
2020-06-03 09:20:55.790000,11747.87,11685,10560,11690,9714,11675,20025,11670,9476
2020-06-03 09:20:56.820000,11747.87,11685,10560,11690,9714,11675,20090,11670,9476
2020-06-03 09:20:57.870000,11747.87,11685,10560,11690,11719,11675,20090,11670,9476
2020-06-03 09:20:58.260000,11747.87,11685,10560,11690,9714,11675,20190,11670,9476
2020-06-03 09:20:59.430000,11747.87,11690,9714,11695,13214,11680,17387,11675,11740
2020-06-03 09:21:00.450000,11747.87,11690,9714,11695,11199,11680,17387,11675,11740
2020-06-03 09:21:01.460000,11747.87,11685,500,11690,9714,11680,15887,11675,13240
2020-06-03 09:21:02.490000,11746.17,11685,6960,11690,9714,11680,15887,11675,13240
2020-06-03 09:21:03.550000,11746.17,11685,2100,11690,9714,11680,6737,11675,20190
2020-06-03 09:21:04.070000,11746.17,11685,9119,11690,9714,11680,6737,11675,20190
2020-06-03 09:21:05.150000,11746.17,11690,9714,11695,10699,11680,17387,11675,9540
2020-06-03 09:21:06.160000,11746.17,11690,9714,11695,12818,11680,15887,11675,11040
2020-06-03 09:21:07.210000,11746.17,11690,9714,11695,12818,11680,15887,11675,11040
2020-06-03 09:21:07.660000,11746.17,11690,9714,11695,12818,11680,17387,11675,9540
2020-06-03 09:21:08.790000,11746.17,11690,9714,11695,12818,11680,17387,11675,9540
2020-06-03 09:21:09.820000,11746.17,11690,9714,11695,12704,11680,17367,11675,9540
2020-06-03 09:21:10.270000,11746.17,11690,9714,11695,12704,11680,15867,11675,11040
2020-06-03 09:21:11.160000,11757.77,11690,8714,11695,12704,11680,16866,11675,11040
2020-06-03 09:21:12.060000,11757.77,11690,8714,11695,12704,11680,18366,11675,9540
2020-06-03 09:21:13.000000,11757.77,11690,8844,11695,10699,11685,1,11680,19166
2020-06-03 09:21:14.090000,11757.77,11690,8781,11695,10699,11685,8161,11680,19166
2020-06-03 09:21:15.060000,11757.77,11690,7942,11695,10699,11685,8161,11680,19166
2020-06-03 09:21:16.090000,11757.77,11690,8185,11695,10699,11685,8161,11680,19166
2020-06-03 09:21:16.470000,11757.77,11690,8885,11695,12704,11685,1,11680,19176
2020-06-03 09:21:17.370000,11757.77,11690,8885,11695,10699,11685,1,11680,19176
2020-06-03 09:21:18.270000,11757.77,11690,8385,11695,11199,11685,1,11680,19276
2020-06-03 09:21:19.860000,11757.77,11690,8385,11695,11199,11685,101,11680,19276
2020-06-03 09:21:20.850000,11757.77,11690,6985,11695,11199,11685,16811,11680,10126
2020-06-03 09:21:21.910000,11759.71,11690,2282,11695,11199,11685,7661,11680,19276
2020-06-03 09:21:22.360000,11759.71,11690,400,11695,11199,11685,19911,11680,8626
2020-06-03 09:21:23.490000,11759.71,11695,11199,11700,13075,11685,19911,11680,8626
2020-06-03 09:21:24.550000,11759.71,11690,1000,11695,11199,11685,19911,11680,8626
2020-06-03 09:21:24.970000,11759.71,11695,11199,11700,13075,11685,21311,11680,8626
2020-06-03 09:21:27.270000,11759.71,11690,1000,11695,11199,11685,19811,11680,10126
2020-06-03 09:21:28.220000,11759.71,11690,1000,11695,11199,11685,22811,11680,10126
2020-06-03 09:21:29.310000,11759.71,11690,1800,11695,11199,11685,22811,11680,10126
2020-06-03 09:21:30.240000,11759.71,11690,8210,11695,11004,11685,4501,11680,19276
2020-06-03 09:21:31.300000,11757.07,11685,1186,11690,9210,11680,17777,11675,10940
2020-06-03 09:21:31.770000,11757.07,11685,2200,11690,9710,11680,17777,11675,10940
2020-06-03 09:21:32.950000,11757.07,11685,9160,11690,9710,11680,8627,11675,20090
2020-06-03 09:21:33.560000,11757.07,11685,9160,11690,9710,11680,8627,11675,20090
2020-06-03 09:21:34.550000,11757.07,11685,9160,11690,9710,11680,4110,11675,20090
2020-06-03 09:21:37.000000,11757.07,11685,9160,11690,9710,11680,4110,11675,20090
2020-06-03 09:21:38.170000,11757.07,11685,9160,11690,9710,11680,13270,11675,20090
2020-06-03 09:21:38.560000,11757.07,11685,9163,11690,9710,11680,4110,11675,20090
2020-06-03 09:21:39.360000,11757.07,11685,9163,11690,11773,11680,4110,11675,20090
2020-06-03 09:21:40.310000,11757.07,11685,10163,11690,11773,11680,2550,11675,20090
2020-06-03 09:21:41.390000,11752.99,11680,6032,11685,10163,11675,18590,11670,10981
2020-06-03 09:21:42.390000,11752.99,11680,6532,11685,10163,11675,155,11670,20131
2020-06-03 09:21:43.450000,11752.99,11680,6532,11685,10163,11675,7113,11670,20131
2020-06-03 09:21:44.540000,11752.99,11680,6532,11685,10163,11675,19198,11670,10981
2020-06-03 09:21:44.970000,11752.99,11680,5982,11685,10163,11675,19198,11670,10981
2020-06-03 09:21:46.080000,11752.99,11685,10163,11690,11773,11675,20698,11670,9481
2020-06-03 09:21:47.700000,11752.99,11685,10163,11690,11773,11680,1000,11675,20698
2020-06-03 09:21:48.670000,11752.99,11685,8863,11690,11773,11680,4920,11675,20701
2020-06-03 09:21:49.180000,11752.99,11685,8963,11690,11773,11680,2720,11675,20701
2020-06-03 09:21:50.290000,11752.99,11685,10163,11690,11773,11680,2720,11675,20701
2020-06-03 09:21:51.280000,11749.29,11685,10163,11690,11773,11680,1720,11675,20701
2020-06-03 09:21:52.320000,11749.29,11685,10163,11690,11773,11680,1720,11675,20701
2020-06-03 09:21:53.950000,11749.29,11680,6514,11685,10163,11675,8051,11670,20131
2020-06-03 09:21:54.990000,11749.29,11680,6014,11685,10163,11675,10251,11670,20131
2020-06-03 09:21:56.040000,11749.29,11680,7014,11685,10163,11675,8051,11670,20131
2020-06-03 09:21:57.020000,11749.29,11680,7014,11685,10163,11675,8051,11670,20131
2020-06-03 09:21:57.400000,11749.29,11680,8714,11685,10163,11675,1093,11670,20131
2020-06-03 09:21:58.360000,11749.29,11680,8714,11685,12169,11675,3293,11670,20621
2020-06-03 09:21:59.360000,11749.29,11680,8714,11685,12169,11675,1093,11670,20621
2020-06-03 09:22:00.350000,11749.29,11680,6514,11685,10163,11675,19401,11670,11471
2020-06-03 09:22:01.380000,11745.5,11680,8714,11685,10163,11675,10251,11670,20621
2020-06-03 09:22:02.380000,11745.5,11680,8714,11685,10163,11675,10251,11670,20621
2020-06-03 09:22:03.520000,11745.5,11680,8714,11685,12169,11675,1093,11670,20621
2020-06-03 09:22:03.890000,11745.5,11680,8714,11685,12169,11675,1093,11670,20621
2020-06-03 09:22:05.080000,11745.5,11680,7714,11685,12169,11675,1095,11670,20621
2020-06-03 09:22:06.100000,11745.5,11680,7714,11685,10163,11675,1095,11670,20621
2020-06-03 09:22:07.130000,11745.5,11680,7714,11685,10163,11675,1095,11670,20621
2020-06-03 09:22:07.560000,11745.5,11680,7714,11685,12226,11675,1095,11670,20621
2020-06-03 09:22:08.720000,11745.5,11680,7714,11685,12226,11675,95,11670,19121
2020-06-03 09:22:09.200000,11745.5,11680,7714,11685,15226,11670,595,11665,21471
2020-06-03 09:22:10.280000,11745.5,11680,7714,11685,15226,11670,2795,11665,21471
2020-06-03 09:22:11.390000,11745.5,11680,9721,11685,15226,11670,795,11665,21471
2020-06-03 09:22:11.970000,11743.72,11670,32,11675,1000,11665,11350,11660,10861
2020-06-03 09:22:12.920000,11743.72,11670,6992,11675,10073,11665,1000,11660,18053
2020-06-03 09:22:13.970000,11743.72,11670,8391,11675,10073,11660,21153,11655,9183
2020-06-03 09:22:15.030000,11743.72,11670,9045,11675,10073,11660,21153,11655,9183
2020-06-03 09:22:15.470000,11743.72,11670,7945,11675,10073,11660,19653,11655,10683
2020-06-03 09:22:16.590000,11743.72,11670,6945,11675,10073,11665,1000,11660,21153
2020-06-03 09:22:17.650000,11743.72,11670,8945,11675,10073,11660,19653,11655,10683
2020-06-03 09:22:18.060000,11743.72,11670,8945,11675,10073,11660,21253,11655,9183
2020-06-03 09:22:19.250000,11743.72,11670,6945,11675,10073,11665,1000,11660,19753
2020-06-03 09:22:19.890000,11743.72,11670,6945,11675,10073,11660,21253,11655,9183
2020-06-03 09:22:20.870000,11743.72,11670,6945,11675,10073,11665,1000,11660,21253
2020-06-03 09:22:21.870000,11739.33,11670,6945,11675,10073,11665,2800,11660,21253
2020-06-03 09:22:24.260000,11739.33,11670,5945,11675,10073,11665,20410,11660,10603
2020-06-03 09:22:25.160000,11739.33,11675,6960,11680,8682,11670,5945,11665,20412
2020-06-03 09:22:26.070000,11739.33,11675,6960,11680,8682,11670,5945,11665,20412
2020-06-03 09:22:27.130000,11739.33,11675,6960,11680,10738,11670,6945,11665,20412
2020-06-03 09:22:27.690000,11739.33,11675,6960,11680,10738,11670,6945,11665,20412
2020-06-03 09:22:28.760000,11739.33,11675,10160,11680,10738,11665,20814,11660,10606
2020-06-03 09:22:29.360000,11739.33,11675,10160,11680,10738,11665,21814,11660,10606
2020-06-03 09:22:30.330000,11739.33,11675,7960,11680,10738,11665,21814,11660,10606
2020-06-03 09:22:31.350000,11746.47,11675,8460,11680,10738,11665,20314,11660,12112
2020-06-03 09:22:32.430000,11746.47,11675,9060,11680,10738,11665,20314,11660,12112
2020-06-03 09:22:32.960000,11746.47,11675,12215,11680,13738,11665,16164,11660,21262
2020-06-03 09:22:34.000000,11746.47,11675,7960,11680,10738,11665,25314,11660,12112
2020-06-03 09:22:35.020000,11746.47,11675,10160,11680,10738,11665,25314,11660,12112
2020-06-03 09:22:35.470000,11746.47,11675,12232,11680,13738,11665,18164,11660,21262
2020-06-03 09:22:36.270000,11746.47,11675,12232,11680,13738,11665,18164,11660,21257
2020-06-03 09:22:37.110000,11746.47,11675,10032,11680,10738,11665,27314,11660,12107
2020-06-03 09:22:38.140000,11746.47,11675,12332,11680,10738,11665,27314,11660,12107
2020-06-03 09:22:38.560000,11746.47,11675,10032,11680,10738,11665,27314,11660,12107
2020-06-03 09:22:39.720000,11746.47,11675,10732,11680,10738,11665,28814,11660,10607
2020-06-03 09:22:40.270000,11746.47,11675,9032,11680,10738,11665,28814,11660,10607
2020-06-03 09:22:41.250000,11746.47,11675,9032,11680,10738,11665,28814,11660,10657
2020-06-03 09:22:42.310000,11750.4,11675,9032,11680,10738,11670,6969,11665,28814
2020-06-03 09:22:42.690000,11750.4,11675,9032,11680,10738,11670,6969,11665,28814
2020-06-03 09:22:43.650000,11750.4,11680,10738,11685,15226,11670,9269,11665,28814
2020-06-03 09:22:44.670000,11750.4,11680,11738,11685,15226,11670,9269,11665,28814
2020-06-03 09:22:46.260000,11750.4,11680,9538,11685,12226,11670,19919,11665,18164
2020-06-03 09:22:47.240000,11750.4,11680,9538,11685,12226,11670,19919,11665,18164
2020-06-03 09:22:48.270000,11750.4,11680,9538,11685,12226,11670,21639,11665,18164
2020-06-03 09:22:49.260000,11750.4,11680,9538,11685,12226,11670,21639,11665,18164
2020-06-03 09:22:49.550000,11750.4,11680,7483,11685,12226,11670,21627,11665,18164
2020-06-03 09:22:50.370000,11750.4,11680,9506,11685,12226,11670,20027,11665,18164
2020-06-03 09:22:51.370000,11749.16,11680,9506,11685,12226,11670,20027,11665,18164
2020-06-03 09:22:52.370000,11749.16,11680,9506,11685,12226,11670,20027,11665,18164
2020-06-03 09:22:53.380000,11749.16,11680,11906,11685,12226,11670,18527,11665,19664
2020-06-03 09:22:53.760000,11749.16,11680,12006,11685,15226,11670,9377,11665,28814
2020-06-03 09:22:54.990000,11749.16,11680,9656,11685,12226,11670,18527,11665,19664
2020-06-03 09:22:55.490000,11749.16,11680,11856,11685,12226,11670,20027,11665,18164
2020-06-03 09:22:56.610000,11749.16,11680,11856,11685,12226,11670,20027,11665,18164
2020-06-03 09:22:57.630000,11749.16,11680,11856,11685,15226,11670,6977,11665,28814
2020-06-03 09:22:58.650000,11749.16,11680,11856,11685,12226,11670,18527,11665,19664
2020-06-03 09:22:59.080000,11749.16,11680,12156,11685,15226,11670,9377,11665,28814
2020-06-03 09:23:00.240000,11749.16,11680,12156,11685,15226,11670,9377,11665,28814
2020-06-03 09:23:01.240000,11750.71,11680,12156,11685,15226,11670,9377,11665,28814
2020-06-03 09:23:02.280000,11750.71,11680,12156,11685,12226,11670,18527,11665,19664
2020-06-03 09:23:02.770000,11750.71,11675,2090,11680,12156,11670,4120,11665,28814
2020-06-03 09:23:03.600000,11750.71,11675,12350,11680,15156,11670,1720,11665,18164
2020-06-03 09:23:04.460000,11750.71,11675,12350,11680,15156,11665,18464,11660,23307
2020-06-03 09:23:06.750000,11750.71,11670,1400,11675,11350,11665,27614,11660,14157
2020-06-03 09:23:07.630000,11750.71,11675,9050,11680,11206,11670,8757,11665,29114
2020-06-03 09:23:08.610000,11750.71,11675,4590,11680,11206,11670,8757,11665,29114
2020-06-03 09:23:09.700000,11750.71,11675,4590,11680,11206,11670,8757,11665,29114
2020-06-03 09:23:10.750000,11750.71,11675,4590,11680,11206,11670,8757,11665,29214
2020-06-03 09:23:11.160000,11752.95,11675,2500,11680,11206,11670,8757,11665,29214
2020-06-03 09:23:12.330000,11752.95,11680,11206,11685,12226,11670,17907,11665,20064
2020-06-03 09:23:13.370000,11752.95,11680,11206,11685,12226,11670,19407,11665,18564
2020-06-03 09:23:13.950000,11752.95,11680,11206,11685,12226,11670,19508,11665,18564
2020-06-03 09:23:15.060000,11752.95,11680,9183,11685,12226,11670,19508,11665,18564
2020-06-03 09:23:15.960000,11752.95,11680,11253,11685,12226,11670,18008,11665,20064
2020-06-03 09:23:17.070000,11752.95,11680,11253,11685,12226,11670,19508,11665,18564
2020-06-03 09:23:19.090000,11752.95,11680,11253,11685,12226,11670,18008,11665,20064
2020-06-03 09:23:19.560000,11752.95,11680,12253,11685,15226,11670,8858,11665,29214
2020-06-03 09:23:20.680000,11752.95,11680,12253,11685,15226,11670,8858,11665,29214
2020-06-03 09:23:21.730000,11751.49,11675,1000,11680,12253,11670,8858,11665,29214
2020-06-03 09:23:22.710000,11751.49,11675,10460,11680,12253,11670,6358,11665,29314
2020-06-03 09:23:23.050000,11751.49,11675,10460,11680,12253,11670,6358,11665,29314
2020-06-03 09:23:24.370000,11751.49,11675,10460,11680,12253,11670,7858,11665,29314
2020-06-03 09:23:24.790000,11751.49,11675,12474,11680,12253,11665,27814,11660,16157
2020-06-03 09:23:25.880000,11751.49,11675,12474,11680,12253,11670,500,11665,27814
2020-06-03 09:23:26.370000,11751.49,11675,12474,11680,15253,11665,18664,11660,25307
2020-06-03 09:23:27.520000,11751.49,11675,12474,11680,12253,11665,29314,11660,14607
2020-06-03 09:23:27.990000,11751.49,11680,12253,11685,15226,11670,5257,11665,29314
2020-06-03 09:23:29.100000,11751.49,11680,12253,11685,12226,11670,17007,11665,20164
2020-06-03 09:23:30.100000,11751.49,11680,6683,11685,12226,11670,18507,11665,18664
2020-06-03 09:23:32.240000,11751.67,11680,6683,11685,12226,11670,18506,11665,18664
2020-06-03 09:23:33.250000,11751.67,11680,2201,11685,11226,11675,11850,11670,9358
2020-06-03 09:23:33.680000,11751.67,11685,8975,11690,11351,11680,7960,11675,18808
2020-06-03 09:23:34.860000,11751.67,11685,6963,11690,11351,11680,8960,11675,20308
2020-06-03 09:23:35.390000,11751.67,11685,3,11690,8210,11680,8960,11675,20308
2020-06-03 09:23:36.380000,11751.67,11685,3,11690,10336,11680,11460,11675,20308
2020-06-03 09:23:37.460000,11751.67,11690,10836,11695,12510,11680,11460,11675,20308
2020-06-03 09:23:38.490000,11751.67,11690,10836,11695,12510,11680,11460,11675,20308
2020-06-03 09:23:38.970000,11751.67,11690,10836,11695,12510,11680,11460,11675,20308
2020-06-03 09:23:40.030000,11751.67,11690,10336,11695,9510,11680,20610,11675,11158
2020-06-03 09:23:40.560000,11751.67,11690,10336,11695,9510,11680,22110,11675,9658
2020-06-03 09:23:41.670000,11759.75,11690,8239,11695,9510,11680,22110,11675,9658
2020-06-03 09:23:42.700000,11759.75,11690,6113,11695,9510,11680,22110,11675,9661
2020-06-03 09:23:43.060000,11759.75,11690,6113,11695,9510,11680,22110,11675,10060
2020-06-03 09:23:43.780000,11759.75,11690,8813,11695,9510,11680,22110,11675,10060
2020-06-03 09:23:44.880000,11759.75,11690,6213,11695,9510,11680,22110,11675,10060
2020-06-03 09:23:46.470000,11759.75,11690,8913,11695,9510,11680,22110,11675,10060
2020-06-03 09:23:47.530000,11759.75,11690,11925,11695,9510,11680,19560,11675,10060
2020-06-03 09:23:48.580000,11759.75,11685,1000,11690,11925,11680,10630,11675,21710
2020-06-03 09:23:49.060000,11759.75,11685,10659,11690,11925,11680,10630,11675,21710
2020-06-03 09:23:50.140000,11759.75,11680,2700,11685,12671,11675,22311,11670,10517
2020-06-03 09:23:51.200000,11759.75,11680,8170,11685,12671,11675,8961,11670,19608
2020-06-03 09:23:51.760000,11750.77,11680,9170,11685,12671,11675,2003,11670,19608
2020-06-03 09:23:52.790000,11750.77,11680,6482,11685,12671,11675,17111,11670,10458
2020-06-03 09:23:53.810000,11750.77,11685,12671,11690,11925,11680,1000,11675,18111
2020-06-03 09:23:54.860000,11750.77,11685,12672,11690,11925,11680,1060,11675,18111
2020-06-03 09:23:55.260000,11750.77,11685,10660,11690,11925,11680,1060,11675,18111
2020-06-03 09:23:56.970000,11750.77,11680,1900,11685,12672,11675,18111,11670,10458
2020-06-03 09:23:57.960000,11750.77,11685,12672,11690,14925,11675,8961,11670,19608
2020-06-03 09:23:59.060000,11750.77,11685,12672,11690,14925,11675,8961,11670,19608
2020-06-03 09:23:59.430000,11750.77,11685,12672,11690,11925,11675,18111,11670,10458
2020-06-03 09:24:00.540000,11750.77,11685,10660,11690,11925,11675,19611,11670,8958
2020-06-03 09:24:01.680000,11745.16,11685,12730,11690,11925,11675,19611,11670,8958
2020-06-03 09:24:02.260000,11745.16,11685,12730,11690,14925,11675,3807,11670,19608
2020-06-03 09:24:03.210000,11745.16,11680,11195,11685,12730,11670,19608,11665,15622
2020-06-03 09:24:04.240000,11745.16,11680,11734,11685,15730,11670,6358,11665,26272
2020-06-03 09:24:05.270000,11745.16,11675,1000,11680,11734,11670,1102,11665,26272
2020-06-03 09:24:05.670000,11745.16,11675,10660,11680,11734,11670,26102,11665,26272
2020-06-03 09:24:06.460000,11745.16,11675,12674,11680,11734,11670,26102,11665,22814
2020-06-03 09:24:07.460000,11745.16,11675,12674,11680,11734,11670,23500,11665,24314
2020-06-03 09:24:08.490000,11745.16,11675,10660,11680,11734,11670,23500,11665,24314
2020-06-03 09:24:08.870000,11745.16,11675,10660,11680,11734,11670,28756,11665,24314
2020-06-03 09:24:10.100000,11745.16,11675,12673,11680,11734,11670,23486,11665,22814
2020-06-03 09:24:10.570000,11745.16,11675,12674,11680,11734,11670,23486,11665,22814
2020-06-03 09:24:11.630000,11737.64,11675,12674,11680,11734,11670,23486,11665,22814
2020-06-03 09:24:12.290000,11737.64,11675,12674,11680,11734,11670,23486,11665,24314
2020-06-03 09:24:13.240000,11737.64,11675,12674,11680,11734,11670,23486,11665,22814
2020-06-03 09:24:14.260000,11737.64,11675,12674,11680,14734,11670,22077,11665,13664
2020-06-03 09:24:14.760000,11737.64,11670,1000,11675,12674,11665,13064,11660,22257
2020-06-03 09:24:15.550000,11737.64,11675,12674,11680,14734,11665,13064,11660,22257
2020-06-03 09:24:16.320000,11737.64,11670,5945,11675,12674,11665,6104,11660,22257
2020-06-03 09:24:17.410000,11737.64,11670,8499,11675,12674,11665,4304,11660,20757
2020-06-03 09:24:17.760000,11737.64,11670,11499,11675,12674,11665,4304,11660,20757
2020-06-03 09:24:18.570000,11737.64,11670,10499,11675,15674,11665,4304,11660,11607
2020-06-03 09:24:19.540000,11737.64,11670,12499,11675,15674,11665,5000,11660,9407
2020-06-03 09:24:20.070000,11737.64,11670,9499,11675,15674,11660,10407,11655,19622
2020-06-03 09:24:21.080000,11732.68,11670,10499,11675,15674,11660,10407,11655,19622
2020-06-03 09:24:21.660000,11732.68,11665,1000,11670,12399,11660,10407,11655,19622
2020-06-03 09:24:22.680000,11732.68,11665,5030,11670,12399,11660,10507,11655,19622
2020-06-03 09:24:23.160000,11732.68,11665,1000,11670,9499,11660,10507,11655,19622
2020-06-03 09:24:24.280000,11732.68,11665,1000,11670,9499,11660,12507,11655,18122
2020-06-03 09:24:24.770000,11732.68,11670,9499,11675,15674,11660,12507,11655,19622
2020-06-03 09:24:25.770000,11732.68,11665,1000,11670,9499,11660,12507,11655,19622
2020-06-03 09:24:26.830000,11732.68,11665,1000,11670,9499,11660,11107,11655,19622
2020-06-03 09:24:27.020000,11732.68,11665,8960,11670,9499,11660,1644,11655,18122
2020-06-03 09:24:27.890000,11732.68,11665,8960,11670,9499,11660,3744,11655,18122
2020-06-03 09:24:28.880000,11732.68,11665,11014,11670,12499,11660,2100,11655,8972
2020-06-03 09:24:29.080000,11732.68,11665,8960,11670,12499,11655,7372,11650,32858
2020-06-03 09:24:29.970000,11732.68,11665,12114,11670,12499,11655,9472,11650,32858
2020-06-03 09:24:31.060000,11732.68,11665,8668,11670,9499,11660,1000,11655,18517
2020-06-03 09:24:31.560000,11727.67,11665,1708,11670,7484,11660,10185,11655,20017
2020-06-03 09:24:32.640000,11727.67,11670,9584,11675,15674,11665,999,11660,10185
2020-06-03 09:24:33.670000,11727.67,11665,1000,11670,11694,11660,10185,11655,20017
2020-06-03 09:24:34.270000,11727.67,11670,11637,11675,15674,11660,10185,11655,20017
2020-06-03 09:24:35.220000,11727.67,11665,1000,11670,11637,11660,10235,11655,20017
2020-06-03 09:24:36.220000,11727.67,11665,8460,11670,11637,11660,10235,11655,20017
2020-06-03 09:24:37.780000,11727.67,11665,8460,11670,11637,11660,10235,11655,20017
2020-06-03 09:24:38.250000,11727.67,11665,8460,11670,11637,11660,10235,11655,20017
2020-06-03 09:24:39.300000,11727.67,11665,8460,11670,11637,11660,1175,11655,18517
2020-06-03 09:24:39.970000,11727.67,11665,8460,11670,11637,11660,1175,11655,18617
2020-06-03 09:24:40.860000,11727.67,11665,8460,11670,11637,11660,1175,11655,18617
2020-06-03 09:24:41.950000,11730.95,11665,8460,11670,11637,11660,1667,11655,18617
2020-06-03 09:24:42.470000,11730.95,11665,8460,11670,11637,11660,8628,11655,20117
2020-06-03 09:24:43.260000,11730.95,11665,1500,11670,11637,11660,8628,11655,20117
2020-06-03 09:24:44.060000,11730.95,11665,1500,11670,11637,11660,8628,11655,20117
2020-06-03 09:24:45.070000,11730.95,11665,1500,11670,11637,11660,8627,11655,20117
2020-06-03 09:24:45.560000,11730.95,11670,11637,11675,12674,11665,499,11660,17778
2020-06-03 09:24:46.620000,11730.95,11670,9837,11675,15674,11665,252,11660,8628
2020-06-03 09:24:47.170000,11730.95,11670,11537,11675,15674,11660,8628,11655,20117
2020-06-03 09:24:48.250000,11730.95,11670,11537,11675,15674,11665,330,11660,8628
2020-06-03 09:24:48.650000,11730.95,11670,11537,11675,15674,11660,8628,11655,20117
2020-06-03 09:24:49.810000,11730.95,11670,11537,11675,15674,11660,8628,11655,20117
2020-06-03 09:24:50.810000,11730.95,11665,499,11670,11537,11660,8628,11655,20117
2020-06-03 09:24:51.060000,11730.95,11665,7260,11670,11537,11660,8628,11655,20117
2020-06-03 09:24:51.960000,11731.52,11665,6960,11670,11537,11660,8628,11655,20117
2020-06-03 09:24:52.900000,11731.52,11665,6957,11670,11537,11660,8628,11655,20117
2020-06-03 09:24:53.930000,11731.52,11665,6832,11670,11537,11660,8503,11655,20117
2020-06-03 09:24:54.460000,11731.52,11665,7832,11670,11537,11660,8503,11655,20267
2020-06-03 09:24:55.490000,11731.52,11665,7132,11670,11537,11660,8503,11655,20267
2020-06-03 09:24:56.070000,11731.52,11665,7132,11670,11537,11660,8503,11655,20267
2020-06-03 09:24:57.090000,11731.52,11665,7732,11670,11592,11660,8503,11655,20267
2020-06-03 09:24:57.560000,11731.52,11665,7132,11670,11592,11660,8503,11655,20267
2020-06-03 09:24:58.730000,11731.52,11665,7132,11670,11592,11660,8503,11655,18767
2020-06-03 09:24:59.700000,11731.52,11665,7132,11670,11592,11660,503,11655,18767
2020-06-03 09:25:00.160000,11731.52,11665,7132,11670,11592,11660,503,11655,18767
2020-06-03 09:25:01.300000,11731.52,11665,7765,11670,14592,11660,1000,11655,9617
2020-06-03 09:25:02.370000,11733.38,11665,6091,11670,11592,11660,7970,11655,20267
2020-06-03 09:25:03.400000,11733.38,11670,7539,11675,15674,11665,1000,11660,7970
2020-06-03 09:25:04.460000,11733.38,11670,7537,11675,12674,11665,7960,11660,18620
2020-06-03 09:25:04.960000,11733.38,11670,1594,11675,12674,11665,7960,11660,18629
2020-06-03 09:25:05.990000,11733.38,11670,1594,11675,12674,11665,7960,11660,18629
2020-06-03 09:25:07.010000,11733.38,11670,1594,11675,12674,11665,7970,11660,18629
2020-06-03 09:25:07.660000,11733.38,11670,1194,11675,12674,11665,8970,11660,18629
2020-06-03 09:25:08.660000,11733.38,11675,12712,11680,13734,11665,8970,11660,18629
2020-06-03 09:25:09.710000,11733.38,11670,5943,11675,17712,11665,8970,11660,18629
2020-06-03 09:25:10.770000,11733.38,11670,5943,11675,17812,11665,2020,11660,18629
2020-06-03 09:25:11.830000,11737.33,11670,5943,11675,17812,11665,2720,11660,18629
2020-06-03 09:25:12.830000,11737.33,11675,15760,11680,13734,11665,9680,11660,18629
2020-06-03 09:25:13.160000,11737.33,11675,17812,11680,13734,11665,9680,11660,18629
2020-06-03 09:25:13.970000,11737.33,11675,15760,11680,11226,11665,20335,11660,7979
2020-06-03 09:25:14.960000,11737.33,11675,13468,11680,11226,11670,7400,11665,20335
2020-06-03 09:25:16.050000,11737.33,11675,13468,11680,11226,11670,1000,11665,19335
2020-06-03 09:25:16.460000,11737.33,11670,1590,11675,13468,11665,8686,11660,18629
2020-06-03 09:25:17.530000,11737.33,11670,1590,11675,13468,11665,8686,11660,18629
2020-06-03 09:25:18.160000,11737.33,11675,13459,11680,11226,11670,410,11665,19336
2020-06-03 09:25:19.140000,11737.33,11675,5100,11680,9213,11670,16421,11665,10186
2020-06-03 09:25:20.250000,11737.33,11680,9213,11685,10118,11675,1000,11670,16421
2020-06-03 09:25:20.700000,11745.74,11680,4731,11685,10118,11675,7960,11670,17921
2020-06-03 09:25:21.810000,11745.74,11680,10031,11685,10118,11675,8960,11670,16421
2020-06-03 09:25:22.800000,11745.74,11680,10031,11685,10118,11675,2100,11670,16450
2020-06-03 09:25:23.560000,11745.74,11680,10031,11685,10118,11675,2100,11670,16450
2020-06-03 09:25:24.440000,11745.74,11680,10031,11685,10118,11670,16450,11665,11569
2020-06-03 09:25:25.480000,11745.74,11680,10031,11685,13118,11670,7300,11665,21167
2020-06-03 09:25:28.150000,11745.74,11680,10031,11685,10118,11670,17950,11665,10517
2020-06-03 09:25:28.560000,11745.74,11680,10031,11685,10118,11670,16450,11665,12017
2020-06-03 09:25:30.750000,11745.74,11680,8431,11685,10118,11670,17950,11665,10517
2020-06-03 09:25:31.790000,11745.74,11680,8431,11685,10118,11670,17950,11665,10507
2020-06-03 09:25:32.280000,11750.97,11680,1031,11685,10118,11670,17950,11665,10507
2020-06-03 09:25:33.330000,11750.97,11680,2631,11685,10118,11675,28,11670,17950
2020-06-03 09:25:34.390000,11750.97,11680,2631,11685,10118,11675,6988,11670,17950
2020-06-03 09:25:34.970000,11750.97,11680,2631,11685,10118,11675,6988,11670,17950
2020-06-03 09:25:35.960000,11750.97,11680,10081,11685,10118,11675,6988,11670,16450
2020-06-03 09:25:36.980000,11750.97,11680,10081,11685,10118,11675,28,11670,16450
2020-06-03 09:25:37.390000,11750.97,11680,11081,11685,13168,11670,7300,11665,21157
2020-06-03 09:25:38.170000,11750.97,11680,11081,11685,13168,11670,7300,11665,21157
2020-06-03 09:25:39.180000,11750.97,11675,1000,11680,11081,11670,7300,11665,21157
2020-06-03 09:25:39.620000,11750.97,11675,1500,11680,11081,11670,7300,11665,21157
2020-06-03 09:25:40.810000,11742.69,11675,1600,11680,11081,11670,7300,11665,21157
2020-06-03 09:25:41.870000,11742.69,11675,7249,11680,13190,11670,7300,11665,21157
2020-06-03 09:25:42.400000,11742.69,11675,7249,11680,13190,11670,29,11665,19773
2020-06-03 09:25:43.380000,11742.69,11675,10301,11680,16190,11665,9123,11660,20291
2020-06-03 09:25:44.700000,11742.69,11675,10301,11680,16190,11665,9123,11660,20291
2020-06-03 09:25:45.520000,11742.69,11670,6943,11675,10301,11665,463,11660,17130
2020-06-03 09:25:46.590000,11742.69,11670,8543,11675,10301,11665,463,11660,17130
2020-06-03 09:25:47.090000,11742.69,11670,6943,11675,13301,11665,463,11660,7980
2020-06-03 09:25:48.120000,11742.69,11670,5223,11675,10301,11665,463,11660,18630
2020-06-03 09:25:48.600000,11742.69,11670,6823,11675,13301,11665,463,11660,7980
2020-06-03 09:25:49.770000,11742.69,11670,8876,11675,13301,11660,7980,11655,19276
2020-06-03 09:25:50.190000,11742.69,11670,8876,11675,13301,11660,7980,11655,19276
2020-06-03 09:25:51.290000,11742.69,11670,8876,11675,13301,11660,7980,11655,19276
2020-06-03 09:25:52.370000,11738.82,11670,6823,11675,10301,11665,6960,11660,17130
2020-06-03 09:25:52.850000,11738.82,11670,6823,11675,13301,11660,7980,11655,19276
2020-06-03 09:25:53.940000,11738.82,11670,6823,11675,10301,11660,17130,11655,10126
2020-06-03 09:25:54.960000,11738.82,11670,8876,11675,13301,11660,7980,11655,19276
2020-06-03 09:25:55.360000,11738.82,11670,8876,11675,13301,11660,7980,11655,19276
2020-06-03 09:25:56.540000,11738.82,11670,8876,11675,13301,11660,7980,11655,19276
2020-06-03 09:25:56.960000,11738.82,11670,8876,11675,13301,11660,7980,11655,19276
2020-06-03 09:25:57.660000,11738.82,11670,8876,11675,13301,11660,7980,11655,19276
2020-06-03 09:25:58.640000,11738.82,11670,8876,11675,13301,11665,10,11660,7965
2020-06-03 09:25:59.710000,11738.82,11670,7276,11675,10301,11665,10,11660,17115
2020-06-03 09:26:00.770000,11734.28,11670,5223,11675,10301,11665,6970,11660,18615
2020-06-03 09:26:01.860000,11734.28,11670,1000,11675,10301,11665,6970,11660,18615
2020-06-03 09:26:02.850000,11734.28,11670,1000,11675,10301,11665,6970,11660,18615
2020-06-03 09:26:03.920000,11734.28,11670,2600,11675,10301,11665,6970,11660,18615
2020-06-03 09:26:04.970000,11734.28,11670,2600,11675,10301,11665,6668,11660,18615
2020-06-03 09:26:05.960000,11734.28,11670,2600,11675,10301,11665,6678,11660,18615
2020-06-03 09:26:06.390000,11734.28,11670,2600,11675,10301,11665,6678,11660,18615
2020-06-03 09:26:07.560000,11734.28,11670,10000,11675,10301,11665,6678,11660,17115
2020-06-03 09:26:07.990000,11734.28,11670,10000,11675,13301,11660,7980,11655,19276
2020-06-03 09:26:09.130000,11734.28,11665,2179,11670,12053,11660,7980,11655,19276
2020-06-03 09:26:10.140000,11734.28,11665,2179,11670,12053,11660,7980,11655,19276
2020-06-03 09:26:10.590000,11734.28,11665,2179,11670,12053,11660,7980,11655,19276
2020-06-03 09:26:11.770000,11727.15,11665,2179,11670,12053,11660,7980,11655,19276
2020-06-03 09:26:12.720000,11727.15,11665,2179,11670,12053,11660,7980,11655,19276
2020-06-03 09:26:13.780000,11727.15,11665,2179,11670,12053,11660,7980,11655,19276
2020-06-03 09:26:14.800000,11727.15,11665,2179,11670,12053,11660,7980,11655,19276
2020-06-03 09:26:15.160000,11727.15,11665,9670,11670,12053,11660,7980,11655,17776
2020-06-03 09:26:15.950000,11727.15,11665,9670,11670,12053,11655,17776,11650,13623
2020-06-03 09:26:16.940000,11727.15,11665,9670,11670,12053,11655,18761,11650,13623
2020-06-03 09:26:18.590000,11727.15,11665,11724,11670,15053,11660,100,11655,9611
2020-06-03 09:26:19.060000,11727.15,11660,6960,11665,12724,11655,1244,11650,22773
2020-06-03 09:26:20.090000,11727.15,11660,6960,11665,12724,11655,1244,11650,22773
2020-06-03 09:26:21.470000,11721.67,11660,11715,11665,15724,11655,259,11650,9593
2020-06-03 09:26:22.290000,11721.67,11660,11715,11665,15724,11655,259,11650,9593
2020-06-03 09:26:23.180000,11721.67,11660,1000,11665,10670,11655,11526,11650,20243
2020-06-03 09:26:24.320000,11721.67,11660,1600,11665,12838,11655,12536,11650,20243
2020-06-03 09:26:24.870000,11721.67,11660,8560,11665,12838,11655,12750,11650,20243
2020-06-03 09:26:25.930000,11721.67,11660,8560,11665,12838,11655,6533,11650,18743
2020-06-03 09:26:27.360000,11721.67,11660,8560,11665,12838,11655,12800,11650,20243
2020-06-03 09:26:28.490000,11721.67,11660,8560,11665,12838,11655,12800,11650,20243
2020-06-03 09:26:28.790000,11721.67,11665,12838,11670,15053,11655,12800,11650,20243
2020-06-03 09:26:29.570000,11721.67,11660,6961,11665,12838,11655,12800,11650,20243
2020-06-03 09:26:30.570000,11721.67,11660,6961,11665,12838,11655,985,11650,18753
2020-06-03 09:26:31.600000,11721.67,11660,8184,11665,15838,11655,985,11650,9603
2020-06-03 09:26:32.050000,11723.57,11665,12838,11670,15053,11655,7252,11650,20253
2020-06-03 09:26:33.140000,11723.57,11660,1000,11665,12838,11655,7252,11650,20253
2020-06-03 09:26:34.220000,11723.57,11665,12838,11670,15053,11655,7252,11650,20253
2020-06-03 09:26:34.800000,11723.57,11665,10670,11670,12053,11660,6960,11655,17917
2020-06-03 09:26:35.810000,11723.57,11665,4879,11670,12053,11660,6960,11655,16427
2020-06-03 09:26:36.890000,11723.57,11665,4879,11670,12053,11660,6960,11655,16427
2020-06-03 09:26:37.920000,11723.57,11665,3179,11670,12053,11660,6960,11655,17977
2020-06-03 09:26:38.190000,11723.57,11665,4379,11670,12053,11660,7945,11655,17977
2020-06-03 09:26:38.970000,11723.57,11665,4779,11670,12053,11660,7945,11655,17977
2020-06-03 09:26:40.020000,11723.57,11665,4779,11670,12053,11660,7945,11655,16477
2020-06-03 09:26:41.000000,11723.57,11665,10570,11670,12053,11660,8427,11655,16477
2020-06-03 09:26:41.360000,11724.77,11665,10570,11670,12053,11660,1467,11655,17977
2020-06-03 09:26:42.590000,11724.77,11665,10570,11670,12053,11660,430,11655,17977
2020-06-03 09:26:43.060000,11724.77,11665,4779,11670,12053,11660,7390,11655,16477
2020-06-03 09:26:43.970000,11724.77,11665,10570,11670,12053,11660,7400,11655,16477
2020-06-03 09:26:44.870000,11724.77,11665,10570,11670,12053,11655,16477,11650,11322
2020-06-03 09:26:45.760000,11724.77,11665,10570,11670,12053,11655,16477,11650,11322
2020-06-03 09:26:46.790000,11724.77,11665,10570,11670,15053,11655,7327,11650,20472
2020-06-03 09:26:47.260000,11724.77,11665,10570,11670,15053,11655,7327,11650,20472
2020-06-03 09:26:48.370000,11724.77,11665,10570,11670,12053,11660,9120,11655,16477
2020-06-03 09:26:49.380000,11724.77,11665,11770,11670,15053,11660,1720,11655,7327
2020-06-03 09:26:49.660000,11724.77,11660,1000,11665,13824,11655,7327,11650,20472
2020-06-03 09:26:50.570000,11724.77,11660,1800,11665,13824,11655,7327,11650,20472
2020-06-03 09:26:51.510000,11720.28,11660,1800,11665,13824,11655,7327,11650,20472
2020-06-03 09:26:52.550000,11720.28,11660,1691,11665,13824,11655,7327,11650,20472
2020-06-03 09:26:52.960000,11720.28,11660,1691,11665,13924,11655,7327,11650,20472
2020-06-03 09:26:53.760000,11720.28,11660,8175,11665,13924,11655,1060,11650,18972
2020-06-03 09:26:56.760000,11720.28,11660,11354,11665,11745,11655,1060,11650,18972
2020-06-03 09:26:57.070000,11720.28,11660,14854,11665,14745,11655,69,11650,9822
2020-06-03 09:26:57.790000,11720.28,11660,14854,11665,14745,11650,9822,11645,21911
2020-06-03 09:26:58.370000,11720.28,11660,14854,11665,14745,11650,9822,11645,21911
2020-06-03 09:26:59.410000,11720.28,11660,16909,11665,14745,11650,9822,11645,21911
2020-06-03 09:26:59.960000,11720.28,11660,15854,11665,13745,11650,9822,11645,21911
2020-06-03 09:27:00.970000,11720.28,11660,17909,11665,13745,11650,10522,11645,21911
2020-06-03 09:27:01.970000,11718.06,11655,1000,11660,17909,11650,10522,11645,21911
2020-06-03 09:27:03.040000,11718.06,11655,10200,11660,17909,11650,3562,11645,8510
2020-06-03 09:27:03.460000,11718.06,11650,280,11655,12255,11645,8510,11640,22128
2020-06-03 09:27:04.160000,11718.06,11650,7739,11655,12255,11645,8510,11640,19760
2020-06-03 09:27:05.110000,11718.06,11650,7739,11655,12255,11645,8510,11640,19760
2020-06-03 09:27:06.130000,11718.06,11650,7739,11655,12255,11645,8510,11640,19760
2020-06-03 09:27:06.410000,11718.06,11650,9938,11655,12255,11645,8510,11640,19760
2020-06-03 09:27:07.410000,11718.06,11650,10928,11655,12255,11645,8510,11640,19769
2020-06-03 09:27:08.190000,11718.06,11650,13714,11655,15255,11645,1239,11640,9119
2020-06-03 09:27:09.310000,11718.06,11650,13714,11655,12255,11645,1239,11640,18269
2020-06-03 09:27:09.780000,11718.06,11650,13714,11655,15255,11640,9119,11635,20960
2020-06-03 09:27:10.890000,11718.06,11645,2178,11650,13714,11640,10119,11635,20960
2020-06-03 09:27:11.360000,11718.06,11645,178,11650,14114,11640,10119,11635,20970
2020-06-03 09:27:12.270000,11711.42,11645,178,11650,14114,11640,10119,11635,20970
2020-06-03 09:27:13.170000,11711.42,11645,178,11650,14114,11640,10119,11635,20970
2020-06-03 09:27:13.950000,11711.42,11645,10378,11650,14114,11640,10119,11635,20970
2020-06-03 09:27:15.170000,11711.42,11645,2978,11650,14114,11640,10119,11635,20970
2020-06-03 09:27:15.490000,11711.42,11645,2678,11650,13114,11640,10119,11635,20970
2020-06-03 09:27:16.650000,11711.42,11645,2478,11650,13114,11640,10119,11635,20970
2020-06-03 09:27:17.170000,11711.42,11645,2178,11650,13114,11640,10119,11635,20970
2020-06-03 09:27:17.880000,11711.42,11645,3978,11650,13114,11640,10119,11635,19309
2020-06-03 09:27:18.770000,11711.42,11645,11378,11650,13114,11640,10119,11635,19309
2020-06-03 09:27:19.820000,11711.42,11645,11378,11650,13114,11640,3451,11635,17809
2020-06-03 09:27:20.260000,11711.42,11645,12378,11650,13114,11640,3451,11635,17809
2020-06-03 09:27:21.380000,11706.76,11645,12378,11650,13114,11640,3451,11635,17809
2020-06-03 09:27:22.450000,11706.76,11645,14435,11650,16114,11640,2451,11635,8659
2020-06-03 09:27:22.980000,11706.76,11645,14435,11650,16114,11635,9659,11630,20809
2020-06-03 09:27:24.090000,11706.76,11640,8791,11645,17435,11635,1259,11630,7555
2020-06-03 09:27:25.090000,11706.76,11640,10591,11645,17435,11635,959,11630,7555
2020-06-03 09:27:25.550000,11706.76,11640,10592,11645,17435,11635,959,11630,7555
2020-06-03 09:27:26.660000,11706.76,11640,8792,11645,17435,11635,961,11630,7555
2020-06-03 09:27:27.650000,11706.76,11640,6792,11645,12378,11635,7361,11630,18205
2020-06-03 09:27:28.160000,11706.76,11640,1,11645,12378,11635,8361,11630,18205
2020-06-03 09:27:29.290000,11706.76,11640,2001,11645,13435,11635,8361,11630,18205
2020-06-03 09:27:29.770000,11706.76,11640,2201,11645,13435,11635,8361,11630,18205
2020-06-03 09:27:30.520000,11706.76,11640,1001,11645,13435,11635,8361,11630,18205
2020-06-03 09:27:31.330000,11701.36,11645,13257,11650,16114,11635,8183,11630,18205
2020-06-03 09:27:32.380000,11701.36,11645,13257,11650,16114,11635,8145,11630,18205
2020-06-03 09:27:33.070000,11701.36,11645,13257,11650,16114,11635,8145,11630,18215
2020-06-03 09:27:33.990000,11701.36,11645,13257,11650,16114,11635,9145,11630,18217
2020-06-03 09:27:35.020000,11701.36,11645,11200,11650,13114,11640,1146,11635,18295
2020-06-03 09:27:35.570000,11701.36,11645,11200,11650,13114,11640,1146,11635,18295
2020-06-03 09:27:36.360000,11701.36,11645,11200,11650,16114,11640,1146,11635,9145
2020-06-03 09:27:37.160000,11701.36,11645,11180,11650,16114,11640,1146,11635,9145
2020-06-03 09:27:38.140000,11701.36,11645,9380,11650,13114,11640,7814,11635,19795
2020-06-03 09:27:38.550000,11701.36,11645,9380,11650,13114,11640,7814,11635,21530
2020-06-03 09:27:39.300000,11701.36,11645,9380,11650,13114,11640,7814,11635,19800
2020-06-03 09:27:40.280000,11701.36,11645,9380,11650,13114,11640,7814,11635,23300
2020-06-03 09:27:40.660000,11707.01,11645,1980,11650,13114,11640,7814,11635,23300
2020-06-03 09:27:42.280000,11707.01,11645,3780,11650,13114,11640,7814,11635,21810
2020-06-03 09:27:43.470000,11707.01,11645,11180,11650,13114,11640,7814,11635,21810
2020-06-03 09:27:43.770000,11707.01,11645,11180,11650,13114,11640,7814,11635,21810
2020-06-03 09:27:44.450000,11707.01,11645,11180,11650,13114,11640,1146,11635,21810
2020-06-03 09:27:45.530000,11707.01,11645,11180,11650,13114,11640,7814,11635,23310
2020-06-03 09:27:46.470000,11707.01,11645,11180,11650,13114,11640,7814,11635,23310
2020-06-03 09:27:46.750000,11707.01,11645,1937,11650,13114,11640,7814,11635,23310
2020-06-03 09:27:47.550000,11707.01,11645,9037,11650,13114,11640,7824,11635,23310
2020-06-03 09:27:48.610000,11707.01,11645,8337,11650,13114,11640,7824,11635,23310
2020-06-03 09:27:48.860000,11707.01,11645,937,11650,13114,11640,7824,11635,14160
2020-06-03 09:27:49.670000,11707.01,11650,13114,11655,15255,11645,580,11640,7824
2020-06-03 09:27:50.260000,11707.01,11650,13114,11655,15256,11640,7824,11635,14160
2020-06-03 09:27:51.200000,11707.38,11650,13114,11655,15256,11640,7824,11635,14160
2020-06-03 09:27:52.330000,11707.38,11650,13114,11655,15256,11640,7824,11635,14160
2020-06-03 09:27:52.750000,11707.38,11650,13114,11655,15256,11640,7824,11635,14160
2020-06-03 09:27:53.450000,11707.38,11650,13114,11655,15256,11640,7824,11635,14160
2020-06-03 09:27:54.420000,11707.38,11650,13114,11655,15256,11640,7824,11635,14160
2020-06-03 09:27:55.390000,11707.38,11650,13114,11655,15256,11640,7824,11635,14160
2020-06-03 09:27:55.650000,11707.38,11645,7400,11650,16114,11635,9160,11630,12547
2020-06-03 09:27:56.500000,11707.38,11645,7400,11650,16114,11635,9160,11630,12547
2020-06-03 09:27:57.540000,11707.38,11645,11257,11650,16114,11635,9160,11630,12547
2020-06-03 09:27:57.950000,11707.38,11645,12257,11650,16114,11635,9160,11630,12547
2020-06-03 09:27:59.120000,11707.38,11640,3000,11645,15257,11635,2015,11630,7547
2020-06-03 09:27:59.560000,11707.38,11640,10691,11645,12257,11635,2015,11630,11047
2020-06-03 09:28:00.680000,11707.38,11640,8791,11645,12257,11635,2016,11630,11047
2020-06-03 09:28:01.730000,11707.84,11640,7517,11645,12257,11635,2026,11630,12037
2020-06-03 09:28:02.260000,11707.84,11640,7400,11645,12257,11635,9171,11630,15537
2020-06-03 09:28:03.290000,11707.84,11640,7400,11645,12257,11635,9171,11630,17037
2020-06-03 09:28:04.320000,11707.84,11645,12257,11650,16114,11635,9171,11630,17037
2020-06-03 09:28:04.820000,11707.84,11645,12257,11650,16114,11640,1000,11635,9171
2020-06-03 09:28:05.920000,11707.84,11645,8400,11650,13114,11635,12680,11630,17037
2020-06-03 09:28:06.920000,11707.84,11645,7400,11650,13114,11640,7668,11635,12680
2020-06-03 09:28:07.370000,11707.84,11645,7399,11650,13114,11640,7668,11635,14180
2020-06-03 09:28:08.430000,11707.84,11645,7399,11650,13114,11640,7668,11635,14180
2020-06-03 09:28:08.870000,11707.84,11645,7399,11650,13114,11640,7668,11635,14180
2020-06-03 09:28:09.590000,11707.84,11650,13264,11655,15256,11640,7668,11635,14180
2020-06-03 09:28:10.650000,11707.84,11645,7399,11650,12864,11640,7768,11635,14180
2020-06-03 09:28:11.290000,11707.84,11645,9299,11650,12864,11640,7328,11635,12680
2020-06-03 09:28:12.260000,11707.89,11645,7484,11650,12864,11640,7328,11635,12680
2020-06-03 09:28:13.300000,11707.89,11645,7482,11650,12864,11640,660,11635,14180
2020-06-03 09:28:14.350000,11707.89,11645,7398,11650,12864,11640,7328,11635,15180
2020-06-03 09:28:14.790000,11707.89,11650,12864,11655,15256,11640,7768,11635,15180
2020-06-03 09:28:15.910000,11707.89,11645,50,11650,12864,11640,7768,11635,16180
2020-06-03 09:28:16.370000,11707.89,11645,1950,11650,12864,11640,7768,11635,16180
2020-06-03 09:28:17.190000,11707.89,11645,50,11650,12864,11640,7768,11635,16180
2020-06-03 09:28:17.960000,11707.89,11645,48,11650,12864,11640,7768,11635,16180
2020-06-03 09:28:19.010000,11707.89,11650,12864,11655,15256,11640,7768,11635,16180
2020-06-03 09:28:19.490000,11707.89,11650,12864,11655,15256,11640,7768,11635,16211
2020-06-03 09:28:20.690000,11707.89,11650,12821,11655,15256,11640,7668,11635,16211
2020-06-03 09:28:21.160000,11709.05,11650,12821,11655,15256,11640,7668,11635,16211
2020-06-03 09:28:22.290000,11709.05,11650,11021,11655,12256,11640,11168,11635,16213
2020-06-03 09:28:23.320000,11709.05,11650,2349,11655,12256,11645,7271,11640,12668
2020-06-03 09:28:24.350000,11709.05,11650,2349,11655,12256,11645,7786,11640,12668
2020-06-03 09:28:24.890000,11709.05,11650,2346,11655,12256,11645,7786,11640,12668
2020-06-03 09:28:25.930000,11709.05,11650,2346,11655,12256,11645,7886,11640,12668
2020-06-03 09:28:26.910000,11709.05,11650,1346,11655,12256,11645,7886,11640,12668
2020-06-03 09:28:27.520000,11709.05,11655,10201,11660,14908,11650,654,11645,11386
2020-06-03 09:28:28.470000,11709.05,11655,10201,11660,14908,11650,644,11645,11386
2020-06-03 09:28:29.490000,11709.05,11655,10201,11660,14908,11650,644,11645,11386
2020-06-03 09:28:29.770000,11709.05,11655,1001,11660,14908,11650,7604,11645,14606
2020-06-03 09:28:30.610000,11709.05,11655,1701,11660,14908,11650,7604,11645,14606
2020-06-03 09:28:31.670000,11711.62,11655,501,11660,14908,11650,7604,11645,14606
2020-06-03 09:28:32.670000,11711.62,11655,1901,11660,13877,11650,7604,11645,13106
2020-06-03 09:28:33.090000,11711.62,11655,9301,11660,13877,11650,7654,11645,13106
2020-06-03 09:28:34.300000,11711.62,11655,9301,11660,16877,11645,7886,11640,14815
2020-06-03 09:28:34.660000,11711.62,11655,12756,11660,16877,11645,7986,11640,12668
2020-06-03 09:28:35.880000,11711.62,11650,5659,11655,12756,11645,7986,11640,12668
2020-06-03 09:28:36.300000,11711.62,11650,5659,11655,12756,11645,7689,11640,12668
2020-06-03 09:28:37.370000,11711.62,11655,12756,11660,16877,11645,7689,11640,12668
2020-06-03 09:28:38.390000,11711.62,11655,10701,11660,16877,11645,7689,11640,12668
2020-06-03 09:28:38.660000,11711.62,11650,60,11655,12756,11645,8689,11640,12668
2020-06-03 09:28:39.470000,11711.62,11650,1960,11655,12756,11645,8689,11640,12668
2020-06-03 09:28:40.650000,11711.62,11650,60,11655,12756,11645,8793,11640,12668
2020-06-03 09:28:41.670000,11709.48,11655,10701,11660,13877,11650,1000,11645,12593
2020-06-03 09:28:42.720000,11709.48,11655,10301,11660,16877,11650,1000,11645,9093
2020-06-03 09:28:43.150000,11709.48,11655,10301,11660,16877,11645,9093,11640,22668
2020-06-03 09:28:44.290000,11709.48,11655,12356,11660,16877,11645,8793,11640,22668
2020-06-03 09:28:44.760000,11709.48,11655,12356,11660,16877,11645,8793,11640,22668
2020-06-03 09:28:45.870000,11709.48,11655,12356,11660,16877,11645,8793,11640,22668
2020-06-03 09:28:46.360000,11709.48,11655,12356,11660,16877,11645,8793,11640,22668
2020-06-03 09:28:47.400000,11709.48,11655,10301,11660,13877,11645,12293,11640,22668
2020-06-03 09:28:48.450000,11709.48,11655,10301,11660,13877,11650,6560,11645,13293
2020-06-03 09:28:48.860000,11709.48,11655,1001,11660,13877,11650,6560,11645,14793
2020-06-03 09:28:50.070000,11709.48,11655,1001,11660,13877,11650,6560,11645,14793
2020-06-03 09:28:50.560000,11709.48,11655,1,11660,13877,11650,6560,11645,14793
2020-06-03 09:28:51.700000,11710.97,11660,13877,11665,15206,11650,6560,11645,14793
2020-06-03 09:28:52.670000,11710.97,11660,14877,11665,15206,11650,6560,11645,14793
2020-06-03 09:28:53.260000,11710.97,11660,14877,11665,15206,11650,6620,11645,14793
2020-06-03 09:28:54.260000,11710.97,11660,14835,11665,15206,11650,6620,11645,14793
2020-06-03 09:28:54.670000,11710.97,11660,14835,11665,15206,11650,6620,11645,14793
2020-06-03 09:28:55.370000,11710.97,11660,14835,11665,12206,11650,10120,11645,14793
2020-06-03 09:28:56.350000,11710.97,11660,3647,11665,12206,11650,11720,11645,13293
2020-06-03 09:28:57.400000,11710.97,11660,3647,11665,12206,11650,13755,11645,13626
2020-06-03 09:28:57.960000,11710.97,11660,3647,11665,12206,11650,13755,11645,13626
2020-06-03 09:28:59.010000,11710.97,11660,3647,11665,12206,11650,13755,11645,13626
2020-06-03 09:29:00.050000,11710.97,11660,2447,11665,12206,11650,13755,11645,13626
2020-06-03 09:29:00.460000,11710.97,11660,2447,11665,12206,11650,13755,11645,18626
2020-06-03 09:29:01.680000,11716.73,11660,447,11665,12206,11650,13755,11645,18626
2020-06-03 09:29:02.270000,11716.73,11660,447,11665,12206,11650,13755,11645,18626
2020-06-03 09:29:03.160000,11716.73,11660,447,11665,12206,11650,13755,11645,18626
2020-06-03 09:29:04.260000,11716.73,11665,9421,11670,15142,11660,1000,11650,13755
2020-06-03 09:29:05.290000,11716.73,11665,9121,11670,12142,11660,1000,11655,3500
2020-06-03 09:29:05.660000,11716.73,11665,12475,11670,15142,11660,1000,11655,6267
2020-06-03 09:29:06.470000,11716.73,11660,7484,11665,12475,11655,6267,11650,11720
2020-06-03 09:29:07.360000,11716.73,11665,12475,11670,15142,11655,7267,11650,11720
2020-06-03 09:29:08.560000,11716.73,11665,12175,11670,15142,11655,7267,11650,11720
2020-06-03 09:29:08.950000,11716.73,11660,2937,11665,12125,11655,7267,11650,11720
2020-06-03 09:29:10.120000,11716.73,11665,11125,11670,12142,11660,1000,11655,12067
2020-06-03 09:29:11.140000,11716.73,11665,1451,11670,12142,11660,8145,11655,15602
2020-06-03 09:29:11.470000,11716.73,11665,2201,11670,12142,11660,8145,11655,15602
2020-06-03 09:29:12.370000,11720.48,11665,9421,11670,12142,11660,8145,11655,15602
2020-06-03 09:29:13.160000,11720.48,11665,9421,11670,12142,11660,8145,11655,14102
2020-06-03 09:29:14.370000,11720.48,11660,1915,11665,10421,11655,7267,11650,13822
2020-06-03 09:29:14.870000,11720.48,11665,12475,11670,15142,11655,7267,11650,12312
2020-06-03 09:29:15.870000,11720.48,11665,12475,11670,15142,11655,7267,11650,12312
2020-06-03 09:29:16.940000,11720.48,11665,12475,11670,15142,11655,7297,11650,12212
2020-06-03 09:29:17.320000,11720.48,11660,7484,11665,12475,11655,7297,11650,12212
2020-06-03 09:29:18.490000,11720.48,11660,7484,11665,12475,11655,7297,11650,10742
2020-06-03 09:29:18.990000,11720.48,11660,6764,11665,12475,11655,1030,11650,10200
2020-06-03 09:29:20.010000,11720.48,11660,4519,11665,12475,11655,7297,11650,10200
2020-06-03 09:29:20.660000,11722.59,11665,12475,11670,15142,11655,7297,11650,11700
2020-06-03 09:29:21.550000,11722.59,11665,12475,11670,15142,11655,7297,11650,11650
2020-06-03 09:29:22.650000,11722.59,11665,12475,11670,20142,11655,7305,11650,11650
2020-06-03 09:29:23.260000,11722.59,11665,12475,11670,20142,11655,7305,11650,11650
2020-06-03 09:29:24.160000,11722.59,11665,12475,11670,20142,11655,7305,11650,11796
2020-06-03 09:29:25.210000,11722.59,11665,12475,11670,20142,11655,7305,11650,11796
2020-06-03 09:29:25.550000,11722.59,11665,12475,11670,20142,11655,7305,11650,11796
2020-06-03 09:29:26.350000,11722.59,11665,12475,11670,20142,11655,7305,11650,11796
2020-06-03 09:29:27.390000,11722.59,11665,12433,11670,20142,11655,7345,11650,11796
2020-06-03 09:29:27.800000,11722.59,11665,12433,11670,20142,11655,7345,11650,11796
2020-06-03 09:29:28.930000,11722.59,11665,12433,11670,20142,11660,1000,11655,7345
2020-06-03 09:29:29.330000,11722.59,11665,12433,11670,20142,11655,7345,11650,11796
2020-06-03 09:29:30.500000,11722.59,11665,12433,11670,20142,11655,7345,11650,11796
2020-06-03 09:29:30.990000,11722.59,11660,1000,11665,12433,11655,7345,11650,11796
2020-06-03 09:29:32.110000,11725.14,11665,12433,11670,20142,11660,911,11655,7345
2020-06-03 09:29:33.110000,11725.14,11665,12433,11670,20142,11655,7345,11650,11796
2020-06-03 09:29:33.560000,11725.14,11660,8400,11665,15433,11655,1078,11650,6796
2020-06-03 09:29:34.670000,11725.14,11660,8400,11665,15433,11655,1081,11650,6806
2020-06-03 09:29:35.740000,11725.14,11660,11855,11665,15533,11655,1081,11650,6806
2020-06-03 09:29:36.090000,11725.14,11660,10455,11665,15533,11655,1081,11650,6806
2020-06-03 09:29:37.330000,11725.14,11660,8400,11665,15533,11655,1081,11650,6806
2020-06-03 09:29:39.420000,11725.14,11660,8400,11665,12533,11655,1000,11650,10265
2020-06-03 09:29:39.800000,11725.14,11660,8400,11665,12533,11655,1000,11650,10265
2020-06-03 09:29:40.540000,11725.14,11660,8400,11665,12533,11655,1000,11650,10265
2020-06-03 09:29:41.350000,11726.5,11660,8400,11665,12533,11655,7267,11650,11765
2020-06-03 09:29:42.670000,11726.5,11660,1000,11665,12533,11655,7267,11650,11765
2020-06-03 09:29:43.170000,11726.5,11665,12533,11670,20142,11655,7267,11650,11765
2020-06-03 09:29:44.260000,11726.5,11665,8043,11670,20142,11655,7267,11650,11765
2020-06-03 09:29:45.290000,11726.5,11665,9443,11670,20142,11655,7267,11650,11765
2020-06-03 09:29:45.560000,11726.5,11665,8443,11670,20142,11655,7267,11650,11765
2020-06-03 09:29:47.160000,11726.5,11665,8443,11670,20142,11655,7267,11650,11765
2020-06-03 09:29:47.910000,11726.5,11665,8443,11670,20142,11655,7267,11650,11765
2020-06-03 09:29:48.990000,11726.5,11665,6389,11670,20142,11660,7145,11655,7267
2020-06-03 09:29:49.390000,11726.5,11665,6389,11670,17142,11660,7145,11655,10767
2020-06-03 09:29:50.550000,11726.5,11665,1500,11670,17142,11660,7145,11655,10767
2020-06-03 09:29:50.890000,11726.5,11665,9000,11670,20142,11660,7145,11655,7267
2020-06-03 09:29:52.110000,11726.79,11665,7600,11670,17142,11660,1507,11655,10767
2020-06-03 09:29:52.450000,11726.79,11665,12054,11670,20142,11660,1507,11655,7267
2020-06-03 09:29:53.740000,11726.79,11665,12054,11670,20142,11655,7267,11650,11765
2020-06-03 09:29:54.020000,11726.79,11665,12054,11670,20142,11655,7267,11650,11765
2020-06-03 09:29:54.860000,11726.79,11660,1000,11665,12054,11655,7267,11650,11765
2020-06-03 09:29:55.830000,11726.79,11660,1291,11665,12054,11655,7267,11650,11765
2020-06-03 09:29:56.880000,11726.79,11665,12054,11670,20142,11655,7267,11650,11765
2020-06-03 09:29:57.450000,11726.79,11665,12054,11670,20142,11655,7267,11650,11765
2020-06-03 09:29:58.420000,11726.79,11665,12054,11670,20142,11655,7267,11650,11765
2020-06-03 09:29:59.480000,11726.79,11665,12054,11670,20142,11660,549,11655,7267
2020-06-03 09:30:00.510000,11726.79,11665,10612,11670,20142,11660,558,11655,7267
2020-06-03 09:30:01.530000,11726.79,11665,10612,11670,17142,11660,558,11655,10767
2020-06-03 09:30:02.080000,11725.46,11665,8558,11670,17142,11660,7703,11655,7267
2020-06-03 09:30:03.120000,11725.46,11665,1158,11670,17142,11660,7703,11655,10767
2020-06-03 09:30:04.120000,11725.46,11665,1158,11670,17142,11660,7703,11655,10767
2020-06-03 09:30:05.230000,11725.46,11665,1156,11670,17142,11660,7703,11655,10767
2020-06-03 09:30:06.260000,11725.46,11665,1156,11670,17142,11660,7703,11655,10767
2020-06-03 09:30:06.760000,11725.46,11665,2556,11670,17142,11660,7703,11655,10767
2020-06-03 09:30:07.820000,11725.46,11665,1156,11670,17142,11660,7703,11655,12267
2020-06-03 09:30:08.820000,11725.46,11665,2556,11670,17142,11660,7703,11655,12267
2020-06-03 09:30:09.260000,11725.46,11665,1156,11670,17142,11660,7603,11655,12267
2020-06-03 09:30:10.430000,11725.46,11670,17142,11675,12106,11660,8603,11655,12809
2020-06-03 09:30:11.510000,11725.46,11670,5161,11675,6710,11665,6668,11660,13603
2020-06-03 09:30:11.950000,11723.1,11670,5361,11675,6710,11665,6668,11660,12103
2020-06-03 09:30:13.070000,11723.1,11670,5061,11675,8762,11665,7183,11660,13612
2020-06-03 09:30:13.560000,11723.1,11670,5461,11675,8762,11665,7183,11660,13612
2020-06-03 09:30:14.590000,11723.1,11670,5461,11675,8762,11665,7183,11660,13612
2020-06-03 09:30:15.170000,11723.1,11670,461,11675,8762,11665,7183,11660,13612
2020-06-03 09:30:16.180000,11723.1,11670,1861,11675,8762,11665,7183,11660,13612
2020-06-03 09:30:16.670000,11723.1,11670,461,11675,8762,11665,7183,11660,13612
2020-06-03 09:30:17.460000,11723.1,11670,461,11675,8762,11665,7183,11660,13612
2020-06-03 09:30:18.370000,11723.1,11670,461,11675,8762,11665,7183,11660,13612
2020-06-03 09:30:19.380000,11723.1,11670,461,11675,8762,11665,7183,11660,13612
2020-06-03 09:30:20.370000,11723.1,11670,461,11675,8762,11665,7183,11660,12112
2020-06-03 09:30:20.870000,11723.1,11670,461,11675,8762,11665,7183,11660,13612
2020-06-03 09:30:21.960000,11725.84,11670,1861,11675,8762,11665,7183,11660,12112
2020-06-03 09:30:23.070000,11725.84,11670,461,11675,8762,11665,7683,11660,13612
2020-06-03 09:30:23.460000,11725.84,11670,461,11675,8762,11665,7683,11660,13612
2020-06-03 09:30:24.650000,11725.84,11670,461,11675,8762,11665,7683,11660,13612
2020-06-03 09:30:25.260000,11725.84,11670,461,11675,8762,11665,7683,11660,13612
2020-06-03 09:30:26.260000,11725.84,11670,461,11675,8762,11665,7683,11660,13612
2020-06-03 09:30:26.900000,11725.84,11670,461,11675,8762,11665,7683,11660,13612
2020-06-03 09:30:27.800000,11725.84,11675,10219,11680,13762,11670,1000,11665,8035
2020-06-03 09:30:28.800000,11725.84,11670,1400,11675,11219,11665,7635,11660,13612
2020-06-03 09:30:29.260000,11725.84,11675,11219,11680,13762,11665,7635,11660,13612
2020-06-03 09:30:30.410000,11725.84,11675,8819,11680,13762,11665,7635,11660,13612
2020-06-03 09:30:31.470000,11725.84,11675,1051,11680,8481,11665,12635,11660,14002
2020-06-03 09:30:31.850000,11722.76,11680,11532,11685,14155,11675,100,11670,2
2020-06-03 09:30:33.040000,11722.76,11680,9481,11685,14155,11675,100,11670,6976
2020-06-03 09:30:34.050000,11722.76,11680,10081,11685,14155,11675,100,11670,6976
2020-06-03 09:30:34.490000,11722.76,11680,11490,11685,14155,11675,100,11670,6976
2020-06-03 09:30:35.680000,11722.76,11680,9439,11685,14155,11675,6619,11670,6976
2020-06-03 09:30:36.180000,11722.76,11680,2039,11685,11155,11675,7619,11670,11976
2020-06-03 09:30:37.270000,11722.76,11680,1039,11685,11155,11675,7619,11670,14623
2020-06-03 09:30:37.860000,11722.76,11685,100,11690,11741,11680,1000,11675,14019
2020-06-03 09:30:38.810000,11722.76,11685,1500,11690,11940,11680,8667,11675,12519
2020-06-03 09:30:39.910000,11722.76,11685,7500,11690,11940,11680,9667,11675,12519
2020-06-03 09:30:40.910000,11722.76,11685,7500,11690,11940,11680,3400,11675,12519
2020-06-03 09:30:41.920000,11739.03,11690,12940,11695,34657,11685,7499,11680,9667
2020-06-03 09:30:42.560000,11739.03,11690,32940,11695,34657,11685,8499,11680,8667
2020-06-03 09:30:43.580000,11739.03,11690,12940,11695,34657,11680,9667,11675,15897
2020-06-03 09:30:44.610000,11739.03,11690,32940,11695,34657,11680,9667,11675,15897
2020-06-03 09:30:45.060000,11739.03,11690,12940,11695,34657,11680,9667,11675,15897
2020-06-03 09:30:45.860000,11739.03,11690,14440,11695,34657,11680,9667,11675,14397
2020-06-03 09:30:47.770000,11739.03,11690,12012,11695,34657,11680,9667,11675,14397
2020-06-03 09:30:48.120000,11739.03,11690,12012,11695,14657,11680,9867,11675,15897
2020-06-03 09:30:48.860000,11739.03,11690,10512,11695,14657,11680,9867,11675,15897
2020-06-03 09:30:49.830000,11739.03,11690,10512,11695,13289,11685,1000,11680,9867
2020-06-03 09:30:50.870000,11739.03,11690,3372,11695,13289,11685,9145,11680,9867
2020-06-03 09:30:51.360000,11740.7,11690,4912,11695,13289,11685,9145,11680,9867
2020-06-03 09:30:52.500000,11740.7,11690,10712,11695,13289,11685,9145,11680,9867
2020-06-03 09:30:53.480000,11740.7,11690,11712,11695,13289,11685,1000,11680,9867
2020-06-03 09:30:53.860000,11740.7,11690,12312,11695,13289,11685,1000,11680,9867
2020-06-03 09:30:54.560000,11740.7,11690,11712,11695,13289,11685,1000,11680,9867
2020-06-03 09:30:55.610000,11740.7,11690,11912,11695,13289,11685,1000,11680,9867
2020-06-03 09:30:56.650000,11740.7,11690,10477,11695,13289,11685,1000,11680,9867
2020-06-03 09:30:56.970000,11740.7,11690,10477,11695,13289,11685,1000,11680,9867
2020-06-03 09:30:57.670000,11740.7,11690,10477,11695,13289,11685,1000,11680,9867
2020-06-03 09:30:58.650000,11740.7,11690,10476,11695,13292,11685,1000,11680,9867
2020-06-03 09:30:59.780000,11740.7,11690,10476,11695,13292,11685,8145,11680,9867
2020-06-03 09:31:00.350000,11740.7,11695,7949,11700,15028,11690,2758,11685,8145
2020-06-03 09:31:01.320000,11743.42,11695,7949,11700,15028,11690,2758,11685,8145
2020-06-03 09:31:02.390000,11743.42,11690,1241,11695,8649,11685,9745,11680,15027
2020-06-03 09:31:03.390000,11743.42,11695,10025,11700,15088,11685,9745,11680,15027
2020-06-03 09:31:03.850000,11743.42,11695,10025,11700,15088,11685,9745,11680,15027
2020-06-03 09:31:04.930000,11743.42,11695,10025,11700,15088,11685,9745,11680,16527
2020-06-03 09:31:05.350000,11743.42,11695,11625,11700,15088,11685,9745,11680,15027
2020-06-03 09:31:06.480000,11743.42,11695,10025,11700,15088,11685,9745,11680,16527
2020-06-03 09:31:06.760000,11743.42,11695,10683,11700,15088,11685,9745,11680,15027
2020-06-03 09:31:07.590000,11743.42,11695,11683,11700,15088,11685,10745,11680,14027
2020-06-03 09:31:08.660000,11743.42,11695,11683,11700,15088,11685,11845,11680,15527
2020-06-03 09:31:09.060000,11743.42,11695,11683,11700,15088,11685,11845,11680,15527
2020-06-03 09:31:09.760000,11743.42,11695,11683,11700,15088,11685,11845,11680,15527
2020-06-03 09:31:10.740000,11743.42,11695,14683,11700,15088,11690,1034,11685,11845
2020-06-03 09:31:11.760000,11743.58,11695,15683,11700,15088,11685,10245,11680,10527
2020-06-03 09:31:12.850000,11743.58,11695,15683,11700,13797,11685,10245,11680,8867
2020-06-03 09:31:13.260000,11743.58,11695,15683,11700,17297,11685,10245,11680,8967
2020-06-03 09:31:14.380000,11743.58,11690,2077,11695,15683,11685,10245,11680,8967
2020-06-03 09:31:14.760000,11743.58,11690,11177,11695,15783,11685,10245,11680,8967
2020-06-03 09:31:15.930000,11743.58,11690,11119,11695,15783,11685,10233,11680,8967
2020-06-03 09:31:16.190000,11743.58,11690,1700,11695,15783,11685,10245,11680,8967
2020-06-03 09:31:17.020000,11743.58,11690,2800,11695,15783,11685,10245,11680,8967
2020-06-03 09:31:18.050000,11743.58,11690,10000,11695,15783,11685,10245,11680,8967
2020-06-03 09:31:21.660000,11743.58,11690,8400,11695,14083,11680,8967,11675,15797
2020-06-03 09:31:22.740000,11743.58,11690,8400,11695,14083,11685,1000,11680,9167
2020-06-03 09:31:23.710000,11743.58,11690,8400,11695,14083,11685,1000,11680,9167
2020-06-03 09:31:24.160000,11743.58,11690,10419,11695,14083,11685,1002,11680,8767
2020-06-03 09:31:25.270000,11743.58,11690,10419,11695,15083,11680,8767,11675,14297
2020-06-03 09:31:25.660000,11743.58,11690,10419,11695,15083,11685,1124,11680,9167
2020-06-03 09:31:26.910000,11743.58,11690,10419,11695,15531,11680,9167,11675,15797
2020-06-03 09:31:27.960000,11743.58,11690,10419,11695,15531,11680,9167,11675,15797
2020-06-03 09:31:28.970000,11743.58,11690,10419,11695,15531,11680,8767,11675,14297
2020-06-03 09:31:31.050000,11743.58,11690,10419,11695,15531,11680,8767,11675,14297
2020-06-03 09:31:31.490000,11739.37,11690,10419,11695,15531,11680,9167,11675,15797
2020-06-03 09:31:32.630000,11739.37,11690,13049,11695,15531,11680,9167,11675,15797
2020-06-03 09:31:33.270000,11739.37,11685,1507,11690,13049,11680,9167,11675,14297
2020-06-03 09:31:34.230000,11739.37,11685,1507,11690,16049,11680,7367,11675,8919
2020-06-03 09:31:35.270000,11739.37,11685,8907,11690,16049,11680,1100,11675,8919
2020-06-03 09:31:36.810000,11739.37,11685,8907,11690,16049,11680,1700,11675,8919
2020-06-03 09:31:37.270000,11739.37,11685,8907,11690,16049,11680,7967,11675,8919
2020-06-03 09:31:38.060000,11739.37,11685,8907,11690,16049,11680,7367,11675,8919
2020-06-03 09:31:38.870000,11739.37,11685,8907,11690,16049,11680,7407,11675,8919
2020-06-03 09:31:39.890000,11739.37,11685,8907,11690,16049,11680,1140,11675,8919
2020-06-03 09:31:40.470000,11739.37,11685,8855,11690,16049,11680,7407,11675,8919
2020-06-03 09:31:41.510000,11743.08,11685,8855,11690,16049,11680,7407,11675,8919
2020-06-03 09:31:42.040000,11743.08,11685,9855,11690,16049,11680,140,11675,8919
2020-06-03 09:31:43.000000,11743.08,11685,11875,11690,16049,11680,140,11675,8959
2020-06-03 09:31:43.470000,11743.08,11685,11875,11690,16049,11675,9359,11670,12612
2020-06-03 09:31:44.150000,11743.08,11685,11835,11690,16049,11675,9459,11670,14112
2020-06-03 09:31:45.150000,11743.08,11685,11834,11690,16049,11675,9459,11670,14112
2020-06-03 09:31:45.590000,11743.08,11685,11834,11690,16049,11675,9459,11670,14152
2020-06-03 09:31:46.750000,11743.08,11685,11834,11690,16049,11680,1000,11675,9459
2020-06-03 09:31:47.730000,11743.08,11685,11834,11690,16049,11680,1500,11675,9459
2020-06-03 09:31:48.060000,11743.08,11685,10486,11690,16049,11680,1500,11675,9459
2020-06-03 09:31:48.880000,11743.08,11685,12526,11690,16049,11680,1500,11675,9459
2020-06-03 09:31:49.660000,11743.08,11685,10506,11690,16049,11680,3300,11675,9459
2020-06-03 09:31:50.930000,11743.08,11685,10506,11690,16049,11680,1500,11675,9459
2020-06-03 09:31:51.930000,11744.0,11685,10506,11690,16049,11680,1500,11675,9459
2020-06-03 09:31:52.260000,11744.0,11685,12534,11690,16049,11680,1500,11675,9459
2020-06-03 09:31:53.050000,11744.0,11680,163,11685,12534,11675,7659,11670,12652
2020-06-03 09:31:54.100000,11744.0,11685,12534,11690,16049,11680,523,11675,9459
2020-06-03 09:31:54.500000,11744.0,11685,12534,11690,16049,11680,360,11675,9459
2020-06-03 09:31:55.710000,11744.0,11680,140,11685,12517,11675,9459,11670,14152
2020-06-03 09:31:55.990000,11744.0,11685,12517,11690,16049,11680,1000,11675,9459
2020-06-03 09:31:57.270000,11744.0,11685,12456,11690,16049,11680,1000,11675,9459
2020-06-03 09:31:57.580000,11744.0,11685,12456,11690,16049,11675,9459,11670,12652
2020-06-03 09:31:58.850000,11744.0,11685,12456,11690,16049,11675,9459,11670,12652
2020-06-03 09:31:59.160000,11744.0,11685,12456,11690,16049,11675,9659,11670,14152
2020-06-03 09:32:00.440000,11744.0,11685,12456,11690,16049,11680,1000,11675,15963
2020-06-03 09:32:00.860000,11744.0,11685,12456,11690,16049,11675,15963,11670,12652
2020-06-03 09:32:01.750000,11744.7,11685,12456,11690,16049,11675,15163,11670,14152
2020-06-03 09:32:02.700000,11744.7,11685,12456,11690,16049,11680,500,11675,15163
2020-06-03 09:32:03.450000,11744.7,11685,12456,11690,16049,11680,500,11675,15163
2020-06-03 09:32:04.700000,11744.7,11685,10436,11690,16049,11680,500,11675,15163
2020-06-03 09:32:04.990000,11744.7,11685,10436,11690,16049,11680,500,11675,15163
2020-06-03 09:32:05.790000,11744.7,11685,10436,11690,16049,11680,6767,11675,15163
2020-06-03 09:32:06.790000,11744.7,11685,10436,11690,16049,11680,6767,11675,15163
2020-06-03 09:32:07.200000,11744.7,11685,5036,11690,13049,11680,6767,11675,18663
2020-06-03 09:32:08.350000,11744.7,11685,4036,11690,16049,11680,7567,11675,15163
2020-06-03 09:32:08.650000,11744.7,11685,13440,11690,16049,11680,8604,11675,7859
2020-06-03 09:32:09.520000,11744.7,11685,13440,11690,16049,11680,8604,11675,7859
2020-06-03 09:32:10.300000,11744.7,11685,11420,11690,16049,11680,8604,11675,7859
2020-06-03 09:32:11.580000,11746.41,11685,11320,11690,16049,11680,14871,11675,7859
2020-06-03 09:32:12.100000,11746.41,11685,3920,11690,16049,11680,14970,11675,7859
2020-06-03 09:32:13.170000,11746.41,11685,3919,11690,16049,11680,14970,11675,7859
2020-06-03 09:32:13.710000,11746.41,11685,3919,11690,16049,11680,14970,11675,7859
2020-06-03 09:32:14.690000,11746.41,11685,3886,11690,16049,11680,14970,11675,7859
2020-06-03 09:32:14.990000,11746.41,11690,16049,11695,15731,11685,3418,11680,7666
2020-06-03 09:32:15.800000,11746.41,11690,16049,11695,15731,11680,7666,11675,7859
2020-06-03 09:32:16.750000,11746.41,11685,8400,11690,16049,11680,7666,11675,7859
2020-06-03 09:32:17.270000,11746.41,11685,8400,11690,16049,11680,7666,11675,7859
2020-06-03 09:32:18.880000,11746.41,11685,8450,11690,16049,11680,1399,11675,7859
2020-06-03 09:32:19.940000,11746.41,11685,8450,11690,16049,11680,3105,11675,7859
2020-06-03 09:32:20.950000,11746.41,11685,8450,11690,16049,11680,3105,11675,7859
2020-06-03 09:32:21.360000,11744.25,11685,8450,11690,16049,11680,3105,11675,7859
2020-06-03 09:32:22.580000,11744.25,11685,8450,11690,16049,11680,9372,11675,7859
2020-06-03 09:32:22.780000,11744.25,11685,8450,11690,16049,11680,9373,11675,7859
2020-06-03 09:32:23.550000,11744.25,11685,8450,11690,16049,11680,9373,11675,7859
2020-06-03 09:32:24.660000,11744.25,11685,8450,11690,16049,11680,9373,11675,7859
2020-06-03 09:32:25.060000,11744.25,11685,8450,11690,16049,11680,9373,11675,7859
2020-06-03 09:32:26.260000,11744.25,11685,8450,11690,16049,11680,3106,11675,7859
2020-06-03 09:32:26.650000,11744.25,11685,8450,11690,16049,11680,3106,11675,7859
2020-06-03 09:32:28.150000,11744.25,11685,8450,11690,16049,11680,3106,11675,7959
2020-06-03 09:32:29.340000,11744.25,11685,8450,11690,16049,11680,3106,11675,7959
2020-06-03 09:32:29.480000,11744.25,11685,8450,11690,16049,11680,3106,11675,7959
2020-06-03 09:32:30.340000,11744.25,11685,8450,11690,16049,11680,3106,11675,7959
2020-06-03 09:32:31.360000,11741.52,11685,10470,11690,16049,11680,3106,11675,7959
2020-06-03 09:32:31.650000,11741.52,11685,10470,11690,16049,11680,3106,11675,7959
2020-06-03 09:32:32.480000,11741.52,11685,10470,11690,16049,11680,2567,11675,7959
2020-06-03 09:32:33.000000,11741.52,11690,16049,11695,19231,11685,7361,11680,8074
2020-06-03 09:32:34.090000,11741.52,11685,8398,11690,16049,11680,8074,11675,9981
2020-06-03 09:32:34.360000,11741.52,11685,998,11690,16049,11680,8074,11675,9981
2020-06-03 09:32:35.570000,11741.52,11690,16049,11695,19231,11680,9074,11675,9981
2020-06-03 09:32:35.850000,11741.52,11690,16049,11695,19231,11680,9074,11675,9981
2020-06-03 09:32:37.730000,11741.52,11690,16049,11695,19231,11680,9565,11675,9981
2020-06-03 09:32:38.150000,11741.52,11690,16049,11695,15731,11680,9565,11675,9981
2020-06-03 09:32:39.260000,11741.52,11690,16049,11695,15731,11685,1022,11680,9565
2020-06-03 09:32:39.530000,11741.52,11690,3630,11695,15731,11685,8422,11680,11332
2020-06-03 09:32:40.400000,11741.52,11695,15731,11700,17297,11685,7422,11680,11332
2020-06-03 09:32:41.430000,11743.48,11690,997,11695,15731,11685,8422,11680,9565
2020-06-03 09:32:42.510000,11743.48,11695,15731,11700,17297,11685,8422,11680,11332
2020-06-03 09:32:43.540000,11743.48,11695,15731,11700,17297,11685,8422,11680,11332
2020-06-03 09:32:43.960000,11743.48,11695,15731,11700,17297,11685,8422,11680,11354
2020-06-03 09:32:45.090000,11743.48,11690,11397,11695,15731,11685,8422,11680,9587
2020-06-03 09:32:46.200000,11743.48,11690,11397,11695,15731,11685,1022,11680,9587
2020-06-03 09:32:46.660000,11743.48,11690,13405,11695,19231,11685,1022,11680,9587
2020-06-03 09:32:47.760000,11743.48,11690,13535,11695,19231,11680,9587,11675,9981
2020-06-03 09:32:48.350000,11743.48,11690,13535,11695,19231,11680,9587,11675,10003
2020-06-03 09:32:49.290000,11743.48,11690,13535,11695,19231,11680,9587,11675,10003
2020-06-03 09:32:50.380000,11743.48,11690,13535,11695,19231,11680,9587,11675,10003
2020-06-03 09:32:52.970000,11739.75,11690,13535,11695,15731,11685,1000,11680,9587
2020-06-03 09:32:53.350000,11739.75,11690,13535,11695,15731,11685,1000,11680,9787
2020-06-03 09:32:54.540000,11739.75,11690,13535,11695,15731,11685,8400,11680,9787
2020-06-03 09:32:54.860000,11739.75,11690,1127,11695,15731,11685,8400,11680,11554
2020-06-03 09:32:55.580000,11739.75,11690,1172,11695,15731,11685,8400,11680,11554
2020-06-03 09:32:56.580000,11739.75,11690,11572,11695,15731,11685,8400,11680,9787
2020-06-03 09:32:56.960000,11739.75,11690,13580,11695,15731,11685,1000,11680,9787
2020-06-03 09:32:57.630000,11739.75,11690,13833,11695,19231,11685,1000,11680,9787
2020-06-03 09:32:58.740000,11739.75,11690,14788,11695,15731,11685,1000,11680,9787
2020-06-03 09:32:59.080000,11739.75,11690,14788,11695,15731,11685,1000,11680,9787
2020-06-03 09:33:00.280000,11739.75,11690,1425,11695,15731,11685,8400,11680,11554
2020-06-03 09:33:00.660000,11739.75,11695,15731,11700,17297,11690,724,11685,8400
2020-06-03 09:33:01.830000,11742.21,11695,15731,11700,17297,11685,8400,11680,11554
2020-06-03 09:33:02.800000,11742.21,11695,15731,11700,17297,11685,8400,11680,11554
2020-06-03 09:33:03.280000,11742.21,11695,14731,11700,18297,11685,8400,11680,11554
2020-06-03 09:33:04.410000,11742.21,11695,14731,11700,18297,11685,8400,11680,11554
2020-06-03 09:33:05.470000,11742.21,11695,14731,11700,18297,11690,3,11685,8400
2020-06-03 09:33:05.860000,11742.21,11695,15731,11700,18297,11685,8400,11680,9787
2020-06-03 09:33:06.950000,11742.21,11695,15731,11700,18297,11685,8485,11680,11554
2020-06-03 09:33:07.560000,11742.21,11695,15731,11700,18297,11685,8985,11680,11554
2020-06-03 09:33:08.660000,11742.21,11690,10,11695,15731,11685,8900,11680,11639
2020-06-03 09:33:09.660000,11742.21,11695,15731,11700,18297,11685,8900,11680,11639
2020-06-03 09:33:10.750000,11742.21,11695,15731,11700,18297,11685,8900,11680,11639
2020-06-03 09:33:11.120000,11744.99,11695,15731,11700,18297,11685,8900,11680,11639
2020-06-03 09:33:12.330000,11744.99,11695,15731,11700,18297,11685,8900,11680,11639
2020-06-03 09:33:12.860000,11744.99,11690,10400,11695,15731,11685,8900,11680,9872
2020-06-03 09:33:13.890000,11744.99,11690,3000,11695,15731,11685,8900,11680,9872
2020-06-03 09:33:14.360000,11744.99,11695,14731,11700,18297,11685,8900,11680,11639
2020-06-03 09:33:15.370000,11744.99,11695,14731,11700,18297,11685,8900,11680,11639
2020-06-03 09:33:16.500000,11744.99,11695,14731,11700,18297,11685,8900,11680,12139
2020-06-03 09:33:16.790000,11744.99,11690,12408,11695,15731,11685,8900,11680,10372
2020-06-03 09:33:18.040000,11744.99,11690,13408,11695,19231,11685,500,11680,8666
2020-06-03 09:33:19.080000,11744.99,11685,5009,11690,16908,11680,2399,11675,7781
2020-06-03 09:33:19.470000,11744.99,11685,12409,11690,16908,11680,1549,11675,7781
2020-06-03 09:33:20.610000,11744.99,11685,12409,11690,16908,11675,7781,11670,7516
2020-06-03 09:33:21.260000,11742.33,11685,12409,11690,16908,11675,7781,11670,9453
2020-06-03 09:33:22.260000,11742.33,11685,12409,11690,13408,11675,7781,11670,9453
2020-06-03 09:33:23.310000,11742.33,11685,12409,11690,13408,11675,7781,11670,9453
2020-06-03 09:33:23.560000,11742.33,11685,12409,11690,13408,11675,7781,11670,9453
2020-06-03 09:33:24.370000,11742.33,11685,3000,11690,13408,11675,7781,11670,9453
2020-06-03 09:33:25.430000,11742.33,11685,3000,11690,13408,11675,7781,11670,9453
2020-06-03 09:33:25.890000,11742.33,11685,3500,11690,13408,11680,500,11675,8281
2020-06-03 09:33:26.990000,11742.33,11685,500,11690,13408,11680,6767,11675,8281
2020-06-03 09:33:28.060000,11742.33,11685,500,11690,13408,11680,6767,11675,13281
2020-06-03 09:33:28.590000,11742.33,11685,5509,11690,13408,11680,6767,11675,13281
2020-06-03 09:33:29.630000,11742.33,11685,12909,11690,13899,11680,6767,11675,13281
2020-06-03 09:33:30.680000,11742.33,11685,12909,11690,17399,11680,6267,11675,13281
2020-06-03 09:33:31.150000,11740.56,11680,3,11685,13909,11675,13281,11670,9953
2020-06-03 09:33:32.290000,11740.56,11685,13909,11690,17404,11675,13281,11670,9953
2020-06-03 09:33:33.840000,11740.56,11685,13909,11690,17404,11675,13281,11670,9953
2020-06-03 09:33:35.430000,11740.56,11680,3000,11685,13909,11675,13281,11670,8016
2020-06-03 09:33:36.460000,11740.56,11685,13909,11690,16904,11675,13281,11670,8016
2020-06-03 09:33:37.090000,11740.56,11680,1000,11685,13909,11675,13281,11670,8016
2020-06-03 09:33:38.070000,11740.56,11680,4510,11685,13909,11675,13281,11670,8016
2020-06-03 09:33:39.120000,11740.56,11680,4510,11685,13909,11675,13281,11670,8016
2020-06-03 09:33:40.180000,11740.56,11680,12910,11685,13909,11675,1759,11670,8016
2020-06-03 09:33:40.770000,11740.56,11675,4000,11680,12910,11670,8016,11665,9558
2020-06-03 09:33:41.760000,11733.09,11675,9659,11680,12910,11670,8016,11665,9558
2020-06-03 09:33:42.820000,11733.09,11675,11670,11680,16410,11665,8976,11660,9303
2020-06-03 09:33:43.850000,11733.09,11675,11670,11680,16410,11665,8976,11660,9303
2020-06-03 09:33:44.250000,11733.09,11675,11670,11680,16410,11665,8976,11660,9692
2020-06-03 09:33:45.430000,11733.09,11675,11670,11680,16410,11665,8976,11660,9692
2020-06-03 09:33:45.850000,11733.09,11675,11670,11680,16410,11665,8976,11660,9692
2020-06-03 09:33:47.000000,11733.09,11675,11163,11680,16410,11665,8976,11660,9692
2020-06-03 09:33:47.460000,11733.09,11675,11335,11680,16410,11665,8976,11660,9692
2020-06-03 09:33:48.600000,11733.09,11670,433,11675,11335,11665,8986,11660,9303
2020-06-03 09:33:49.070000,11733.09,11670,433,11675,11335,11665,8986,11660,9303
2020-06-03 09:33:49.860000,11733.09,11670,433,11675,11335,11665,9986,11660,9303
2020-06-03 09:33:50.710000,11733.09,11675,11335,11680,16410,11665,9986,11660,9692
2020-06-03 09:33:51.740000,11729.14,11670,1000,11675,11335,11665,9986,11660,9692
2020-06-03 09:33:52.780000,11729.14,11670,12909,11675,11335,11665,9486,11660,9303
2020-06-03 09:33:53.300000,11729.14,11670,12909,11675,14835,11665,1868,11660,9303
2020-06-03 09:33:54.310000,11729.14,11670,12897,11675,11335,11665,500,11660,9303
2020-06-03 09:33:55.360000,11729.14,11670,12887,11675,11335,11660,10303,11655,8219
2020-06-03 09:33:56.360000,11729.14,11670,10875,11675,14835,11665,200,11660,10303
2020-06-03 09:33:56.660000,11729.14,11665,2293,11670,12887,11660,9303,11655,6328
2020-06-03 09:33:57.460000,11729.14,11665,2293,11670,12887,11660,9303,11655,6328
2020-06-03 09:33:58.260000,11729.14,11665,2293,11670,12887,11660,9303,11655,6328
2020-06-03 09:33:59.960000,11729.14,11670,12887,11675,14635,11660,9303,11655,6338
2020-06-03 09:34:01.140000,11729.14,11670,12909,11675,14635,11660,9303,11655,6338
2020-06-03 09:34:02.130000,11726.87,11670,12909,11675,14635,11660,9303,11655,6338
2020-06-03 09:34:03.710000,11726.87,11670,12909,11675,14635,11660,9303,11655,6338
2020-06-03 09:34:05.270000,11726.87,11670,12909,11675,14635,11660,9303,11655,6338
2020-06-03 09:34:05.590000,11726.87,11670,12909,11675,14635,11660,9303,11655,6338
2020-06-03 09:34:06.370000,11726.87,11670,12909,11675,14635,11660,9303,11655,6348
2020-06-03 09:34:07.380000,11726.87,11670,12909,11675,14635,11660,9303,11655,6348
2020-06-03 09:34:07.760000,11726.87,11670,12909,11675,11135,11665,6618,11660,9313
2020-06-03 09:34:08.960000,11726.87,11670,5512,11675,11135,11665,5640,11660,9313
2020-06-03 09:34:09.270000,11726.87,11670,12909,11675,11135,11665,5640,11660,9313
2020-06-03 09:34:10.110000,11726.87,11670,12909,11675,11135,11665,5640,11660,9313
2020-06-03 09:34:11.050000,11726.87,11670,12909,11675,11135,11665,5640,11660,9313
2020-06-03 09:34:12.170000,11729.11,11670,5512,11675,11135,11665,5640,11660,9313
2020-06-03 09:34:13.200000,11729.11,11670,12909,11675,14635,11660,9313,11655,6848
2020-06-03 09:34:14.800000,11729.11,11670,12909,11675,11135,11665,45,11660,9313
2020-06-03 09:34:17.800000,11729.11,11670,12909,11675,11135,11665,5685,11660,9313
2020-06-03 09:34:19.000000,11729.11,11670,12165,11675,11135,11665,5685,11660,9313
2020-06-03 09:34:19.360000,11729.11,11670,9836,11675,14635,11665,134,11660,9313
2020-06-03 09:34:20.510000,11729.11,11670,9836,11675,11135,11665,5874,11660,9313
2020-06-03 09:34:21.000000,11729.11,11670,9836,11675,11135,11665,5874,11660,11325
2020-06-03 09:34:22.080000,11725.38,11670,2439,11675,11135,11665,5874,11660,11325
2020-06-03 09:34:22.560000,11725.38,11670,7206,11675,11135,11665,5829,11660,11325
2020-06-03 09:34:23.670000,11725.38,11670,4812,11675,11135,11665,5829,11660,11325
2020-06-03 09:34:24.700000,11725.38,11675,9124,11680,16304,11665,5829,11660,11325
2020-06-03 09:34:25.780000,11725.38,11675,9124,11680,16304,11665,5839,11660,11325
2020-06-03 09:34:28.430000,11725.38,11675,9124,11680,12804,11665,6839,11660,11325
2020-06-03 09:34:29.420000,11725.38,11675,9124,11680,12804,11665,6839,11660,11325
2020-06-03 09:34:31.030000,11728.0,11675,9124,11680,12804,11665,6839,11660,11325
2020-06-03 09:34:32.010000,11728.0,11675,9124,11680,12804,11665,6839,11660,11325
2020-06-03 09:34:34.180000,11728.0,11675,9124,11680,12804,11665,6839,11660,11325
2020-06-03 09:34:35.240000,11728.0,11675,9124,11680,12804,11665,6839,11660,11325
2020-06-03 09:34:37.840000,11728.0,11675,9124,11680,12804,11665,6839,11660,11325
2020-06-03 09:34:38.350000,11728.0,11675,9118,11680,12804,11670,500,11665,6839
2020-06-03 09:34:39.430000,11728.0,11675,9118,11680,12804,11670,500,11665,6839
2020-06-03 09:34:40.520000,11728.0,11675,11136,11680,16304,11665,199,11660,11325
2020-06-03 09:34:41.050000,11728.0,11670,2394,11675,14636,11665,199,11660,9313
2020-06-03 09:34:42.090000,11727.59,11670,11810,11675,14636,11665,199,11660,9313
2020-06-03 09:34:43.100000,11727.59,11665,7201,11670,11810,11660,9313,11655,7261
2020-06-03 09:34:44.130000,11727.59,11665,9494,11670,11810,11660,1913,11655,7261
2020-06-03 09:34:44.600000,11727.59,11665,11514,11670,15360,11660,1413,11655,7348
2020-06-03 09:34:45.650000,11727.59,11665,9494,11670,15360,11660,1413,11655,7348
2020-06-03 09:34:46.260000,11727.59,11660,2394,11665,11514,11655,6848,11650,10660
2020-06-03 09:34:47.270000,11727.59,11660,10794,11665,11514,11655,581,11650,10660
2020-06-03 09:34:48.330000,11727.59,11660,10996,11665,11514,11655,581,11650,11160
2020-06-03 09:34:48.580000,11727.59,11660,10996,11665,11514,11655,6848,11650,11160
2020-06-03 09:34:49.320000,11727.59,11660,10966,11665,11514,11655,6818,11650,11160
2020-06-03 09:34:50.360000,11727.59,11660,12466,11665,11514,11655,6818,11650,11160
2020-06-03 09:34:50.960000,11723.61,11660,12466,11665,11514,11655,6098,11650,11160
2020-06-03 09:34:52.960000,11723.61,11660,12466,11665,11514,11655,6098,11650,11160
2020-06-03 09:34:53.360000,11723.61,11660,12466,11665,11514,11655,6098,11650,11160
2020-06-03 09:34:54.470000,11723.61,11660,12466,11665,11514,11650,7892,11645,10002
2020-06-03 09:34:55.080000,11723.61,11660,12466,11665,15014,11650,7892,11645,10002
2020-06-03 09:34:56.140000,11723.61,11655,2293,11660,14487,11650,7892,11645,10002
2020-06-03 09:34:57.190000,11723.61,11655,9689,11660,14487,11650,873,11645,8235
2020-06-03 09:34:57.660000,11723.61,11655,9689,11660,14487,11650,873,11645,8235
2020-06-03 09:34:58.780000,11723.61,11655,10689,11660,14487,11650,873,11645,8235
2020-06-03 09:34:59.840000,11723.61,11655,12711,11660,17987,11650,873,11645,8235
2020-06-03 09:35:00.890000,11723.61,11650,8047,11655,12711,11645,8235,11640,9117
2020-06-03 09:35:01.980000,11719.86,11650,8047,11655,12711,11645,8235,11640,8028
2020-06-03 09:35:02.980000,11719.86,11650,8047,11655,12711,11645,8235,11640,8028
2020-06-03 09:35:04.030000,11719.86,11650,8047,11655,12711,11645,8335,11640,8028
2020-06-03 09:35:05.060000,11719.86,11650,8047,11655,16211,11645,1361,11640,8028
2020-06-03 09:35:06.140000,11719.86,11650,10125,11655,16211,11645,1361,11640,6408
2020-06-03 09:35:06.550000,11719.86,11650,10125,11655,16251,11645,1361,11640,6408
2020-06-03 09:35:07.730000,11719.86,11645,2289,11650,13625,11640,868,11635,11132
2020-06-03 09:35:08.780000,11719.86,11645,9656,11650,13625,11640,368,11635,9487
2020-06-03 09:35:09.780000,11719.86,11645,9656,11650,10125,11640,6008,11635,9487
2020-06-03 09:35:10.360000,11719.86,11645,9656,11650,10125,11640,6008,11635,9987
2020-06-03 09:35:11.420000,11717.98,11645,9656,11650,13625,11640,5728,11635,9987
2020-06-03 09:35:12.470000,11717.98,11645,9656,11650,10125,11640,5728,11635,9987
2020-06-03 09:35:12.980000,11717.98,11645,11680,11650,13625,11640,88,11635,9987
2020-06-03 09:35:14.030000,11717.98,11645,13680,11650,13626,11640,88,11635,9987
2020-06-03 09:35:15.070000,11717.98,11640,2306,11645,13680,11635,9987,11630,11187
2020-06-03 09:35:16.140000,11717.98,11640,9507,11645,17180,11635,2512,11630,8226
2020-06-03 09:35:17.200000,11717.98,11640,10507,11645,13680,11635,1937,11630,8226
2020-06-03 09:35:17.560000,11717.98,11640,12532,11645,17180,11635,1937,11630,8226
2020-06-03 09:35:18.780000,11717.98,11640,12532,11645,17921,11630,8226,11625,15035
2020-06-03 09:35:19.350000,11717.98,11635,1000,11640,12532,11630,8726,11625,15035
2020-06-03 09:35:20.370000,11717.98,11640,12532,11645,18421,11630,9726,11625,15035
2020-06-03 09:35:21.350000,11709.29,11640,10507,11645,12921,11635,5900,11630,11732
2020-06-03 09:35:22.450000,11709.29,11640,3306,11645,12921,11635,3900,11630,11732
2020-06-03 09:35:23.510000,11709.29,11640,3296,11645,12921,11635,7587,11630,11732
2020-06-03 09:35:24.570000,11709.29,11640,3296,11645,12921,11635,7587,11630,11732
2020-06-03 09:35:24.880000,11709.29,11640,3296,11645,12921,11635,7587,11630,11732
2020-06-03 09:35:25.720000,11709.29,11640,10497,11645,12921,11635,7597,11630,11732
2020-06-03 09:35:26.500000,11709.29,11640,10810,11645,12921,11635,197,11630,9726
2020-06-03 09:35:27.770000,11709.29,11640,10810,11645,12921,11630,9726,11625,14135
