time,nav,sell1,sell1_cnt,sell2,sell2_cnt,buy1,buy1_cnt,buy2,buy2_cnt
2020-06-03 09:16:52.640000,0.0,28145,4611,28150,10701,28140,5682,28135,10550
2020-06-03 09:16:53.460000,0.0,28145,156,28150,15156,28140,5682,28135,10550
2020-06-03 09:16:54.570000,0.0,28145,4611,28150,10701,28135,16232,28130,20010
2020-06-03 09:16:55.570000,0.0,28145,4611,28150,10701,28140,5682,28135,10550
2020-06-03 09:16:56.570000,0.0,28145,147,28150,15157,28140,5682,28135,10550
2020-06-03 09:16:57.570000,0.0,28150,5103,28155,10066,28140,16085,28130,22510
2020-06-03 09:16:58.570000,0.0,28140,5700,28145,10054,28135,5535,28130,35609
2020-06-03 09:16:59.570000,0.0,28135,5700,28140,10054,28130,5535,28125,35661
2020-06-03 09:17:00.670000,28193.8,28135,15754,28150,2288,28130,10,28125,25587
2020-06-03 09:17:01.780000,28193.8,28125,16198,28130,10,28115,25525,28110,39699
2020-06-03 09:17:02.880000,28193.8,28125,15593,28130,10,28115,25525,28110,39699
2020-06-03 09:17:03.950000,28193.8,28115,10054,28120,5539,28110,9625,28100,35649
2020-06-03 09:17:05.100000,28193.8,28120,17493,28125,1700,28110,8003,28105,15599
2020-06-03 09:17:06.270000,28193.8,28125,1700,28130,15603,28120,5525,28115,15599
2020-06-03 09:17:07.470000,28193.8,28130,15603,28140,10,28120,5525,28115,15599
2020-06-03 09:17:08.510000,28193.8,28135,15593,28140,10,28125,5525,28120,15599
2020-06-03 09:17:09.570000,28180.08,28135,17493,28140,10,28125,5525,28120,15599
2020-06-03 09:17:10.660000,28180.08,28135,15593,28140,10,28125,5525,28120,15599
2020-06-03 09:17:11.690000,28180.08,28135,15593,28140,10,28125,5525,28120,15599
2020-06-03 09:17:12.690000,28180.08,28130,15593,28135,1900,28120,5525,28115,15599
2020-06-03 09:17:13.710000,28180.08,28130,15593,28135,1900,28120,5525,28115,15599
2020-06-03 09:17:14.750000,28180.08,28130,15593,28135,1900,28120,5525,28115,15599
2020-06-03 09:17:15.790000,28180.08,28125,15593,28130,1900,28120,5525,28110,38077
2020-06-03 09:17:16.830000,28180.08,28130,17493,28135,1900,28120,5520,28115,15599
2020-06-03 09:17:17.860000,28180.08,28130,5539,28135,11954,28125,5520,28115,15599
2020-06-03 09:17:18.910000,28180.08,28135,17493,28140,10,28125,5520,28120,15599
2020-06-03 09:17:19.960000,28180.08,28135,15593,28140,10,28125,5520,28120,15599
2020-06-03 09:17:22.030000,28184.92,28135,18026,28140,10,28125,5520,28120,15619
2020-06-03 09:17:23.060000,28184.92,28130,15592,28135,534,28120,5540,28115,35599
2020-06-03 09:17:23.670000,28184.92,28130,15592,28135,534,28120,5540,28115,15599
2020-06-03 09:17:24.670000,28184.92,28135,16126,28140,10,28125,5520,28120,15619
2020-06-03 09:17:25.670000,28184.92,28135,16126,28140,10,28125,5520,28120,15619
2020-06-03 09:17:26.770000,28184.92,28130,15592,28135,2434,28120,5540,28115,35599
2020-06-03 09:17:27.880000,28184.92,28125,15592,28130,500,28120,20,28115,5520
2020-06-03 09:17:28.860000,28184.92,28130,16092,28135,2434,28120,5540,28115,15599
2020-06-03 09:17:29.890000,28184.92,28130,15592,28135,2434,28120,5530,28115,15599
2020-06-03 09:17:30.970000,28185.66,28125,15592,28130,1900,28120,10,28115,5520
2020-06-03 09:17:32.070000,28185.66,28130,1900,28135,18026,28125,5520,28120,15609
2020-06-03 09:17:33.170000,28185.66,28130,1900,28135,18026,28125,5520,28120,15611
2020-06-03 09:17:34.160000,28185.66,28130,7439,28135,12487,28125,5520,28120,12
2020-06-03 09:17:35.070000,28185.66,28135,18026,28140,10,28125,5420,28120,15611
2020-06-03 09:17:36.160000,28185.66,28135,16126,28140,10,28125,5420,28120,15611
2020-06-03 09:17:37.220000,28185.66,28135,16126,28140,10,28125,5420,28120,15611
2020-06-03 09:17:38.250000,28185.66,28135,16136,28140,10,28125,5420,28120,15611
2020-06-03 09:17:39.280000,28185.66,28130,15592,28135,2444,28120,5432,28115,35599
2020-06-03 09:17:40.310000,28185.66,28125,15956,28130,1900,28120,12,28115,5420
2020-06-03 09:17:41.380000,28185.41,28120,15592,28125,2264,28110,27898,28105,35599
2020-06-03 09:17:42.440000,28185.41,28125,17919,28130,1900,28115,5420,28110,18077
2020-06-03 09:17:43.450000,28185.41,28125,16019,28130,1900,28115,5420,28110,18077
2020-06-03 09:17:44.520000,28185.41,28125,17924,28130,1900,28115,5420,28110,18077
2020-06-03 09:17:45.530000,28185.41,28125,16024,28130,1900,28115,5418,28110,18097
2020-06-03 09:17:46.580000,28185.41,28125,16024,28130,1900,28115,5418,28110,18097
2020-06-03 09:17:47.090000,28185.41,28125,442,28130,17492,28120,5418,28115,15599
2020-06-03 09:17:48.190000,28185.41,28125,1,28130,16992,28120,4977,28115,15599
2020-06-03 09:17:49.220000,28185.41,28130,16992,28135,2444,28120,4977,28115,15599
2020-06-03 09:17:50.280000,28190.99,28130,16592,28135,2444,28120,4977,28115,15599
2020-06-03 09:17:51.310000,28190.99,28130,16126,28135,1910,28120,4977,28115,15599
2020-06-03 09:17:52.370000,28190.99,28130,16126,28135,1910,28125,4976,28120,1
2020-06-03 09:17:53.440000,28190.99,28130,534,28135,17502,28125,4974,28120,15600
2020-06-03 09:17:54.480000,28190.99,28130,18026,28135,1910,28120,4975,28115,35599
2020-06-03 09:17:54.970000,28190.99,28130,18026,28135,1910,28125,2,28120,4975
2020-06-03 09:17:57.120000,28190.99,28130,18426,28135,1910,28125,2,28120,4975
2020-06-03 09:17:57.670000,28190.99,28130,18426,28135,1910,28125,2,28120,4975
2020-06-03 09:17:58.560000,28190.99,28130,934,28135,17502,28125,4976,28120,15600
2020-06-03 09:18:00.810000,28172.5,28130,934,28135,17502,28125,4976,28120,15600
2020-06-03 09:18:01.840000,28172.5,28130,934,28135,17502,28125,4966,28120,15599
2020-06-03 09:18:02.870000,28172.5,28130,10987,28135,7449,28125,4966,28120,15599
2020-06-03 09:18:03.900000,28172.5,28130,934,28135,17502,28125,4966,28120,15599
2020-06-03 09:18:04.400000,28172.5,28130,10987,28135,7449,28125,4966,28120,15599
2020-06-03 09:18:05.480000,28172.5,28130,16526,28135,1910,28120,20564,28115,20100
2020-06-03 09:18:06.510000,28172.5,28130,10987,28135,7449,28125,4965,28120,15599
2020-06-03 09:18:07.540000,28172.5,28125,10048,28130,6473,28120,4965,28115,35699
2020-06-03 09:18:08.590000,28172.5,28125,10048,28130,6473,28120,4965,28115,35699
2020-06-03 09:18:09.620000,28184.48,28130,23462,28135,1910,28120,5700,28115,15699
2020-06-03 09:18:10.650000,28184.48,28130,21562,28135,1910,28125,5700,28120,15599
2020-06-03 09:18:11.710000,28184.48,28130,16023,28135,7449,28125,5700,28120,15599
2020-06-03 09:18:12.770000,28184.48,28130,16023,28135,7449,28125,5700,28120,15599
2020-06-03 09:18:13.820000,28184.48,28130,21562,28135,1910,28120,21299,28115,20100
2020-06-03 09:18:14.850000,28184.48,28130,21562,28135,1910,28125,5700,28120,15599
2020-06-03 09:18:15.690000,28184.48,28130,16023,28135,7449,28125,5678,28120,15599
2020-06-03 09:18:16.940000,28184.48,28130,21562,28135,1910,28125,5658,28120,15599
2020-06-03 09:18:17.460000,28184.48,28130,21562,28135,1910,28125,5658,28120,15599
2020-06-03 09:18:18.510000,28184.48,28130,16023,28135,7449,28125,5658,28120,15599
2020-06-03 09:18:19.550000,28184.48,28130,934,28135,22538,28125,21257,28120,20000
2020-06-03 09:18:20.160000,28164.55,28130,934,28135,22538,28125,5658,28120,35599
2020-06-03 09:18:21.160000,28164.55,28130,16023,28135,7449,28125,5658,28120,35599
2020-06-03 09:18:22.160000,28164.55,28130,934,28135,22538,28125,21257,28120,20001
2020-06-03 09:18:23.210000,28164.55,28135,20638,28140,385,28130,4724,28125,15599
2020-06-03 09:18:24.240000,28164.55,28135,20638,28140,385,28125,20323,28120,20001
2020-06-03 09:18:24.770000,28164.55,28135,20638,28140,385,28125,20323,28120,20021
2020-06-03 09:18:25.660000,28164.55,28130,15089,28135,5549,28125,4724,28120,15620
2020-06-03 09:18:26.890000,28164.55,28135,20638,28140,385,28125,20343,28120,21
2020-06-03 09:18:27.940000,28164.55,28135,20638,28140,385,28125,4744,28120,15620
2020-06-03 09:18:28.990000,28164.55,28130,20628,28135,10,28125,4744,28120,15620
2020-06-03 09:18:30.050000,28164.55,28130,15090,28135,5549,28125,4744,28120,15620
2020-06-03 09:18:30.560000,28178.66,28130,1,28135,20638,28125,20343,28120,20021
2020-06-03 09:18:31.630000,28178.66,28135,15099,28140,5924,28130,4714,28125,15619
2020-06-03 09:18:32.690000,28178.66,28135,20638,28140,385,28130,4704,28125,15619
2020-06-03 09:18:33.750000,28178.66,28135,20788,28140,385,28130,4699,28125,15619
2020-06-03 09:18:34.780000,28178.66,28135,15249,28140,5924,28130,4699,28125,15619
2020-06-03 09:18:35.830000,28178.66,28140,15474,28145,5560,28135,4599,28130,15599
2020-06-03 09:18:36.890000,28178.66,28140,21013,28145,21,28130,20213,28120,20021
2020-06-03 09:18:37.940000,28178.66,28135,15089,28140,5924,28130,4614,28125,35599
2020-06-03 09:18:39.000000,28178.66,28135,15089,28140,5924,28130,4614,28125,35599
2020-06-03 09:18:40.060000,28178.66,28140,21013,28145,21,28130,20213,28120,20021
2020-06-03 09:18:40.670000,28180.14,28140,21013,28145,21,28130,20213,28120,20021
2020-06-03 09:18:41.650000,28180.14,28140,21013,28145,21,28130,20213,28120,20021
2020-06-03 09:18:42.700000,28180.14,28140,15474,28145,5560,28135,4594,28130,15625
2020-06-03 09:18:43.720000,28180.14,28140,15474,28145,5560,28135,4594,28130,15625
2020-06-03 09:18:44.780000,28180.14,28140,15474,28145,5560,28135,4614,28130,15605
2020-06-03 09:18:47.290000,28180.14,28140,15474,28145,5560,28135,4614,28130,15605
2020-06-03 09:18:48.430000,28180.14,28140,15474,28145,5560,28135,4614,28130,15605
2020-06-03 09:18:49.480000,28180.14,28140,15474,28145,5560,28135,4614,28130,15605
2020-06-03 09:18:49.960000,28180.14,28140,15474,28145,5560,28135,4614,28130,15605
2020-06-03 09:18:51.090000,28164.82,28140,21030,28145,21,28135,4614,28130,15605
2020-06-03 09:18:52.120000,28164.82,28140,15491,28145,5560,28135,4602,28130,15605
2020-06-03 09:18:53.170000,28164.82,28140,21030,28145,21,28135,4602,28130,15605
2020-06-03 09:18:54.180000,28164.82,28140,21030,28145,21,28135,4602,28130,15605
2020-06-03 09:18:55.240000,28164.82,28140,21130,28145,21,28135,1602,28130,15605
2020-06-03 09:18:55.760000,28164.82,28135,20543,28140,502,28130,6,28125,21299
2020-06-03 09:18:56.700000,28164.82,28140,21045,28145,21,28130,21305,28120,20022
2020-06-03 09:18:57.840000,28164.82,28140,15506,28145,5560,28135,5700,28130,15605
2020-06-03 09:18:58.900000,28164.82,28140,21045,28145,21,28130,21304,28125,20000
2020-06-03 09:18:59.400000,28164.82,28140,21045,28145,21,28130,5705,28125,35599
2020-06-03 09:19:00.490000,28177.27,28140,21045,28145,21,28130,21304,28125,20000
2020-06-03 09:19:01.520000,28177.27,28140,21045,28145,21,28130,21304,28125,20000
2020-06-03 09:19:02.550000,28177.27,28135,20543,28140,502,28130,56,28125,21298
2020-06-03 09:19:03.580000,28177.27,28130,22697,28135,76,28125,5699,28120,35620
2020-06-03 09:19:04.620000,28177.27,28130,20497,28135,76,28125,5699,28120,35620
2020-06-03 09:19:05.660000,28177.27,28130,907,28135,20563,28125,21298,28120,21
2020-06-03 09:19:07.190000,28177.27,28135,15024,28140,6041,28130,4792,28125,15599
2020-06-03 09:19:08.270000,28177.27,28140,15450,28145,5560,28135,4792,28130,15599
2020-06-03 09:19:09.300000,28177.27,28140,20989,28145,21,28130,20393,28120,20021
2020-06-03 09:19:09.860000,28180.77,28140,20989,28145,21,28130,4794,28125,35599
2020-06-03 09:19:10.860000,28180.77,28140,20989,28145,21,28130,4794,28125,35599
2020-06-03 09:19:11.860000,28180.77,28140,20989,28145,21,28135,4792,28130,15601
2020-06-03 09:19:12.940000,28180.77,28140,20989,28145,21,28135,4792,28130,15601
2020-06-03 09:19:13.990000,28180.77,28140,15450,28145,5560,28135,4792,28130,15601
2020-06-03 09:19:14.390000,28180.77,28140,20889,28145,21,28135,4792,28130,15601
2020-06-03 09:19:15.530000,28180.77,28140,20995,28145,21,28135,4792,28130,15601
2020-06-03 09:19:16.570000,28180.77,28140,15456,28145,5560,28135,4792,28130,15602
2020-06-03 09:19:17.600000,28180.77,28140,20995,28145,21,28135,4792,28130,15602
2020-06-03 09:19:18.660000,28180.77,28140,20995,28145,21,28135,4792,28130,15602
2020-06-03 09:19:19.060000,28180.77,28140,15456,28145,5560,28135,4792,28130,15602
2020-06-03 09:19:20.250000,28180.77,28140,15456,28145,5560,28135,4792,28130,15622
2020-06-03 09:19:21.280000,28199.07,28140,15456,28145,5560,28135,4787,28130,15622
2020-06-03 09:19:22.840000,28199.07,28140,20995,28145,21,28135,4697,28130,15622
2020-06-03 09:19:23.880000,28199.07,28140,20995,28145,21,28130,20319,28125,20000
2020-06-03 09:19:25.420000,28199.07,28135,20487,28140,508,28130,23,28125,20296
2020-06-03 09:19:26.470000,28199.07,28135,20487,28140,508,28130,1,28125,20296
2020-06-03 09:19:27.000000,28199.07,28140,20995,28145,21,28130,20297,28120,20021
2020-06-03 09:19:28.050000,28199.07,28135,14948,28140,6047,28130,4698,28125,35599
2020-06-03 09:19:29.110000,28199.07,28140,508,28145,20508,28135,22798,28130,1
2020-06-03 09:19:30.140000,28199.07,28140,15456,28145,5560,28135,7149,28130,15600
2020-06-03 09:19:31.170000,28194.51,28140,508,28145,20508,28135,22748,28130,20001
2020-06-03 09:19:32.680000,28194.51,28140,508,28145,20508,28135,22738,28130,20001
2020-06-03 09:19:33.760000,28194.51,28145,20508,28150,4842,28140,4131,28135,18099
2020-06-03 09:19:34.810000,28194.51,28145,20508,28150,4842,28135,23799,28130,20001
2020-06-03 09:19:35.820000,28194.51,28140,14948,28145,5960,28135,8200,28130,15600
2020-06-03 09:19:36.870000,28194.51,28135,22487,28145,21,28130,5701,28125,35599
2020-06-03 09:19:37.890000,28194.51,28145,20508,28150,4842,28135,23799,28130,1
2020-06-03 09:19:38.460000,28194.51,28140,14960,28145,5561,28135,8200,28130,15600
2020-06-03 09:19:39.260000,28194.51,28140,14960,28145,5561,28135,8200,28130,15600
2020-06-03 09:19:40.160000,28190.79,28140,20499,28145,22,28135,8200,28130,15600
2020-06-03 09:19:41.070000,28190.79,28140,14960,28145,5661,28135,8200,28130,15600
2020-06-03 09:19:42.190000,28190.79,28140,12,28145,20609,28135,23799,28130,1
2020-06-03 09:19:43.250000,28190.79,28140,17960,28145,5661,28135,8200,28130,35600
2020-06-03 09:19:44.290000,28190.79,28140,16460,28145,5661,28135,8200,28130,35600
2020-06-03 09:19:44.860000,28190.79,28140,22004,28145,122,28135,2500,28130,21300
2020-06-03 09:19:45.770000,28190.79,28135,12448,28140,7056,28130,5701,28125,35599
2020-06-03 09:19:46.910000,28190.79,28135,12448,28140,7056,28130,5751,28125,35599
2020-06-03 09:19:48.010000,28190.79,28135,17987,28140,1517,28130,5751,28125,15599
2020-06-03 09:19:50.080000,28197.19,28130,14697,28135,7839,28125,5700,28120,15620
2020-06-03 09:19:51.090000,28197.19,28135,20236,28140,1517,28125,21299,28120,21
2020-06-03 09:19:52.140000,28197.19,28135,17936,28140,1517,28125,21299,28120,21
2020-06-03 09:19:53.180000,28197.19,28135,17936,28140,1517,28125,22199,28120,20021
2020-06-03 09:19:53.760000,28197.19,28135,12397,28140,7056,28130,5710,28125,17999
2020-06-03 09:19:54.760000,28197.19,28135,17936,28140,1517,28130,2410,28125,23699
2020-06-03 09:19:55.810000,28197.19,28135,12397,28140,7056,28130,8110,28125,18000
2020-06-03 09:19:56.850000,28197.19,28135,2,28140,19453,28130,23701,28125,2401
2020-06-03 09:19:57.900000,28197.19,28135,17938,28140,1517,28130,8102,28125,18000
2020-06-03 09:19:58.460000,28197.19,28135,12399,28140,7056,28130,5702,28125,18000
2020-06-03 09:19:59.370000,28197.19,28140,1517,28145,18068,28135,26204,28130,2402
2020-06-03 09:20:00.590000,28191.64,28140,1517,28145,18068,28135,26204,28130,2525
2020-06-03 09:20:01.680000,28191.64,28140,1517,28145,18068,28135,26204,28130,22625
2020-06-03 09:20:02.760000,28191.64,28140,1517,28145,18068,28135,26182,28130,22625
2020-06-03 09:20:05.370000,28191.64,28140,1519,28145,18068,28135,26182,28130,22625
2020-06-03 09:20:06.320000,28191.64,28140,1511,28145,18068,28135,26072,28130,22625
2020-06-03 09:20:07.370000,28191.64,28140,13908,28145,5671,28135,10473,28130,18224
2020-06-03 09:20:07.870000,28191.64,28140,1511,28145,18068,28135,26072,28130,2625
2020-06-03 09:20:08.940000,28191.64,28140,1564,28145,18068,28135,26072,28130,2625
2020-06-03 09:20:09.980000,28207.15,28140,1564,28145,18068,28135,26072,28130,22625
2020-06-03 09:20:11.040000,28207.15,28145,18068,28150,4842,28135,26204,28130,22625
2020-06-03 09:20:12.100000,28207.15,28145,18118,28150,4842,28135,26204,28130,22625
2020-06-03 09:20:13.460000,28207.15,28145,18118,28150,4842,28140,16,28135,26203
2020-06-03 09:20:14.270000,28207.15,28145,18118,28150,4842,28140,16,28135,26213
2020-06-03 09:20:15.290000,28207.15,28145,18123,28150,4842,28140,16,28135,26213
2020-06-03 09:20:16.350000,28207.15,28145,18123,28150,4842,28140,16,28135,26213
2020-06-03 09:20:16.960000,28207.15,28140,14781,28145,5926,28135,10614,28130,18201
2020-06-03 09:20:18.000000,28207.15,28140,20320,28145,387,28135,4914,28130,23901
2020-06-03 09:20:18.970000,28207.15,28135,15206,28140,800,28130,5902,28125,38000
2020-06-03 09:20:20.040000,28207.15,28135,15206,28145,187,28130,202,28125,23700
2020-06-03 09:20:21.060000,28197.92,28135,13006,28140,1,28130,5902,28125,18000
2020-06-03 09:20:22.120000,28197.92,28135,13005,28140,1,28130,5902,28125,18000
2020-06-03 09:20:23.170000,28197.92,28140,13006,28145,187,28130,21501,28125,2401
2020-06-03 09:20:23.700000,28197.92,28140,1,28145,13192,28135,21299,28130,202
2020-06-03 09:20:24.750000,28197.92,28140,51,28145,13192,28135,21299,28130,202
2020-06-03 09:20:25.780000,28197.92,28140,51,28145,13192,28135,21298,28130,20202
2020-06-03 09:20:27.900000,28197.92,28145,13192,28150,5042,28140,5648,28135,15599
2020-06-03 09:20:28.400000,28197.92,28145,13192,28150,5042,28135,21247,28130,20202
2020-06-03 09:20:29.490000,28203.3,28140,7466,28145,7526,28135,5648,28130,35801
2020-06-03 09:20:30.560000,28203.3,28140,13005,28145,1987,28135,5,28130,21449
2020-06-03 09:20:31.590000,28203.3,28145,14942,28150,5042,28135,21252,28130,202
2020-06-03 09:20:32.650000,28203.3,28145,137,28150,18047,28140,21247,28135,5
2020-06-03 09:20:34.770000,28203.3,28145,137,28150,18047,28140,21247,28135,20005
2020-06-03 09:20:35.790000,28203.3,28145,137,28150,18047,28140,21247,28135,20005
2020-06-03 09:20:36.840000,28203.3,28145,13342,28150,5042,28140,5648,28135,15604
2020-06-03 09:20:37.370000,28203.3,28145,13142,28150,5042,28140,5626,28135,15604
2020-06-03 09:20:38.190000,28203.3,28145,7603,28150,10581,28140,5616,28135,15604
2020-06-03 09:20:39.460000,28203.3,28145,137,28150,18047,28140,5616,28135,15604
2020-06-03 09:20:40.070000,28205.26,28145,137,28150,18047,28140,21215,28135,13
2020-06-03 09:20:42.050000,28205.26,28145,137,28150,18047,28140,21214,28135,20013
2020-06-03 09:20:45.710000,28205.26,28145,13292,28150,5052,28135,21227,28130,20212
2020-06-03 09:20:46.270000,28205.26,28145,13292,28150,10615,28135,21227,28130,20212
2020-06-03 09:20:47.100000,28205.26,28145,13292,28150,10615,28140,5617,28135,15612
2020-06-03 09:20:47.970000,28205.26,28145,13192,28150,10615,28140,2,28135,21312
2020-06-03 09:20:48.900000,28205.26,28140,12924,28145,187,28135,13,28130,21511
2020-06-03 09:20:50.960000,28201.09,28140,5,28145,13106,28135,21312,28130,212
2020-06-03 09:20:52.030000,28201.09,28145,7567,28150,16154,28140,5695,28135,15612
2020-06-03 09:20:52.570000,28201.09,28145,7617,28150,16154,28140,5695,28135,15612
2020-06-03 09:20:53.590000,28201.09,28145,13156,28150,10615,28140,5695,28135,15612
2020-06-03 09:20:54.670000,28201.09,28145,13156,28150,10615,28135,21307,28130,20262
2020-06-03 09:20:55.700000,28201.09,28140,12919,28145,237,28135,5708,28130,15861
2020-06-03 09:20:56.730000,28201.09,28145,13156,28150,10615,28135,21307,28130,262
2020-06-03 09:20:57.760000,28201.09,28140,12919,28145,237,28135,13,28130,21556
2020-06-03 09:20:58.200000,28201.09,28140,12919,28145,237,28135,5708,28130,15861
2020-06-03 09:20:59.340000,28201.09,28145,13156,28150,10615,28135,21307,28130,262
2020-06-03 09:21:00.350000,28185.11,28145,13156,28150,10615,28135,21307,28130,20262
2020-06-03 09:21:01.400000,28185.11,28145,13156,28150,10613,28135,21307,28130,20262
2020-06-03 09:21:02.430000,28185.11,28140,799,28145,13156,28135,21307,28130,20262
2020-06-03 09:21:02.960000,28185.11,28140,13718,28145,237,28135,13,28130,21556
2020-06-03 09:21:05.050000,28185.11,28140,13718,28145,237,28135,5708,28130,15861
2020-06-03 09:21:06.100000,28185.11,28140,13718,28145,237,28135,5708,28130,15861
2020-06-03 09:21:06.660000,28185.11,28140,13718,28145,237,28135,13,28130,21556
2020-06-03 09:21:07.570000,28185.11,28140,13745,28145,237,28130,21545,28125,22411
2020-06-03 09:21:08.720000,28185.11,28140,13745,28145,237,28135,5695,28130,15850
2020-06-03 09:21:09.750000,28200.62,28140,8206,28145,5776,28135,5648,28130,15850
2020-06-03 09:21:10.160000,28200.62,28140,8206,28145,5776,28135,5638,28130,15850
2020-06-03 09:21:11.070000,28200.62,28140,8206,28145,5776,28135,5638,28130,15850
2020-06-03 09:21:11.970000,28200.62,28140,826,28145,13156,28135,21237,28130,251
2020-06-03 09:21:12.860000,28200.62,28140,8206,28145,5776,28135,5616,28130,15850
2020-06-03 09:21:13.980000,28200.62,28140,13745,28145,237,28135,5616,28130,15850
2020-06-03 09:21:16.290000,28200.62,28140,13745,28145,237,28130,21365,28125,22411
2020-06-03 09:21:17.210000,28200.62,28135,7380,28140,6365,28130,5766,28125,18010
2020-06-03 09:21:18.100000,28200.62,28140,13745,28145,237,28130,21365,28125,2411
2020-06-03 09:21:19.260000,28200.62,28140,13745,28145,237,28130,21365,28125,22411
2020-06-03 09:21:21.850000,28182.69,28140,13745,28145,237,28130,21365,28125,22411
2020-06-03 09:21:22.270000,28182.69,28140,13745,28145,237,28135,5515,28130,15850
2020-06-03 09:21:23.430000,28182.69,28140,13745,28145,237,28130,21415,28125,22411
2020-06-03 09:21:24.490000,28182.69,28140,13747,28145,237,28130,21413,28125,22411
2020-06-03 09:21:24.860000,28182.69,28140,13747,28145,237,28135,5513,28130,15900
2020-06-03 09:21:27.160000,28182.69,28140,13747,28145,237,28130,21413,28125,22411
2020-06-03 09:21:28.160000,28182.69,28140,13747,28145,237,28130,21313,28125,22411
2020-06-03 09:21:29.210000,28182.69,28140,13875,28145,237,28130,21313,28125,22411
2020-06-03 09:21:30.660000,28179.75,28135,12919,28140,956,28130,5714,28125,18010
2020-06-03 09:21:31.660000,28179.75,28135,7380,28140,6495,28130,5664,28125,18010
2020-06-03 09:21:32.880000,28179.75,28135,12919,28140,956,28130,151,28125,23523
2020-06-03 09:21:33.390000,28179.75,28135,7380,28140,6495,28130,5664,28125,18010
2020-06-03 09:21:34.480000,28179.75,28135,12919,28140,1006,28130,5664,28125,18010
2020-06-03 09:21:35.520000,28179.75,28135,12919,28140,1006,28130,5655,28125,18010
2020-06-03 09:21:36.060000,28179.75,28135,12919,28140,1006,28130,5655,28125,18010
2020-06-03 09:21:36.890000,28179.75,28135,6880,28140,6545,28130,5655,28125,18010
2020-06-03 09:21:37.670000,28179.75,28135,12419,28140,1006,28130,5655,28125,18010
2020-06-03 09:21:39.260000,28179.75,28135,12419,28140,1006,28130,141,28125,23523
2020-06-03 09:21:40.250000,28174.69,28135,12419,28140,1006,28130,5654,28125,18010
2020-06-03 09:21:41.310000,28174.69,28135,12419,28140,1006,28130,141,28125,23523
2020-06-03 09:21:41.860000,28174.69,28135,12419,28140,1006,28130,228,28125,23523
2020-06-03 09:21:42.670000,28174.69,28135,12419,28140,1006,28130,228,28125,23523
2020-06-03 09:21:44.480000,28174.69,28135,12469,28140,956,28130,228,28125,23523
2020-06-03 09:21:44.870000,28174.69,28135,12518,28140,956,28130,228,28125,23523
2020-06-03 09:21:46.010000,28174.69,28135,12518,28140,956,28130,228,28125,23523
2020-06-03 09:21:46.500000,28174.69,28135,12518,28140,956,28130,249,28125,23523
2020-06-03 09:21:47.590000,28174.69,28135,6979,28140,6495,28130,5762,28125,18010
2020-06-03 09:21:48.610000,28174.69,28135,100,28140,13374,28130,21339,28125,2411
2020-06-03 09:21:49.060000,28174.69,28135,109,28140,13374,28130,21339,28125,2411
2020-06-03 09:21:50.180000,28155.79,28135,12527,28140,956,28130,5740,28125,18010
2020-06-03 09:21:51.210000,28155.79,28135,7008,28140,6495,28130,5740,28125,18010
2020-06-03 09:21:52.260000,28155.79,28135,12547,28140,956,28130,227,28125,23523
2020-06-03 09:21:52.700000,28155.79,28135,12547,28140,956,28130,227,28125,23523
2020-06-03 09:21:53.850000,28155.79,28130,6652,28135,5668,28125,5524,28120,15625
2020-06-03 09:21:54.880000,28155.79,28135,12320,28140,956,28125,21123,28120,26
2020-06-03 09:21:55.950000,28155.79,28135,12320,28140,961,28125,21123,28120,20026
2020-06-03 09:21:56.400000,28155.79,28135,12320,28140,961,28125,21123,28120,20026
2020-06-03 09:21:57.290000,28155.79,28130,9,28135,12311,28125,21123,28120,20026
2020-06-03 09:21:58.210000,28155.79,28135,12311,28140,961,28125,21123,28120,20026
2020-06-03 09:21:59.270000,28167.4,28135,12311,28140,961,28130,5513,28125,15610
2020-06-03 09:22:00.270000,28167.4,28135,12311,28140,934,28125,21123,28120,20026
2020-06-03 09:22:01.300000,28167.4,28130,500,28135,12311,28125,21123,28120,20026
2020-06-03 09:22:03.410000,28167.4,28130,500,28135,12311,28125,21123,28120,26
2020-06-03 09:22:03.800000,28167.4,28130,12641,28135,120,28125,5524,28120,15625
2020-06-03 09:22:04.970000,28167.4,28130,12641,28135,125,28125,5524,28120,15625
2020-06-03 09:22:06.030000,28167.4,28130,12641,28135,125,28125,11,28120,21138
2020-06-03 09:22:06.560000,28167.4,28130,12641,28135,125,28125,5524,28120,15625
2020-06-03 09:22:08.640000,28167.4,28130,12641,28135,125,28125,11,28120,21138
2020-06-03 09:22:09.090000,28167.4,28125,6641,28130,5989,28120,5539,28115,15876
2020-06-03 09:22:10.220000,28190.56,28125,15030,28135,125,28120,5539,28115,15876
2020-06-03 09:22:11.280000,28190.56,28120,6615,28125,8389,28115,5790,28110,38117
2020-06-03 09:22:11.800000,28190.56,28125,7060,28130,5539,28120,5513,28115,15876
2020-06-03 09:22:12.860000,28190.56,28125,7060,28130,5589,28120,5513,28115,15876
2020-06-03 09:22:13.910000,28190.56,28125,12599,28130,50,28120,5513,28115,15876
2020-06-03 09:22:14.470000,28190.56,28120,6615,28125,8384,28115,5780,28110,18117
2020-06-03 09:22:15.360000,28190.56,28120,7060,28125,7939,28115,5780,28110,18117
2020-06-03 09:22:16.530000,28190.56,28120,12599,28125,2400,28115,5780,28110,18117
2020-06-03 09:22:17.060000,28190.56,28115,8638,28120,8384,28110,8021,28105,35599
2020-06-03 09:22:17.970000,28190.56,28115,14622,28120,2400,28110,2518,28105,21102
2020-06-03 09:22:19.150000,28190.56,28115,445,28120,14277,28110,23620,28100,22967
2020-06-03 09:22:19.760000,28190.56,28115,445,28120,14277,28110,23620,28100,22967
2020-06-03 09:22:20.760000,28161.36,28120,11877,28125,2400,28115,5058,28110,18117
2020-06-03 09:22:21.790000,28161.36,28120,11877,28125,2400,28110,23175,28105,20000
2020-06-03 09:22:23.370000,28161.36,28115,22,28120,11877,28110,23175,28105,20000
2020-06-03 09:22:25.070000,28161.36,28125,14277,28130,50,28115,20657,28110,2518
2020-06-03 09:22:25.900000,28161.36,28120,11877,28125,2400,28115,5058,28110,18117
2020-06-03 09:22:27.070000,28161.36,28120,11877,28125,2400,28115,5058,28110,18117
2020-06-03 09:22:27.570000,28161.36,28120,11877,28125,2400,28110,23175,28105,20000
2020-06-03 09:22:28.650000,28161.36,28120,5539,28125,8738,28110,23175,28105,20000
2020-06-03 09:22:29.190000,28161.36,28120,5539,28125,8738,28110,23175,28105,20000
2020-06-03 09:22:30.240000,28158.88,28120,5539,28125,8738,28115,101,28110,23175
2020-06-03 09:22:31.270000,28158.88,28120,5566,28125,8738,28115,101,28110,23175
2020-06-03 09:22:32.320000,28158.88,28115,5538,28120,8765,28110,7676,28105,15599
2020-06-03 09:22:32.800000,28158.88,28115,5538,28120,8765,28110,2618,28105,20657
2020-06-03 09:22:33.890000,28158.88,28115,5538,28120,8765,28110,2618,28105,20657
2020-06-03 09:22:34.940000,28158.88,28115,10,28120,14303,28110,7676,28105,15599
2020-06-03 09:22:35.360000,28158.88,28115,11886,28120,2427,28110,7676,28100,36116
2020-06-03 09:22:36.080000,28158.88,28115,11886,28120,2427,28110,2518,28105,5158
2020-06-03 09:22:37.050000,28158.88,28115,11886,28120,2427,28110,2518,28105,5158
2020-06-03 09:22:39.610000,28158.88,28115,6348,28120,7965,28110,7576,28105,100
2020-06-03 09:22:40.100000,28168.81,28115,11886,28120,2427,28110,7576,28105,100
2020-06-03 09:22:41.770000,28168.81,28115,11886,28120,2427,28110,7576,28105,100
2020-06-03 09:22:42.560000,28168.81,28115,11684,28120,2427,28105,5158,28100,36116
2020-06-03 09:22:43.560000,28168.81,28115,9284,28120,2427,28110,5058,28105,100
2020-06-03 09:22:44.490000,28168.81,28115,9289,28120,2427,28105,5158,28100,36116
2020-06-03 09:22:46.160000,28168.81,28115,3751,28120,7965,28110,5048,28105,100
2020-06-03 09:22:47.130000,28168.81,28120,11701,28125,2400,28115,2485,28110,5148
2020-06-03 09:22:48.160000,28168.81,28120,9301,28125,2500,28115,2485,28110,5048
2020-06-03 09:22:48.660000,28168.81,28120,7416,28125,2400,28110,5149,28105,15599
2020-06-03 09:22:49.460000,28168.81,28120,6816,28125,2400,28115,5048,28110,101
2020-06-03 09:22:50.260000,28149.63,28120,6816,28125,2400,28115,5048,28110,101
2020-06-03 09:22:51.300000,28149.63,28120,6816,28125,2400,28110,5149,28105,35599
2020-06-03 09:22:53.660000,28149.63,28120,6816,28125,2400,28110,5149,28105,35599
2020-06-03 09:22:54.930000,28149.63,28120,6817,28125,2400,28110,5149,28105,35599
2020-06-03 09:22:55.370000,28149.63,28120,924,28125,9189,28115,5148,28110,15600
2020-06-03 09:22:56.490000,28149.63,28120,7313,28125,2300,28115,5044,28110,101
2020-06-03 09:22:57.520000,28149.63,28120,7313,28125,2400,28110,5045,28105,35699
2020-06-03 09:22:58.070000,28149.63,28120,5213,28125,2400,28115,5044,28110,1
2020-06-03 09:22:58.970000,28149.63,28125,9351,28130,51,28120,2478,28115,4944
2020-06-03 09:23:00.130000,28158.55,28120,13827,28125,8100,28115,4944,28110,1
2020-06-03 09:23:01.180000,28158.55,28120,19527,28125,2400,28115,4946,28110,1
2020-06-03 09:23:01.770000,28158.55,28120,19527,28125,2400,28115,4946,28110,1
2020-06-03 09:23:02.660000,28158.55,28120,19527,28125,2400,28115,2,28110,4945
2020-06-03 09:23:03.500000,28158.55,28115,15825,28120,7600,28110,4945,28100,36316
2020-06-03 09:23:04.350000,28158.55,28120,21325,28125,2400,28115,2500,28110,4947
2020-06-03 09:23:05.390000,28158.55,28120,19525,28125,2400,28115,2500,28110,4947
2020-06-03 09:23:05.800000,28158.55,28120,19525,28125,7300,28115,2500,28110,4947
2020-06-03 09:23:06.660000,28158.55,28120,22025,28125,7300,28110,4947,28105,35599
2020-06-03 09:23:07.520000,28158.55,28120,17025,28125,7300,28110,4947,28105,40599
2020-06-03 09:23:08.550000,28158.55,28120,11325,28125,13000,28115,4944,28110,3
2020-06-03 09:23:10.670000,28146.38,28120,17025,28125,7300,28115,4944,28110,3
2020-06-03 09:23:11.060000,28146.38,28120,17036,28125,7300,28115,50,28110,4947
2020-06-03 09:23:12.220000,28146.38,28120,11,28125,19375,28115,4994,28110,20602
2020-06-03 09:23:13.270000,28146.38,28125,13050,28130,5002,28120,2114,28115,4994
2020-06-03 09:23:13.860000,28146.38,28125,10750,28130,5002,28115,5394,28110,35602
2020-06-03 09:23:14.900000,28146.38,28125,5750,28130,5496,28115,5394,28110,40602
2020-06-03 09:23:15.790000,28146.38,28125,12250,28130,5496,28115,4994,28110,20003
2020-06-03 09:23:16.960000,28146.38,28120,5700,28125,6550,28115,4994,28110,3
2020-06-03 09:23:17.990000,28146.38,28125,12250,28130,5496,28115,5394,28110,3
2020-06-03 09:23:18.560000,28146.38,28120,5700,28125,6550,28115,4984,28110,3
2020-06-03 09:23:19.460000,28165.71,28120,5700,28125,6550,28115,40,28110,4947
2020-06-03 09:23:20.620000,28165.71,28120,5700,28125,6550,28115,40,28110,5947
2020-06-03 09:23:21.650000,28165.71,28120,5700,28125,6550,28115,40,28110,5947
2020-06-03 09:23:22.160000,28165.71,28120,25754,28125,6550,28115,40,28110,5947
2020-06-03 09:23:22.990000,28165.71,28120,25754,28125,6550,28115,5384,28110,1003
2020-06-03 09:23:24.260000,28165.71,28120,25754,28125,6550,28115,40,28110,5947
2020-06-03 09:23:25.820000,28165.71,28120,25754,28125,6550,28115,40,28110,5947
2020-06-03 09:23:26.260000,28165.71,28120,25754,28125,6550,28115,40,28110,5947
2020-06-03 09:23:27.410000,28165.71,28120,1,28125,32303,28115,5384,28110,16602
2020-06-03 09:23:27.870000,28165.71,28125,50,28130,26249,28120,5343,28115,21039
2020-06-03 09:23:28.990000,28165.71,28130,26249,28135,5025,28125,2750,28120,5343
2020-06-03 09:23:30.010000,28165.71,28130,26249,28135,5025,28125,2450,28120,5362
2020-06-03 09:23:31.100000,28170.63,28130,26249,28135,5025,28125,2450,28120,5362
2020-06-03 09:23:32.130000,28170.63,28125,17604,28130,11195,28120,5362,28115,20440
2020-06-03 09:23:32.660000,28170.63,28130,23799,28135,5025,28125,2500,28120,5362
2020-06-03 09:23:34.750000,28170.63,28130,496,28135,23328,28125,7821,28120,21018
2020-06-03 09:23:35.270000,28170.63,28130,17604,28135,5724,28125,7325,28120,5419
2020-06-03 09:23:36.300000,28170.63,28130,23303,28135,5025,28125,6925,28120,419
2020-06-03 09:23:37.360000,28170.63,28130,23303,28135,5025,28125,2478,28120,4866
2020-06-03 09:23:38.420000,28170.63,28130,23303,28135,5025,28125,2473,28120,4866
2020-06-03 09:23:40.470000,28177.76,28130,23303,28135,5075,28125,2473,28120,4866
2020-06-03 09:23:41.600000,28177.76,28130,23305,28135,5075,28125,2473,28120,4866
2020-06-03 09:23:42.160000,28177.76,28130,23305,28135,5075,28125,2873,28120,4866
2020-06-03 09:23:42.890000,28177.76,28130,23305,28135,5075,28125,2413,28120,4866
2020-06-03 09:23:44.800000,28177.76,28130,23305,28135,5075,28125,2413,28120,4847
2020-06-03 09:23:46.360000,28177.76,28130,23305,28135,5075,28125,2409,28120,4847
2020-06-03 09:23:47.420000,28177.76,28125,15194,28130,10701,28120,4847,28115,440
2020-06-03 09:23:48.470000,28177.76,28130,20895,28135,5075,28120,4847,28115,21039
2020-06-03 09:23:48.970000,28177.76,28130,20895,28135,5075,28120,4847,28115,21039
2020-06-03 09:23:50.030000,28177.76,28130,20895,28135,5075,28120,4844,28115,41039
2020-06-03 09:23:51.090000,28175.98,28125,15194,28130,10701,28120,4834,28115,20440
2020-06-03 09:23:51.590000,28175.98,28125,15194,28130,10701,28120,4834,28115,20440
2020-06-03 09:23:52.690000,28175.98,28130,20895,28135,5075,28120,4847,28115,41039
2020-06-03 09:23:53.750000,28175.98,28130,20895,28135,5075,28120,4847,28115,41239
2020-06-03 09:23:54.260000,28175.98,28125,66,28130,20895,28120,4847,28115,21239
2020-06-03 09:23:55.170000,28175.98,28130,20895,28135,5075,28125,4381,28120,400
2020-06-03 09:23:56.360000,28175.98,28130,20894,28135,5075,28125,4381,28120,400
2020-06-03 09:23:56.790000,28175.98,28130,15196,28135,10773,28125,4381,28120,400
2020-06-03 09:23:57.900000,28175.98,28130,20894,28135,5075,28120,4781,28115,41239
2020-06-03 09:23:58.950000,28175.98,28125,15194,28130,10700,28120,4381,28115,20640
2020-06-03 09:23:59.290000,28175.98,28125,20892,28130,5002,28115,5021,28110,41604
2020-06-03 09:24:01.570000,28180.78,28125,105,28130,20894,28120,4381,28115,21239
2020-06-03 09:24:02.170000,28180.78,28125,22497,28130,5002,28120,4381,28115,640
2020-06-03 09:24:03.150000,28180.78,28125,22497,28130,5002,28115,4981,28110,41604
2020-06-03 09:24:04.210000,28180.78,28125,22497,28130,5002,28115,4981,28110,41604
2020-06-03 09:24:05.560000,28180.78,28125,22479,28130,5002,28115,4981,28110,41604
2020-06-03 09:24:06.370000,28180.78,28125,22479,28130,5002,28115,4981,28110,41604
2020-06-03 09:24:07.350000,28180.78,28125,27479,28130,5002,28115,4981,28110,16604
2020-06-03 09:24:08.400000,28180.78,28125,16831,28130,10705,28120,4381,28115,600
2020-06-03 09:24:08.700000,28180.78,28125,15331,28130,10705,28120,4381,28115,600
2020-06-03 09:24:09.990000,28180.78,28125,21029,28130,5017,28120,4359,28115,600
2020-06-03 09:24:10.400000,28176.65,28125,21038,28130,5017,28115,4959,28110,41604
2020-06-03 09:24:11.570000,28176.65,28125,21038,28130,5061,28115,4959,28110,41604
2020-06-03 09:24:12.160000,28176.65,28125,146,28130,20953,28120,4359,28115,21199
2020-06-03 09:24:13.130000,28176.65,28125,15340,28130,10759,28120,4759,28115,20600
2020-06-03 09:24:14.190000,28176.65,28125,21038,28130,5061,28115,24959,28110,41604
2020-06-03 09:24:15.460000,28176.65,28120,718,28125,21038,28115,4959,28110,41604
2020-06-03 09:24:17.690000,28176.65,28120,718,28125,21038,28115,4959,28110,41604
2020-06-03 09:24:19.470000,28153.57,28120,718,28125,21038,28115,4959,28110,41604
2020-06-03 09:24:19.960000,28153.57,28125,21038,28130,5061,28115,6300,28110,41604
2020-06-03 09:24:22.610000,28153.57,28125,21038,28130,5061,28120,5700,28115,600
2020-06-03 09:24:23.070000,28153.57,28125,21038,28130,5061,28115,6340,28110,41604
2020-06-03 09:24:24.180000,28153.57,28125,21038,28130,5061,28120,5700,28115,640
2020-06-03 09:24:24.660000,28153.57,28125,21038,28130,5061,28120,5700,28115,640
2020-06-03 09:24:26.270000,28153.57,28125,21038,28130,5061,28115,6340,28110,41604
2020-06-03 09:24:26.960000,28153.57,28125,21388,28130,5061,28115,6340,28110,41604
2020-06-03 09:24:27.830000,28153.57,28125,21388,28130,5061,28120,5700,28115,640
2020-06-03 09:24:29.020000,28153.57,28125,21389,28130,5061,28120,5700,28115,640
2020-06-03 09:24:30.990000,28167.79,28125,21389,28130,5111,28120,5700,28115,640
2020-06-03 09:24:31.470000,28167.79,28125,21389,28130,5111,28120,20,28115,6140
2020-06-03 09:24:32.530000,28167.79,28125,497,28130,21003,28120,5920,28115,21239
2020-06-03 09:24:33.560000,28167.79,28125,22989,28130,5111,28120,20,28115,6140
2020-06-03 09:24:34.090000,28167.79,28125,22989,28130,5504,28120,20,28115,6140
2020-06-03 09:24:35.110000,28167.79,28125,22989,28130,5504,28120,5504,28115,640
2020-06-03 09:24:36.160000,28167.79,28125,22989,28130,5504,28120,5504,28115,675
2020-06-03 09:24:36.690000,28167.79,28125,22989,28130,5504,28120,5504,28115,675
2020-06-03 09:24:37.720000,28167.79,28125,21389,28130,5504,28120,5504,28115,675
2020-06-03 09:24:38.190000,28167.79,28125,21389,28130,5504,28120,4,28115,6175
2020-06-03 09:24:39.860000,28167.79,28125,21389,28130,5504,28120,4,28115,6175
2020-06-03 09:24:41.890000,28148.86,28125,21389,28130,5504,28120,4,28115,6175
2020-06-03 09:24:42.290000,28148.86,28120,5,28125,21380,28115,6175,28110,41604
2020-06-03 09:24:43.170000,28148.86,28125,21380,28130,5504,28120,5495,28115,675
2020-06-03 09:24:43.980000,28148.86,28125,21385,28130,5504,28120,5495,28115,675
2020-06-03 09:24:45.010000,28148.86,28125,21385,28130,5504,28120,5195,28115,675
2020-06-03 09:24:45.470000,28148.86,28125,21385,28130,5504,28120,5212,28115,675
2020-06-03 09:24:48.180000,28148.86,28125,21385,28130,5504,28120,39,28115,5848
2020-06-03 09:24:48.590000,28148.86,28125,21386,28130,5504,28120,34,28115,5848
2020-06-03 09:24:49.730000,28148.86,28125,21386,28130,5504,28120,34,28115,5848
2020-06-03 09:24:50.260000,28147.69,28125,21386,28130,5504,28120,26,28115,5848
2020-06-03 09:24:51.840000,28147.69,28125,21386,28130,5504,28120,426,28115,5848
2020-06-03 09:24:54.370000,28147.69,28125,21386,28130,5504,28120,421,28115,5848
2020-06-03 09:24:55.170000,28147.69,28125,21386,28130,5504,28120,371,28115,5848
2020-06-03 09:24:55.990000,28147.69,28125,21380,28130,5504,28120,5944,28115,675
2020-06-03 09:24:57.020000,28147.69,28125,21380,28130,5534,28120,371,28115,5848
2020-06-03 09:24:57.490000,28147.69,28125,21380,28130,5534,28120,371,28115,5848
2020-06-03 09:24:58.620000,28147.69,28120,16223,28125,6197,28115,5848,28110,6005
2020-06-03 09:24:59.160000,28147.69,28120,20521,28125,5499,28115,275,28110,6178
2020-06-03 09:25:00.070000,28144.09,28120,20521,28125,5499,28115,5448,28110,1005
2020-06-03 09:25:01.210000,28144.09,28120,18033,28125,5499,28115,275,28110,6178
2020-06-03 09:25:02.260000,28144.09,28125,23532,28130,5534,28115,5848,28110,16604
2020-06-03 09:25:03.290000,28144.09,28125,18532,28130,5534,28115,5848,28110,21604
2020-06-03 09:25:04.350000,28144.09,28125,18532,28130,5534,28115,5843,28110,41604
2020-06-03 09:25:04.800000,28144.09,28125,18532,28130,5534,28115,5843,28110,41604
2020-06-03 09:25:05.930000,28144.09,28125,18532,28130,5534,28115,5826,28110,41604
2020-06-03 09:25:07.490000,28144.09,28125,499,28130,23567,28120,5173,28115,20653
2020-06-03 09:25:08.550000,28144.09,28125,20032,28130,5534,28115,25826,28110,26005
2020-06-03 09:25:09.610000,28144.09,28120,18033,28125,6999,28115,25826,28110,21005
2020-06-03 09:25:10.660000,28165.37,28120,12335,28125,7697,28115,5426,28110,6005
2020-06-03 09:25:11.720000,28165.37,28125,20032,28130,5534,28115,5426,28110,21604
2020-06-03 09:25:12.190000,28165.37,28125,18532,28130,5534,28120,5173,28115,253
2020-06-03 09:25:13.070000,28165.37,28120,50,28125,18482,28115,5426,28110,41604
2020-06-03 09:25:13.860000,28165.37,28125,449,28130,18567,28120,5123,28115,20852
2020-06-03 09:25:14.890000,28165.37,28125,438,28130,18567,28120,5112,28115,20852
2020-06-03 09:25:15.940000,28165.37,28125,20071,28130,5534,28120,5112,28115,20253
2020-06-03 09:25:16.390000,28165.37,28125,20071,28130,5534,28115,25365,28110,41614
2020-06-03 09:25:17.990000,28165.37,28125,20071,28130,5534,28115,5365,28110,41614
2020-06-03 09:25:19.080000,28165.37,28125,18471,28130,5534,28120,5112,28115,253
2020-06-03 09:25:20.140000,28159.24,28125,438,28130,18567,28120,5112,28115,20852
2020-06-03 09:25:20.590000,28159.24,28130,18567,28135,5042,28125,4652,28115,40852
2020-06-03 09:25:21.700000,28159.24,28130,18567,28135,5042,28125,4652,28115,40852
2020-06-03 09:25:24.360000,28159.24,28130,18567,28135,5042,28120,4652,28115,40852
2020-06-03 09:25:25.420000,28159.24,28130,18567,28135,5042,28125,4652,28115,40852
2020-06-03 09:25:26.470000,28159.24,28130,18567,28135,5042,28125,4652,28115,40852
2020-06-03 09:25:26.860000,28159.24,28130,18567,28135,5042,28125,4652,28115,40853
2020-06-03 09:25:28.030000,28159.24,28130,534,28135,23075,28125,4641,28120,15599
2020-06-03 09:25:28.470000,28159.24,28130,534,28135,23075,28125,4641,28120,35599
2020-06-03 09:25:29.580000,28159.24,28130,534,28135,18075,28125,4586,28120,40599
2020-06-03 09:25:30.640000,28164.54,28135,42,28140,18979,28130,4395,28125,20599
2020-06-03 09:25:31.680000,28164.54,28135,19575,28140,5946,28130,343,28125,25700
2020-06-03 09:25:32.170000,28164.54,28135,42,28140,18979,28130,6043,28125,40599
2020-06-03 09:25:37.260000,28164.54,28135,19675,28140,5946,28130,343,28125,5700
2020-06-03 09:25:39.120000,28164.54,28135,19675,28140,5946,28130,6043,28120,40599
2020-06-03 09:25:39.490000,28163.79,28135,42,28140,23979,28130,6043,28125,35599
2020-06-03 09:25:40.700000,28163.79,28135,42,28140,23979,28130,6043,28125,35599
2020-06-03 09:25:41.760000,28163.79,28135,12377,28140,6644,28130,6043,28125,25000
2020-06-03 09:25:42.290000,28163.79,28135,18075,28140,5946,28130,6043,28120,40599
2020-06-03 09:25:43.320000,28163.79,28135,18075,28140,5946,28130,346,28125,5700
2020-06-03 09:25:44.370000,28163.79,28135,18075,28140,5946,28130,320,28125,5700
2020-06-03 09:25:44.590000,28163.79,28135,18075,28140,5946,28130,320,28125,5704
2020-06-03 09:25:45.410000,28163.79,28130,19213,28135,5042,28125,4,28120,5700
2020-06-03 09:25:46.480000,28163.79,28135,22755,28140,5946,28125,5704,28120,15599
2020-06-03 09:25:46.990000,28163.79,28135,17755,28140,5946,28125,5704,28120,20599
2020-06-03 09:25:48.460000,28163.79,28135,17755,28140,5946,28125,5704,28120,40599
2020-06-03 09:25:49.660000,28163.79,28135,17755,28140,5946,28125,5704,28120,40599
2020-06-03 09:25:50.100000,28148.42,28135,17955,28140,5946,28125,5704,28120,40599
2020-06-03 09:25:51.230000,28148.42,28135,12577,28140,11324,28130,5700,28125,4
2020-06-03 09:25:52.260000,28148.42,28135,12577,28140,11324,28130,5500,28125,4
2020-06-03 09:25:52.760000,28148.42,28135,17955,28140,5946,28130,5500,28125,4
2020-06-03 09:25:53.850000,28148.42,28135,17955,28140,5946,28130,5500,28125,4
2020-06-03 09:25:54.880000,28148.42,28135,17955,28140,5946,28130,5500,28125,4
2020-06-03 09:25:56.430000,28148.42,28135,17955,28140,5946,28130,5478,28125,4
2020-06-03 09:25:56.860000,28148.42,28135,17955,28140,6021,28125,5482,28120,40599
2020-06-03 09:25:57.570000,28148.42,28135,242,28140,23734,28130,5478,28125,15603
2020-06-03 09:25:58.540000,28148.42,28135,17955,28140,1021,28130,5478,28125,5004
2020-06-03 09:25:59.600000,28167.04,28135,242,28140,18734,28130,5478,28125,20603
2020-06-03 09:26:00.660000,28167.04,28140,18734,28145,6323,28130,5236,28125,40603
2020-06-03 09:26:02.780000,28167.04,28140,18734,28145,6323,28130,5238,28125,40603
2020-06-03 09:26:03.820000,28167.04,28140,18734,28145,1323,28130,10238,28125,40603
2020-06-03 09:26:04.860000,28167.04,28135,5,28140,18734,28130,10273,28125,40603
2020-06-03 09:26:05.890000,28167.04,28140,18734,28145,6323,28135,17,28130,5273
2020-06-03 09:26:06.300000,28167.04,28140,18734,28145,6323,28135,5253,28130,37
2020-06-03 09:26:07.450000,28167.04,28140,1021,28145,19036,28135,5253,28130,20636
2020-06-03 09:26:07.860000,28167.04,28140,20334,28145,6323,28135,18,28130,5273
2020-06-03 09:26:09.020000,28167.04,28140,1021,28145,24036,28135,5254,28130,35636
2020-06-03 09:26:09.560000,28158.36,28140,1021,28145,19036,28135,5254,28130,40636
2020-06-03 09:26:10.470000,28158.36,28145,1323,28150,28410,28140,4215,28135,20612
2020-06-03 09:26:11.660000,28158.36,28145,19036,28150,15697,28135,5713,28130,40636
2020-06-03 09:26:14.270000,28158.36,28145,19028,28150,15697,28135,5713,28130,40636
2020-06-03 09:26:15.060000,28158.36,28145,19028,28150,15697,28140,5700,28135,13
2020-06-03 09:26:15.860000,28158.36,28145,1315,28150,28410,28140,5700,28135,20612
2020-06-03 09:26:17.360000,28158.36,28145,1315,28150,28410,28140,5700,28135,20612
2020-06-03 09:26:18.480000,28158.36,28145,2915,28150,28410,28140,5700,28135,5013
2020-06-03 09:26:18.970000,28158.36,28145,20628,28150,15697,28135,5713,28130,40636
2020-06-03 09:26:21.360000,28187.23,28145,19228,28150,15697,28140,2,28135,5713
2020-06-03 09:26:23.100000,28187.23,28145,19028,28150,15697,28140,2,28135,5713
2020-06-03 09:26:24.260000,28187.23,28140,22,28145,19028,28135,5713,28130,40636
2020-06-03 09:26:25.820000,28187.23,28140,19235,28145,6315,28135,5713,28130,37
2020-06-03 09:26:26.880000,28187.23,28140,22,28145,19028,28135,5713,28130,20636
2020-06-03 09:26:28.430000,28187.23,28145,14750,28150,15697,28135,5713,28130,20636
2020-06-03 09:26:28.690000,28187.23,28145,14750,28150,15697,28135,5713,28130,40636
2020-06-03 09:26:29.460000,28187.23,28145,14750,28150,15697,28135,5797,28130,40636
2020-06-03 09:26:30.490000,28183.87,28145,14750,28150,15697,28135,5800,28130,40636
2020-06-03 09:26:31.520000,28183.87,28140,22,28145,14750,28135,5800,28130,40636
2020-06-03 09:26:31.960000,28183.87,28150,25447,28155,5101,28140,5678,28135,40699
2020-06-03 09:26:33.080000,28183.87,28150,25447,28155,5101,28140,5678,28135,40699
2020-06-03 09:26:33.670000,28183.87,28145,14750,28150,15697,28140,5678,28135,20100
2020-06-03 09:26:34.660000,28183.87,28145,9050,28150,21397,28140,5678,28135,100
2020-06-03 09:26:35.750000,28183.87,28145,14750,28150,15697,28140,5678,28135,100
2020-06-03 09:26:36.780000,28183.87,28150,30447,28155,5101,28140,5678,28135,15699
2020-06-03 09:26:37.360000,28183.87,28150,25447,28155,5101,28140,5685,28135,40699
2020-06-03 09:26:38.910000,28183.87,28150,25447,28155,5101,28140,5685,28135,40699
2020-06-03 09:26:39.940000,28183.87,28150,25447,28155,5101,28140,5685,28135,40699
2020-06-03 09:26:42.530000,28186.83,28150,25447,28155,5101,28140,5642,28135,40699
2020-06-03 09:26:42.890000,28186.83,28150,25447,28155,5101,28145,5635,28140,7
2020-06-03 09:26:43.800000,28186.83,28150,20021,28155,10801,28145,5435,28140,7
2020-06-03 09:26:44.700000,28186.83,28150,26344,28155,5101,28145,5433,28140,7
2020-06-03 09:26:45.590000,28186.83,28150,26344,28155,5101,28145,5433,28140,7
2020-06-03 09:26:47.170000,28186.83,28150,26344,28155,5101,28145,5433,28140,7
2020-06-03 09:26:48.310000,28186.83,28150,20644,28155,10801,28145,5433,28140,7
2020-06-03 09:26:48.870000,28186.83,28150,26344,28155,5101,28140,5440,28135,40699
2020-06-03 09:26:50.400000,28185.09,28150,26349,28155,5101,28140,5440,28135,40699
2020-06-03 09:26:51.450000,28185.09,28150,26349,28155,5101,28140,5440,28135,40699
2020-06-03 09:26:52.490000,28185.09,28150,26349,28155,5101,28145,5433,28140,7
2020-06-03 09:26:52.870000,28185.09,28150,26349,28155,5101,28140,5440,28135,40699
2020-06-03 09:26:54.590000,28185.09,28150,26349,28155,5101,28140,5440,28135,5100
2020-06-03 09:26:55.630000,28185.09,28150,31349,28155,5101,28140,5440,28135,15699
2020-06-03 09:26:56.160000,28185.09,28145,14750,28150,16599,28140,5440,28135,100
2020-06-03 09:26:56.960000,28185.09,28145,14750,28150,16599,28140,5440,28135,100
2020-06-03 09:26:59.330000,28185.09,28145,14750,28150,16599,28140,7,28135,5533
2020-06-03 09:26:59.790000,28185.09,28145,14750,28150,16599,28140,5440,28135,100
2020-06-03 09:27:00.860000,28189.59,28150,26349,28155,5101,28140,5458,28135,20699
2020-06-03 09:27:01.900000,28189.59,28150,26349,28155,5101,28140,5458,28135,20699
2020-06-03 09:27:02.460000,28189.59,28150,26349,28155,5101,28140,5458,28135,40699
2020-06-03 09:27:03.300000,28189.59,28145,14751,28150,16599,28140,5458,28135,20100
2020-06-03 09:27:05.030000,28189.59,28145,14751,28150,16599,28140,25,28135,5533
2020-06-03 09:27:05.570000,28189.59,28145,14751,28150,16607,28140,5458,28135,100
2020-06-03 09:27:06.280000,28189.59,28145,9051,28150,22306,28140,5459,28135,100
2020-06-03 09:27:07.220000,28189.59,28145,14846,28150,16607,28140,5437,28135,100
2020-06-03 09:27:09.210000,28189.59,28145,14846,28150,16607,28140,4,28135,5533
2020-06-03 09:27:09.710000,28189.59,28145,14846,28150,16607,28140,5437,28135,100
2020-06-03 09:27:10.800000,28186.07,28145,14846,28150,16657,28140,5437,28135,100
2020-06-03 09:27:12.100000,28186.07,28145,100,28150,31403,28140,5437,28135,15699
2020-06-03 09:27:13.000000,28186.07,28145,100,28150,31403,28140,5455,28135,35699
2020-06-03 09:27:13.850000,28186.07,28145,100,28150,26403,28140,5455,28135,40699
2020-06-03 09:27:15.060000,28186.07,28145,100,28150,31403,28140,5455,28135,35699
2020-06-03 09:27:15.350000,28186.07,28145,100,28150,26403,28140,5455,28135,40699
2020-06-03 09:27:17.790000,28186.07,28145,14846,28150,16657,28140,5455,28135,100
2020-06-03 09:27:18.710000,28186.07,28145,9147,28150,22356,28140,5455,28135,100
2020-06-03 09:27:19.760000,28182.85,28145,9207,28150,22356,28140,5455,28135,100
2020-06-03 09:27:20.170000,28182.85,28145,160,28150,26403,28140,5455,28135,20699
2020-06-03 09:27:22.870000,28182.85,28145,9207,28150,17356,28140,5455,28135,25100
2020-06-03 09:27:23.990000,28182.85,28145,14906,28150,16657,28140,5455,28135,20100
2020-06-03 09:27:25.020000,28182.85,28145,14906,28150,16657,28140,22,28135,25533
2020-06-03 09:27:25.460000,28182.85,28145,14906,28150,16657,28140,22,28135,5533
2020-06-03 09:27:26.600000,28182.85,28145,14907,28150,16657,28140,5455,28135,100
2020-06-03 09:27:28.070000,28182.85,28145,9208,28150,22356,28140,5455,28135,100
2020-06-03 09:27:29.220000,28182.85,28145,14907,28150,16657,28140,5455,28135,100
2020-06-03 09:27:30.460000,28182.42,28145,14908,28150,16657,28140,5455,28135,100
2020-06-03 09:27:32.860000,28182.42,28145,14908,28150,16857,28140,22,28135,5533
2020-06-03 09:27:33.930000,28182.42,28145,14908,28150,16857,28140,22,28135,5533
2020-06-03 09:27:38.490000,28182.42,28145,14908,28150,16857,28140,22,28135,5533
2020-06-03 09:27:40.220000,28196.73,28145,14908,28150,16857,28140,22,28135,5533
2020-06-03 09:27:40.560000,28196.73,28140,9025,28145,10861,28135,5533,28130,2
2020-06-03 09:27:41.800000,28196.73,28140,9025,28145,10861,28135,5533,28130,2
2020-06-03 09:27:42.190000,28196.73,28140,9025,28145,10861,28135,5511,28130,2
2020-06-03 09:27:43.380000,28196.73,28140,14723,28145,5162,28135,5511,28130,2
2020-06-03 09:27:43.660000,28196.73,28140,14723,28145,5162,28135,5511,28130,2
2020-06-03 09:27:45.420000,28196.73,28145,14885,28150,16857,28135,5511,28130,40601
2020-06-03 09:27:46.690000,28196.73,28145,14885,28150,16857,28135,5511,28130,40601
2020-06-03 09:27:48.550000,28196.73,28145,14885,28150,16857,28140,5433,28135,78
2020-06-03 09:27:48.750000,28196.73,28140,5,28145,14885,28135,5411,28130,40601
2020-06-03 09:27:49.610000,28199.05,28140,5,28145,14885,28135,5411,28130,40601
2020-06-03 09:27:50.090000,28199.05,28145,14885,28150,16857,28135,5406,28130,40601
2020-06-03 09:27:52.220000,28199.05,28145,19885,28150,16857,28135,5406,28130,15601
2020-06-03 09:27:52.650000,28199.05,28140,9024,28145,10861,28135,5406,28130,2
2020-06-03 09:27:53.360000,28199.05,28140,9024,28145,5861,28135,5406,28130,5002
2020-06-03 09:27:54.330000,28199.05,28140,14747,28145,5162,28135,5406,28130,2
2020-06-03 09:27:55.560000,28199.05,28135,10146,28140,11323,28130,5330,28125,5
2020-06-03 09:27:56.430000,28199.05,28135,8946,28140,11323,28130,5330,28125,5
2020-06-03 09:27:57.480000,28199.05,28135,14645,28140,5624,28130,5330,28125,5
2020-06-03 09:27:57.890000,28199.05,28135,14645,28140,5624,28130,2,28125,5333
2020-06-03 09:27:59.030000,28199.05,28130,10644,28135,5699,28125,5333,28120,5000
2020-06-03 09:27:59.460000,28188.51,28135,8944,28140,11323,28130,5328,28125,5
2020-06-03 09:28:00.620000,28188.51,28135,8944,28140,11323,28130,5328,28125,5
2020-06-03 09:28:01.170000,28188.51,28135,14643,28140,5624,28130,5328,28125,5
2020-06-03 09:28:02.090000,28188.51,28140,15267,28145,5162,28130,5328,28125,20604
2020-06-03 09:28:03.230000,28188.51,28140,14667,28145,5162,28130,5328,28125,20604
2020-06-03 09:28:04.260000,28188.51,28140,8968,28145,10861,28135,5328,28125,20604
2020-06-03 09:28:04.700000,28188.51,28140,176,28145,14805,28135,5328,28130,20599
2020-06-03 09:28:05.810000,28188.51,28140,10820,28145,10861,28135,5328,28125,40604
2020-06-03 09:28:06.370000,28188.51,28145,14805,28150,16857,28135,5328,28130,20599
2020-06-03 09:28:07.200000,28188.51,28145,9106,28150,22556,28140,5328,28130,40599
2020-06-03 09:28:09.490000,28192.07,28145,162,28150,31500,28140,5328,28135,15599
2020-06-03 09:28:10.560000,28192.07,28145,162,28150,31500,28140,5328,28135,15599
2020-06-03 09:28:11.160000,28192.07,28145,10806,28150,22556,28140,5323,28130,40599
2020-06-03 09:28:12.160000,28192.07,28145,9106,28150,17556,28140,5323,28135,5000
2020-06-03 09:28:13.190000,28192.07,28145,9106,28150,17556,28140,5323,28135,5000
2020-06-03 09:28:14.260000,28192.07,28145,162,28150,31500,28140,5323,28135,15599
2020-06-03 09:28:14.660000,28192.07,28145,162,28150,26500,28140,5323,28135,20599
2020-06-03 09:28:15.820000,28192.07,28150,26500,28155,5102,28145,5161,28135,40599
2020-06-03 09:28:16.260000,28192.07,28150,26500,28155,5102,28140,5161,28135,40599
2020-06-03 09:28:17.100000,28192.07,28145,22,28150,26500,28140,5161,28135,40599
2020-06-03 09:28:20.580000,28189.77,28150,26500,28155,5102,28145,5139,28135,40599
2020-06-03 09:28:20.990000,28189.77,28150,26500,28155,5102,28140,5139,28135,40599
2020-06-03 09:28:22.180000,28189.77,28150,11857,28155,14745,28145,5139,28140,40599
2020-06-03 09:28:23.220000,28189.77,28150,11857,28155,19745,28145,5139,28140,35684
2020-06-03 09:28:24.250000,28189.77,28150,11856,28155,19745,28145,5139,28140,35684
2020-06-03 09:28:24.780000,28189.77,28155,14745,28160,768,28150,7639,28145,5000
2020-06-03 09:28:25.820000,28189.77,28155,14746,28160,5768,28145,5139,28140,20684
2020-06-03 09:28:27.390000,28189.77,28155,14746,28160,5768,28145,5139,28140,40684
2020-06-03 09:28:30.500000,28178.03,28155,14746,28160,5768,28145,25139,28140,40684
2020-06-03 09:28:31.560000,28178.03,28155,14746,28160,5768,28145,25139,28140,40684
2020-06-03 09:28:32.580000,28178.03,28150,14644,28155,5102,28145,20000,28140,25224
2020-06-03 09:28:32.990000,28178.03,28150,14644,28155,5102,28145,5139,28140,87
2020-06-03 09:28:34.190000,28178.03,28150,14644,28155,5102,28140,5226,28135,40599
2020-06-03 09:28:34.560000,28178.03,28150,14644,28155,5102,28140,5226,28135,40599
2020-06-03 09:28:35.770000,28178.03,28145,14644,28150,6700,28140,87,28135,25139
2020-06-03 09:28:36.160000,28178.03,28145,14644,28150,6700,28140,87,28135,5139
2020-06-03 09:28:39.890000,28178.37,28145,14604,28150,6700,28140,87,28135,5139
2020-06-03 09:28:41.560000,28178.37,28150,1700,28155,14706,28145,7639,28140,20686
2020-06-03 09:28:42.610000,28178.37,28150,16304,28155,5102,28145,2500,28140,5226
2020-06-03 09:28:44.180000,28178.37,28150,16304,28155,5102,28145,2500,28140,5226
2020-06-03 09:28:45.760000,28178.37,28150,8904,28155,10802,28145,7639,28140,87
2020-06-03 09:28:46.260000,28178.37,28155,14706,28160,5768,28145,7639,28140,40686
2020-06-03 09:28:47.320000,28178.37,28155,14811,28160,5768,28145,7639,28140,40686
2020-06-03 09:28:47.860000,28178.37,28155,14811,28160,5768,28150,5139,28145,2500
2020-06-03 09:28:48.760000,28178.37,28155,14821,28160,5768,28150,5139,28145,2500
2020-06-03 09:28:49.980000,28178.37,28155,217,28160,15372,28150,5139,28145,43099
2020-06-03 09:28:50.460000,28195.56,28155,217,28160,15377,28150,5139,28145,43099
2020-06-03 09:28:51.590000,28195.56,28160,15377,28165,5105,28150,4922,28145,43099
2020-06-03 09:28:53.090000,28195.56,28155,22,28160,15377,28150,4922,28145,43099
2020-06-03 09:28:58.930000,28195.56,28155,22,28160,15377,28150,4922,28145,43099
2020-06-03 09:28:59.990000,28205.12,28155,22,28160,15372,28150,4922,28145,43099
2020-06-03 09:29:00.370000,28205.12,28160,768,28165,14719,28155,4900,28150,40599
2020-06-03 09:29:01.570000,28205.12,28160,768,28165,14719,28155,4900,28150,40599
2020-06-03 09:29:02.160000,28205.12,28160,801,28165,14719,28155,4900,28150,40599
2020-06-03 09:29:04.760000,28205.12,28160,796,28165,14719,28155,4900,28150,40599
2020-06-03 09:29:05.490000,28205.12,28155,14604,28160,2496,28150,4900,28145,27500
2020-06-03 09:29:06.410000,28205.12,28155,14605,28160,7496,28145,27400,28140,40686
2020-06-03 09:29:07.270000,28205.12,28155,1,28160,17090,28150,4900,28145,43099
2020-06-03 09:29:08.450000,28205.12,28160,15890,28165,5115,28155,4899,28145,43099
2020-06-03 09:29:08.890000,28205.12,28160,15890,28165,5115,28155,4899,28145,43099
2020-06-03 09:29:10.010000,28205.12,28160,756,28165,14709,28155,4899,28150,20599
2020-06-03 09:29:10.560000,28195.8,28160,756,28165,14709,28155,4899,28150,20599
2020-06-03 09:29:11.360000,28195.8,28160,756,28165,14709,28155,4899,28150,40599
2020-06-03 09:29:12.260000,28195.8,28160,756,28165,14738,28155,4899,28150,40599
2020-06-03 09:29:13.060000,28195.8,28160,756,28165,14738,28155,4901,28150,40599
2020-06-03 09:29:14.260000,28195.8,28160,17050,28165,5144,28155,2,28150,4899
2020-06-03 09:29:14.760000,28195.8,28160,11350,28165,10844,28155,4901,28145,43099
2020-06-03 09:29:15.800000,28195.8,28160,17050,28165,5144,28155,2,28150,4899
2020-06-03 09:29:16.840000,28195.8,28160,17050,28165,5144,28155,2,28150,4899
2020-06-03 09:29:17.190000,28195.8,28155,7400,28160,11350,28150,4899,28145,27500
2020-06-03 09:29:18.400000,28195.8,28155,14602,28160,7456,28145,27399,28140,40686
2020-06-03 09:29:18.900000,28195.8,28155,14602,28160,7456,28145,7399,28140,40686
2020-06-03 09:29:20.570000,28209.14,28155,14602,28160,7456,28145,7399,28140,40686
2020-06-03 09:29:22.580000,28209.14,28155,14600,28160,7456,28145,7399,28140,40686
2020-06-03 09:29:23.100000,28209.14,28155,14600,28160,7456,28145,7399,28140,40686
2020-06-03 09:29:25.460000,28209.14,28155,10,28160,17046,28150,4899,28145,23099
2020-06-03 09:29:26.240000,28209.14,28155,10,28160,17046,28150,4899,28145,23099
2020-06-03 09:29:27.280000,28209.14,28155,310,28160,22046,28150,4899,28145,18099
2020-06-03 09:29:27.690000,28209.14,28155,10,28160,17046,28150,4899,28145,23099
2020-06-03 09:29:28.830000,28209.14,28155,10,28160,17046,28150,4877,28145,43099
2020-06-03 09:29:29.190000,28209.14,28155,10,28160,22046,28150,4877,28145,38099
2020-06-03 09:29:30.390000,28209.14,28155,16300,28160,7456,28150,4877,28145,22500
2020-06-03 09:29:30.880000,28208.94,28155,14600,28160,7456,28150,4877,28145,2500
2020-06-03 09:29:32.000000,28208.94,28155,10,28160,22046,28150,4877,28145,18099
2020-06-03 09:29:33.050000,28208.94,28155,15,28160,22046,28150,4877,28145,18099
2020-06-03 09:29:33.470000,28208.94,28155,16305,28160,7456,28145,27377,28140,40686
2020-06-03 09:29:34.610000,28208.94,28150,1,28155,16305,28145,27377,28140,40686
2020-06-03 09:29:35.160000,28208.94,28150,8895,28155,7411,28145,27377,28140,20087
2020-06-03 09:29:35.990000,28208.94,28150,1,28155,16305,28145,7377,28140,35686
2020-06-03 09:29:37.230000,28208.94,28155,14605,28160,7456,28145,7376,28140,40686
2020-06-03 09:29:41.290000,28205.51,28155,14605,28160,7456,28150,4876,28145,2500
2020-06-03 09:29:42.570000,28205.51,28155,15,28160,17046,28150,4876,28145,23099
2020-06-03 09:29:42.990000,28205.51,28155,14605,28160,7456,28150,4876,28145,2500
2020-06-03 09:29:44.150000,28205.51,28155,8909,28160,13152,28150,4871,28145,2500
2020-06-03 09:29:45.200000,28205.51,28155,15,28160,17046,28150,4871,28145,43099
2020-06-03 09:29:47.800000,28205.51,28155,15,28160,22046,28150,4871,28145,38099
2020-06-03 09:29:48.880000,28205.51,28155,16,28160,17046,28150,4871,28145,43099
2020-06-03 09:29:49.250000,28205.51,28160,17046,28165,5144,28150,4855,28145,43099
2020-06-03 09:29:50.460000,28208.44,28160,22046,28165,5144,28150,4855,28145,18099
2020-06-03 09:29:50.780000,28208.44,28160,22046,28165,5144,28150,4855,28145,18099
2020-06-03 09:29:51.560000,28208.44,28160,22046,28165,5144,28150,4855,28145,18099
2020-06-03 09:29:52.360000,28208.44,28155,355,28160,22046,28150,4855,28145,38099
2020-06-03 09:29:53.630000,28208.44,28155,355,28160,22046,28150,4855,28145,38102
2020-06-03 09:29:53.880000,28208.44,28155,355,28160,22046,28150,4855,28145,38102
2020-06-03 09:29:54.690000,28208.44,28155,355,28160,22046,28150,4856,28145,38102
2020-06-03 09:29:55.720000,28208.44,28155,355,28160,20346,28150,4856,28145,18102
2020-06-03 09:29:56.770000,28208.44,28155,355,28160,20346,28150,4861,28145,18102
2020-06-03 09:29:57.360000,28208.44,28160,15346,28165,5144,28150,4506,28145,23102
2020-06-03 09:29:58.310000,28208.44,28155,1,28160,15346,28150,4506,28145,43102
2020-06-03 09:29:59.370000,28208.44,28155,1,28160,20346,28150,4506,28145,38102
2020-06-03 09:30:00.410000,28224.31,28160,756,28165,14734,28155,4499,28150,20605
2020-06-03 09:30:00.970000,28224.31,28160,756,28165,14734,28155,4499,28150,40605
2020-06-03 09:30:01.970000,28224.31,28165,14734,28170,5208,28155,5710,28150,40605
2020-06-03 09:30:03.030000,28224.31,28165,14734,28170,5208,28155,5710,28150,40605
2020-06-03 09:30:04.060000,28224.31,28160,14612,28165,5444,28155,10,28150,5706
2020-06-03 09:30:05.120000,28224.31,28160,22,28165,15034,28155,5710,28150,20605
2020-06-03 09:30:06.150000,28224.31,28160,22,28165,15034,28155,5710,28150,40605
2020-06-03 09:30:07.720000,28224.31,28165,144,28170,19798,28160,5678,28155,15609
2020-06-03 09:30:08.260000,28224.31,28165,144,28170,14798,28160,5668,28155,20609
2020-06-03 09:30:09.170000,28224.31,28165,15634,28170,208,28160,5668,28155,5010
2020-06-03 09:30:10.340000,28237.07,28165,94,28170,19798,28160,5668,28155,35609
2020-06-03 09:30:11.400000,28237.07,28165,144,28170,19798,28160,5668,28155,35609
2020-06-03 09:30:11.850000,28237.07,28165,145,28170,19798,28160,5668,28155,35609
2020-06-03 09:30:12.960000,28237.07,28165,105,28170,14798,28160,5628,28155,40609
2020-06-03 09:30:13.390000,28237.07,28165,105,28170,14798,28160,5628,28155,40609
2020-06-03 09:30:16.120000,28237.07,28170,14798,28175,5311,28165,17,28160,5628
2020-06-03 09:30:16.560000,28237.07,28170,14798,28175,5311,28165,101,28160,5628
2020-06-03 09:30:17.350000,28237.07,28170,14798,28175,5311,28165,146,28160,5628
2020-06-03 09:30:19.310000,28237.07,28170,14798,28175,5311,28165,141,28160,5628
2020-06-03 09:30:22.990000,28244.53,28170,14758,28175,5311,28165,101,28160,5628
2020-06-03 09:30:23.370000,28244.53,28170,14758,28175,5311,28165,101,28160,5628
2020-06-03 09:30:24.570000,28244.53,28170,14758,28175,5311,28165,85,28160,5628
2020-06-03 09:30:25.080000,28244.53,28170,14758,28175,5311,28165,85,28160,5628
2020-06-03 09:30:26.150000,28244.53,28170,14758,28175,311,28165,5713,28160,5000
2020-06-03 09:30:26.760000,28244.53,28170,9062,28175,6007,28165,5713,28160,5000
2020-06-03 09:30:27.690000,28244.53,28170,168,28175,14901,28165,5713,28160,40599
2020-06-03 09:30:28.720000,28244.53,28175,14901,28180,5176,28165,5713,28160,40599
2020-06-03 09:30:29.160000,28244.53,28175,14901,28180,5176,28165,5713,28160,40599
2020-06-03 09:30:30.300000,28229.2,28175,311,28180,19766,28170,5628,28165,35684
2020-06-03 09:30:31.360000,28229.2,28175,266,28180,14766,28170,5628,28165,40684
2020-06-03 09:30:31.750000,28229.2,28180,176,28185,14608,28175,5437,28170,20599
2020-06-03 09:30:32.930000,28229.2,28180,429,28185,14608,28175,5417,28170,40599
2020-06-03 09:30:33.970000,28229.2,28180,1051,28185,14608,28175,5417,28170,40599
2020-06-03 09:30:34.360000,28229.2,28180,1051,28185,14608,28175,5417,28170,40599
2020-06-03 09:30:35.570000,28229.2,28185,5714,28190,8965,28180,4366,28175,20599
2020-06-03 09:30:36.070000,28229.2,28185,18,28190,19661,28180,4366,28175,35599
2020-06-03 09:30:37.160000,28229.2,28185,18,28190,14661,28180,4166,28175,40599
2020-06-03 09:30:37.690000,28229.2,28190,14661,28195,5014,28180,5682,28175,40599
2020-06-03 09:30:38.750000,28229.2,28190,14661,28195,5014,28180,5682,28175,40599
2020-06-03 09:30:39.810000,28229.2,28190,71,28195,14604,28185,5459,28180,40599
2020-06-03 09:30:43.490000,28241.96,28195,14,28200,15248,28190,5388,28185,40599
2020-06-03 09:30:44.550000,28241.96,28195,14,28200,15248,28190,5388,28185,40599
2020-06-03 09:30:45.690000,28241.96,28195,16104,28200,5658,28185,25388,28180,40599
2020-06-03 09:30:46.620000,28241.96,28195,14604,28200,658,28190,5388,28185,5000
2020-06-03 09:30:47.660000,28241.96,28195,14,28200,15248,28190,5388,28185,20599
2020-06-03 09:30:47.980000,28241.96,28195,14,28200,15248,28190,5388,28185,20599
2020-06-03 09:30:49.720000,28250.49,28195,14,28200,15248,28190,5388,28185,40599
2020-06-03 09:30:50.780000,28250.49,28200,659,28205,14600,28195,5375,28190,20599
2020-06-03 09:30:51.260000,28250.49,28200,670,28205,14600,28195,5375,28190,20599
2020-06-03 09:30:52.390000,28250.49,28205,14600,28210,5000,28200,20,28195,4705
2020-06-03 09:30:52.970000,28250.49,28205,14600,28210,5000,28200,10,28195,4705
2020-06-03 09:30:55.540000,28250.49,28205,14600,28210,5000,28200,10,28195,4705
2020-06-03 09:30:56.570000,28250.49,28205,14560,28210,5000,28200,10,28195,4705
2020-06-03 09:30:56.790000,28250.49,28205,14560,28210,5000,28200,9,28195,4705
2020-06-03 09:30:57.610000,28250.49,28205,14560,28210,5000,28200,9,28195,4705
2020-06-03 09:30:59.680000,28250.49,28210,14560,28215,5000,28200,4714,28195,20599
2020-06-03 09:31:01.210000,28262.96,28215,14560,28220,5003,28205,4705,28200,20608
2020-06-03 09:31:02.280000,28262.96,28215,14560,28220,5003,28205,4700,28200,40608
2020-06-03 09:31:03.320000,28262.96,28210,1,28215,14560,28205,4700,28200,40608
2020-06-03 09:31:03.700000,28262.96,28210,1,28215,14560,28205,4700,28200,40608
2020-06-03 09:31:04.870000,28262.96,28210,1,28215,14560,28205,4700,28200,40608
2020-06-03 09:31:06.670000,28262.96,28215,5666,28220,8897,28210,4700,28205,40599
2020-06-03 09:31:07.490000,28262.96,28215,14560,28220,5003,28205,24700,28200,40608
2020-06-03 09:31:08.560000,28262.96,28220,14563,28225,5051,28210,4700,28205,40599
2020-06-03 09:31:08.960000,28262.96,28220,14563,28225,5051,28210,4700,28205,40599
2020-06-03 09:31:09.660000,28268.15,28220,3,28225,19611,28215,4700,28210,35599
2020-06-03 09:31:10.630000,28268.15,28220,16063,28225,5051,28210,24700,28205,40599
2020-06-03 09:31:11.690000,28268.15,28215,46,28220,16063,28210,24700,28205,40599
2020-06-03 09:31:12.740000,28268.15,28220,16063,28225,5051,28215,4474,28205,40599
2020-06-03 09:31:13.090000,28268.15,28220,14564,28225,5051,28215,100,28210,4474
2020-06-03 09:31:14.320000,28268.15,28220,14564,28225,5051,28215,100,28210,4474
2020-06-03 09:31:14.690000,28268.15,28220,14564,28225,5051,28215,78,28210,4474
2020-06-03 09:31:15.870000,28268.15,28220,14564,28225,5051,28215,77,28210,4474
2020-06-03 09:31:16.080000,28268.15,28220,34,28225,14611,28215,4546,28210,20599
2020-06-03 09:31:16.930000,28268.15,28220,14594,28225,51,28215,72,28210,9474
2020-06-03 09:31:17.940000,28268.15,28220,214,28225,19611,28215,4546,28210,15599
2020-06-03 09:31:18.460000,28268.15,28220,14774,28225,5051,28215,72,28210,4474
2020-06-03 09:31:19.990000,28272.68,28220,14774,28225,5051,28215,72,28210,4474
2020-06-03 09:31:21.570000,28272.68,28220,214,28225,14611,28215,4546,28210,20599
2020-06-03 09:31:22.630000,28272.68,28220,214,28225,14611,28215,4546,28210,20599
2020-06-03 09:31:24.070000,28272.68,28220,214,28225,14611,28215,4546,28210,40599
2020-06-03 09:31:25.570000,28272.68,28220,14774,28225,5051,28215,72,28210,24474
2020-06-03 09:31:26.360000,28272.68,28220,14774,28225,51,28215,72,28210,29474
2020-06-03 09:31:27.100000,28272.68,28220,14774,28225,5051,28215,72,28210,4474
2020-06-03 09:31:27.860000,28272.68,28220,14774,28225,5051,28215,72,28210,4474
2020-06-03 09:31:28.910000,28272.68,28220,14774,28225,5051,28215,72,28210,4474
2020-06-03 09:31:29.270000,28272.68,28220,14774,28225,5051,28215,242,28210,4474
2020-06-03 09:31:29.890000,28272.68,28220,14774,28225,5051,28215,242,28210,4474
2020-06-03 09:31:31.360000,28260.77,28220,214,28225,14611,28215,4706,28210,20599
2020-06-03 09:31:32.560000,28260.77,28220,224,28225,14611,28215,4706,28210,20599
2020-06-03 09:31:33.060000,28260.77,28220,14784,28225,5051,28215,232,28210,4474
2020-06-03 09:31:34.130000,28260.77,28220,14784,28225,51,28215,232,28210,9474
2020-06-03 09:31:35.170000,28260.77,28220,224,28225,14611,28215,4706,28210,20599
2020-06-03 09:31:35.690000,28260.77,28220,224,28225,14611,28215,4676,28210,20599
2020-06-03 09:31:37.160000,28260.77,28220,224,28225,14611,28215,4676,28210,40599
2020-06-03 09:31:37.970000,28260.77,28220,224,28225,14611,28215,4676,28210,40599
2020-06-03 09:31:40.360000,28259.92,28220,223,28225,14611,28215,4676,28210,40599
2020-06-03 09:31:41.420000,28259.92,28225,14611,28230,5036,28215,5902,28210,40599
2020-06-03 09:31:41.890000,28259.92,28225,14611,28230,5036,28215,5902,28210,20599
2020-06-03 09:31:45.040000,28259.92,28225,14611,28230,5036,28215,5902,28210,40599
2020-06-03 09:31:45.470000,28259.92,28225,8905,28230,10702,28220,5700,28215,162
2020-06-03 09:31:46.640000,28259.92,28225,11,28230,14596,28220,5700,28215,20761
2020-06-03 09:31:47.090000,28259.92,28225,11,28230,14596,28220,5700,28215,40761
2020-06-03 09:31:48.800000,28259.92,28225,11,28230,14616,28220,5700,28215,40761
2020-06-03 09:31:50.370000,28278.97,28230,14616,28235,5001,28220,5667,28215,40761
2020-06-03 09:31:51.360000,28278.97,28225,36,28230,14616,28220,5667,28215,40761
2020-06-03 09:31:52.100000,28278.97,28225,36,28230,14616,28220,5667,28215,40761
2020-06-03 09:31:52.960000,28278.97,28225,36,28230,14616,28220,5667,28215,40761
2020-06-03 09:31:53.990000,28278.97,28225,36,28230,14616,28220,10667,28215,40761
2020-06-03 09:31:54.400000,28278.97,28230,14616,28235,1,28225,5631,28220,5000
2020-06-03 09:31:55.600000,28278.97,28230,14616,28235,5001,28220,5631,28215,40761
2020-06-03 09:31:55.890000,28278.97,28230,14616,28235,5001,28225,40,28220,5631
2020-06-03 09:31:57.160000,28278.97,28230,14616,28235,1,28225,40,28220,10631
2020-06-03 09:31:57.490000,28278.97,28230,14616,28235,5001,28225,40,28220,5631
2020-06-03 09:31:58.740000,28278.97,28230,14616,28235,1,28225,40,28220,10631
2020-06-03 09:31:59.070000,28278.97,28230,14616,28235,1,28225,35,28220,30631
2020-06-03 09:32:00.330000,28278.97,28230,56,28235,14561,28225,5666,28220,40599
2020-06-03 09:32:00.690000,28275.9,28230,56,28235,14561,28225,5666,28220,40599
2020-06-03 09:32:01.660000,28275.9,28230,14616,28235,1,28225,35,28220,30631
2020-06-03 09:32:02.560000,28275.9,28230,14636,28235,5001,28225,35,28220,5631
2020-06-03 09:32:03.350000,28275.9,28230,14636,28235,1,28225,30,28220,10631
2020-06-03 09:32:04.590000,28275.9,28230,14636,28235,5001,28225,39,28220,5631
2020-06-03 09:32:04.890000,28275.9,28230,14606,28235,1,28225,39,28220,10631
2020-06-03 09:32:05.670000,28275.9,28230,46,28235,19561,28225,5670,28220,35599
2020-06-03 09:32:06.710000,28275.9,28230,46,28235,14561,28225,5670,28220,40599
2020-06-03 09:32:08.290000,28275.9,28230,46,28235,14561,28225,5670,28220,40619
2020-06-03 09:32:08.590000,28275.9,28230,46,28235,14561,28225,5669,28220,40619
2020-06-03 09:32:09.460000,28277.45,28235,14561,28240,5016,28230,5585,28225,122
2020-06-03 09:32:10.190000,28277.45,28235,14555,28240,16,28230,5585,28225,5122
2020-06-03 09:32:11.470000,28277.45,28240,15871,28245,5000,28230,5465,28225,20721
2020-06-03 09:32:11.960000,28277.45,28240,21034,28245,5000,28230,5465,28225,15721
2020-06-03 09:32:13.070000,28277.45,28240,16034,28245,5000,28230,5465,28225,20693
2020-06-03 09:32:13.600000,28277.45,28240,16034,28245,5000,28230,5465,28225,40693
2020-06-03 09:32:14.610000,28277.45,28240,15871,28245,5000,28230,5302,28225,40693
2020-06-03 09:32:15.660000,28277.45,28240,14591,28245,5000,28230,5302,28225,40693
2020-06-03 09:32:17.950000,28277.45,28240,14591,28245,5000,28230,5302,28225,40693
2020-06-03 09:32:18.810000,28277.45,28240,14591,28245,5000,28230,5290,28225,40693
2020-06-03 09:32:19.840000,28277.45,28240,14591,28245,5000,28230,5290,28225,20693
2020-06-03 09:32:20.890000,28294.88,28240,14590,28245,5000,28230,5290,28225,20693
2020-06-03 09:32:21.270000,28294.88,28240,14590,28245,5000,28230,5290,28225,20693
2020-06-03 09:32:22.470000,28294.88,28240,14590,28245,5000,28230,5290,28225,40693
2020-06-03 09:32:22.720000,28294.88,28240,14590,28245,5000,28230,5290,28225,40693
2020-06-03 09:32:24.580000,28294.88,28235,10,28240,14590,28230,5290,28225,40693
2020-06-03 09:32:24.950000,28294.88,28240,14430,28245,5000,28230,5290,28225,40693
2020-06-03 09:32:26.150000,28294.88,28245,14430,28250,5121,28240,40,28235,5268
2020-06-03 09:32:26.560000,28294.88,28245,14430,28250,5121,28240,40,28235,5268
2020-06-03 09:32:29.280000,28294.88,28245,14440,28250,5121,28240,40,28235,5268
2020-06-03 09:32:31.590000,28292.19,28245,14440,28250,5151,28240,40,28235,5268
2020-06-03 09:32:32.420000,28292.19,28245,14400,28250,5151,28235,5268,28230,40609
2020-06-03 09:32:32.890000,28292.19,28245,14400,28250,5151,28235,5268,28230,40609
2020-06-03 09:32:33.980000,28292.19,28245,14400,28250,5151,28235,5268,28230,20609
2020-06-03 09:32:34.290000,28292.19,28245,14400,28250,5151,28235,5268,28230,20609
2020-06-03 09:32:35.060000,28292.19,28245,14400,28250,5151,28235,5268,28230,20599
2020-06-03 09:32:35.760000,28292.19,28240,50,28245,14400,28235,5268,28230,40599
2020-06-03 09:32:36.640000,28292.19,28240,50,28245,14400,28235,5268,28230,40629
2020-06-03 09:32:37.170000,28292.19,28240,15740,28245,5010,28230,25298,28225,40683
2020-06-03 09:32:38.060000,28292.19,28240,50,28245,14400,28235,5268,28230,40629
2020-06-03 09:32:39.400000,28311.05,28245,10,28250,14541,28240,5218,28235,20599
2020-06-03 09:32:40.310000,28311.05,28245,5506,28250,9045,28240,5218,28235,20599
2020-06-03 09:32:41.370000,28311.05,28245,10,28250,19541,28240,5218,28235,15599
2020-06-03 09:32:42.420000,28311.05,28245,10,28250,14541,28240,5218,28235,40599
2020-06-03 09:32:43.480000,28311.05,28245,10,28250,14541,28240,5217,28235,40599
2020-06-03 09:32:43.850000,28311.05,28245,10,28250,14541,28240,5217,28235,40599
2020-06-03 09:32:45.020000,28311.05,28250,14541,28255,5010,28240,5197,28235,40599
2020-06-03 09:32:46.090000,28311.05,28250,14541,28255,5010,28245,5197,28235,40599
2020-06-03 09:32:46.550000,28311.05,28250,14541,28255,5010,28240,5197,28235,40599
2020-06-03 09:32:47.660000,28311.05,28245,5497,28250,14045,28240,5197,28235,35599
2020-06-03 09:32:48.260000,28311.05,28245,1,28250,14541,28240,5197,28235,40599
2020-06-03 09:32:49.230000,28311.05,28250,14541,28255,5010,28245,5196,28235,40599
2020-06-03 09:32:50.270000,28311.05,28250,14541,28255,5010,28240,5196,28235,40599
2020-06-03 09:32:50.770000,28296.05,28250,151,28255,19400,28245,5196,28240,35599
2020-06-03 09:32:51.830000,28296.05,28250,161,28255,14400,28245,5196,28240,40599
2020-06-03 09:32:52.900000,28296.05,28250,162,28255,14400,28245,5196,28240,40599
2020-06-03 09:32:53.260000,28296.05,28255,10,28260,14397,28250,5034,28245,40599
2020-06-03 09:32:54.440000,28296.05,28260,14397,28265,5010,28250,5004,28245,40599
2020-06-03 09:32:55.520000,28296.05,28260,14397,28265,5010,28250,5004,28245,40599
2020-06-03 09:32:56.860000,28296.05,28260,14397,28265,10,28250,30004,28245,40599
2020-06-03 09:32:57.490000,28296.05,28260,14397,28265,5010,28250,25004,28245,40599
2020-06-03 09:32:58.630000,28296.05,28255,14390,28260,7,28250,20000,28245,30004
2020-06-03 09:32:58.970000,28296.05,28255,5,28260,14397,28250,5004,28245,40599
2020-06-03 09:33:00.170000,28296.05,28260,7,28265,14400,28255,4999,28250,20599
2020-06-03 09:33:00.490000,28294.68,28265,5506,28270,14010,28260,4992,28255,15599
2020-06-03 09:33:01.720000,28294.68,28265,10,28270,14506,28260,4970,28255,40599
2020-06-03 09:33:03.160000,28294.68,28270,116,28275,14401,28265,4960,28260,20599
2020-06-03 09:33:04.310000,28294.68,28270,116,28275,14401,28265,4960,28260,20599
2020-06-03 09:33:05.380000,28294.68,28270,116,28275,14401,28265,4960,28260,40599
2020-06-03 09:33:05.690000,28294.68,28270,116,28275,14401,28265,4960,28260,40599
2020-06-03 09:33:07.390000,28294.68,28275,11,28280,14396,28270,4844,28265,40599
2020-06-03 09:33:08.560000,28294.68,28280,6,28285,14405,28275,4833,28270,20599
2020-06-03 09:33:09.590000,28294.68,28280,6,28285,14405,28275,4833,28270,20599
2020-06-03 09:33:10.640000,28330.5,28280,6,28285,14405,28275,4833,28270,40599
2020-06-03 09:33:11.000000,28330.5,28285,15,28290,19926,28280,4827,28275,15599
2020-06-03 09:33:12.220000,28330.5,28285,14405,28290,5536,28280,4827,28270,40599
2020-06-03 09:33:12.690000,28330.5,28285,15,28290,14926,28280,4827,28275,40599
2020-06-03 09:33:13.780000,28330.5,28290,6032,28295,8919,28280,25426,28275,27500
2020-06-03 09:33:14.260000,28330.5,28290,536,28295,14415,28285,4823,28280,20599
2020-06-03 09:33:16.390000,28330.5,28295,25,28300,15338,28290,4287,28285,40599
2020-06-03 09:33:16.670000,28330.5,28295,5521,28300,9862,28290,25,28285,44886
2020-06-03 09:33:17.930000,28330.5,28290,14390,28295,5025,28285,20000,28280,24287
2020-06-03 09:33:18.470000,28330.5,28295,14415,28300,5268,28285,4287,28280,40599
2020-06-03 09:33:19.360000,28330.5,28290,14350,28295,5025,28280,25700,28275,40599
2020-06-03 09:33:21.090000,28334.09,28290,5456,28295,13969,28285,5700,28280,35599
2020-06-03 09:33:22.150000,28334.09,28290,14350,28295,75,28280,10700,28275,40599
2020-06-03 09:33:23.200000,28334.09,28295,14425,28300,5273,28285,5700,28280,20599
2020-06-03 09:33:24.260000,28334.09,28295,75,28300,14673,28290,5700,28285,20599
2020-06-03 09:33:25.320000,28334.09,28300,323,28305,14360,28295,5625,28290,20599
2020-06-03 09:33:25.760000,28334.09,28300,323,28305,5466,28295,26224,28290,7500
2020-06-03 09:33:26.890000,28334.09,28300,323,28305,14360,28295,5625,28290,20599
2020-06-03 09:33:27.950000,28334.09,28300,323,28305,14360,28295,5625,28290,40599
2020-06-03 09:33:28.460000,28334.09,28300,323,28305,14360,28295,5625,28290,40599
2020-06-03 09:33:29.530000,28341.3,28305,14360,28310,5005,28295,5302,28290,40599
2020-06-03 09:33:30.570000,28341.3,28305,10,28310,14355,28300,5302,28295,40599
2020-06-03 09:33:31.060000,28341.3,28305,14360,28310,5,28300,5302,28295,25000
2020-06-03 09:33:32.180000,28341.3,28305,10,28310,14355,28300,5302,28295,40599
2020-06-03 09:33:32.660000,28341.3,28305,115,28310,14355,28300,5302,28295,40599
2020-06-03 09:33:33.770000,28341.3,28305,115,28310,14355,28300,5302,28295,40599
2020-06-03 09:33:34.200000,28341.3,28310,14355,28315,5010,28300,25187,28295,40599
2020-06-03 09:33:35.340000,28341.3,28310,5,28315,14360,28305,5187,28300,40599
2020-06-03 09:33:36.380000,28341.3,28310,5,28315,14360,28305,5165,28300,40599
2020-06-03 09:33:36.960000,28341.3,28310,15755,28315,5010,28300,5165,28295,40599
2020-06-03 09:33:37.960000,28341.3,28310,14355,28315,5010,28300,5165,28295,40599
2020-06-03 09:33:39.020000,28341.3,28310,14355,28315,5010,28300,5165,28295,40599
2020-06-03 09:33:40.070000,28341.3,28305,15433,28310,6405,28295,25165,28290,40599
2020-06-03 09:33:40.580000,28348.09,28305,15433,28310,6405,28295,5165,28290,40599
2020-06-03 09:33:41.650000,28348.09,28300,14033,28305,6400,28290,25165,28285,40599
2020-06-03 09:33:42.710000,28348.09,28295,14033,28300,1400,28290,25165,28285,25000
2020-06-03 09:33:43.740000,28348.09,28300,15433,28305,6578,28290,5165,28285,40599
2020-06-03 09:33:44.160000,28348.09,28300,14033,28305,6578,28290,5165,28285,40599
2020-06-03 09:33:45.320000,28348.09,28295,14033,28300,6400,28290,5165,28285,20000
2020-06-03 09:33:45.750000,28348.09,28300,20383,28305,6578,28290,5165,28285,15599
2020-06-03 09:33:46.910000,28348.09,28295,14033,28300,6350,28285,5165,28280,40629
2020-06-03 09:33:47.360000,28348.09,28295,15432,28300,6350,28285,5159,28280,40629
2020-06-03 09:33:48.490000,28348.09,28295,14032,28300,6350,28285,5159,28280,40629
2020-06-03 09:33:48.890000,28348.09,28295,15127,28300,6350,28285,5159,28280,40629
2020-06-03 09:33:49.750000,28348.09,28295,14627,28300,6350,28285,5159,28280,40629
2020-06-03 09:33:50.600000,28346.84,28295,15527,28300,6350,28285,5159,28280,40629
2020-06-03 09:33:51.630000,28346.84,28290,14027,28295,6500,28280,5189,28275,40599
2020-06-03 09:33:52.670000,28346.84,28280,14027,28285,5000,28275,25159,28270,20000
2020-06-03 09:33:53.160000,28346.84,28280,14027,28285,5000,28275,5159,28265,40599
2020-06-03 09:33:54.220000,28346.84,28275,5159,28280,14027,28270,5159,28265,40599
2020-06-03 09:33:55.250000,28346.84,28275,15852,28280,5000,28270,5159,28265,20000
2020-06-03 09:33:55.770000,28346.84,28275,324,28280,19027,28270,5159,28265,35599
2020-06-03 09:33:56.560000,28346.84,28275,15551,28280,5000,28265,5159,28260,40599
2020-06-03 09:33:58.150000,28346.84,28275,15713,28280,5000,28265,5159,28260,40599
2020-06-03 09:33:58.960000,28346.84,28275,15713,28280,5000,28265,5159,28260,40599
2020-06-03 09:33:59.760000,28346.84,28275,15713,28280,5000,28265,5159,28260,20599
2020-06-03 09:34:01.040000,28310.98,28270,14027,28275,6524,28260,4997,28255,40599
2020-06-03 09:34:02.070000,28310.98,28270,15527,28275,6524,28260,4997,28255,40599
2020-06-03 09:34:02.670000,28310.98,28270,14027,28275,6524,28260,4997,28255,40599
2020-06-03 09:34:03.650000,28310.98,28270,14827,28275,6524,28260,5081,28255,40599
2020-06-03 09:34:04.090000,28310.98,28270,14027,28275,6524,28260,5081,28255,40599
2020-06-03 09:34:05.210000,28310.98,28265,178,28270,15327,28260,5081,28255,40599
2020-06-03 09:34:05.490000,28310.98,28265,15704,28270,6300,28260,5081,28250,40601
2020-06-03 09:34:06.270000,28310.98,28265,15704,28270,6310,28255,5700,28250,40601
2020-06-03 09:34:07.320000,28310.98,28265,15709,28270,6310,28255,6700,28250,40601
2020-06-03 09:34:07.660000,28310.98,28265,15709,28270,6310,28255,5700,28250,40601
2020-06-03 09:34:08.870000,28310.98,28265,20709,28270,6310,28255,5700,28250,35601
2020-06-03 09:34:09.160000,28310.98,28265,15709,28270,6310,28255,5700,28250,40601
2020-06-03 09:34:10.000000,28294.35,28265,15709,28270,6310,28255,5700,28250,40601
2020-06-03 09:34:10.950000,28294.35,28265,15727,28270,6310,28255,5700,28250,40601
2020-06-03 09:34:12.080000,28294.35,28260,14027,28265,6700,28250,5702,28245,40599
2020-06-03 09:34:13.090000,28294.35,28255,12,28260,19027,28250,5702,28245,20000
2020-06-03 09:34:13.590000,28294.35,28260,19027,28265,6700,28255,22,28250,5702
2020-06-03 09:34:14.690000,28294.35,28260,14027,28265,6700,28255,21,28250,5702
2020-06-03 09:34:15.720000,28294.35,28260,19027,28265,6700,28250,5702,28245,35599
2020-06-03 09:34:16.160000,28294.35,28260,14027,28265,6700,28250,5702,28245,40599
2020-06-03 09:34:17.690000,28294.35,28260,14027,28265,6700,28250,5702,28245,20599
2020-06-03 09:34:18.890000,28294.35,28260,15527,28265,6700,28250,5702,28245,20599
2020-06-03 09:34:19.260000,28294.35,28255,14027,28260,6500,28250,2,28245,5700
2020-06-03 09:34:20.420000,28275.99,28255,6633,28260,15394,28250,5652,28245,35599
2020-06-03 09:34:20.890000,28275.99,28255,1500,28260,20527,28250,5652,28245,35599
2020-06-03 09:34:22.010000,28275.99,28255,1774,28260,20527,28250,5652,28245,35599
2020-06-03 09:34:22.470000,28275.99,28255,1797,28260,15527,28250,5642,28245,40599
2020-06-03 09:34:23.580000,28275.99,28265,15727,28270,6310,28255,4745,28250,20599
2020-06-03 09:34:24.640000,28275.99,28265,15727,28270,6310,28255,4745,28250,20599
2020-06-03 09:34:25.670000,28275.99,28260,5133,28265,10594,28250,9745,28245,40599
2020-06-03 09:34:26.760000,28275.99,28265,15727,28270,6310,28255,4745,28250,40599
2020-06-03 09:34:27.180000,28275.99,28260,5133,28265,15594,28255,4745,28250,35599
2020-06-03 09:34:28.320000,28275.99,28260,15527,28265,6700,28250,29745,28245,40599
2020-06-03 09:34:28.850000,28275.99,28260,15527,28265,6700,28250,4745,28245,40599
2020-06-03 09:34:29.650000,28273.56,28260,15399,28265,6523,28250,4745,28245,40599
2020-06-03 09:34:30.920000,28273.56,28260,15399,28265,6523,28250,4745,28245,40599
2020-06-03 09:34:31.950000,28273.56,28260,16558,28265,6523,28250,4745,28245,40599
2020-06-03 09:34:33.010000,28273.56,28260,16558,28265,6523,28250,4745,28245,40599
2020-06-03 09:34:34.070000,28273.56,28260,6164,28265,15417,28255,4745,28250,15599
2020-06-03 09:34:35.120000,28273.56,28260,1159,28265,20422,28255,4745,28250,15599
2020-06-03 09:34:36.160000,28273.56,28255,105,28260,16558,28250,4745,28245,40599
2020-06-03 09:34:36.700000,28273.56,28255,2464,28260,15399,28250,4745,28245,40599
2020-06-03 09:34:37.760000,28273.56,28255,1159,28260,15409,28250,4745,28245,40599
2020-06-03 09:34:38.260000,28273.56,28255,1159,28260,15414,28250,4745,28245,40599
2020-06-03 09:34:40.410000,28279.21,28255,16558,28260,6615,28245,4745,28240,40649
2020-06-03 09:34:40.880000,28279.21,28250,13899,28255,2659,28245,4745,28240,25050
2020-06-03 09:34:41.960000,28279.21,28250,13901,28255,7659,28240,24795,28235,40599
2020-06-03 09:34:42.990000,28279.21,28250,15101,28255,7659,28240,4795,28235,40599
2020-06-03 09:34:44.020000,28279.21,28250,13901,28255,7659,28240,4795,28235,40599
2020-06-03 09:34:44.490000,28279.21,28250,15401,28255,7659,28240,4795,28235,40599
2020-06-03 09:34:46.080000,28279.21,28245,18901,28250,6502,28235,4745,28230,35649
2020-06-03 09:34:47.160000,28279.21,28245,19801,28250,6502,28235,4745,28230,35649
2020-06-03 09:34:48.220000,28279.21,28240,22,28245,13901,28235,4745,28230,40649
2020-06-03 09:34:48.490000,28279.21,28240,2681,28245,13901,28235,4744,28230,40649
2020-06-03 09:34:50.300000,28259.94,28235,4744,28240,16580,28230,4794,28225,40700
2020-06-03 09:34:50.790000,28259.94,28235,855,28240,16582,28230,4794,28225,40700
2020-06-03 09:34:51.860000,28259.94,28235,1500,28240,16582,28230,4794,28225,40700
2020-06-03 09:34:52.890000,28259.94,28235,1500,28240,16582,28230,4794,28225,40700
2020-06-03 09:34:53.250000,28259.94,28235,1480,28240,16582,28230,4794,28225,40700
2020-06-03 09:34:54.990000,28259.94,28240,16582,28245,2,28230,26348,28225,25101
2020-06-03 09:34:56.030000,28259.94,28240,7688,28245,13896,28235,5699,28230,15649
2020-06-03 09:34:57.080000,28259.94,28235,5699,28240,16582,28230,5749,28225,40700
2020-06-03 09:34:57.560000,28259.94,28235,5699,28240,16632,28230,5749,28225,40700
2020-06-03 09:34:58.690000,28259.94,28235,5699,28240,16632,28230,5699,28225,40700
2020-06-03 09:34:59.740000,28259.94,28240,16632,28245,5002,28235,924,28230,5699
2020-06-03 09:35:00.780000,28236.9,28235,13899,28240,7733,28225,25800,28220,40619
2020-06-03 09:35:01.830000,28236.9,28235,5005,28240,11627,28225,10800,28220,40619
2020-06-03 09:35:02.880000,28236.9,28240,16632,28245,5002,28230,5699,28225,20700
2020-06-03 09:35:03.920000,28236.9,28230,5005,28235,8894,28225,5800,28220,40619
2020-06-03 09:35:04.980000,28236.9,28230,5005,28235,10053,28225,5795,28220,40619
2020-06-03 09:35:05.560000,28236.9,28230,2505,28235,10053,28225,5795,28220,40619
2020-06-03 09:35:06.480000,28236.9,28230,2507,28235,10053,28225,5795,28220,40619
2020-06-03 09:35:07.620000,28236.9,28225,15794,28230,6202,28220,20020,28215,25749
2020-06-03 09:35:08.670000,28236.9,28225,15795,28230,6202,28220,20,28215,5749
2020-06-03 09:35:09.260000,28236.9,28225,15795,28230,6202,28215,5749,28210,40619
2020-06-03 09:35:10.190000,28243.82,28225,16954,28230,6202,28215,5749,28210,40619
2020-06-03 09:35:11.310000,28243.82,28220,5700,28225,16254,28215,5749,28210,15619
2020-06-03 09:35:12.360000,28243.82,28220,16953,28225,1201,28215,50,28210,10719
2020-06-03 09:35:12.890000,28243.82,28220,15754,28225,6201,28210,5719,28205,40599
2020-06-03 09:35:13.920000,28243.82,28215,15753,28220,6201,28205,5699,28200,40629
2020-06-03 09:35:14.970000,28243.82,28210,14594,28215,7260,28200,25729,28195,40599
2020-06-03 09:35:16.030000,28243.82,28210,14594,28215,7280,28200,25679,28195,40599
2020-06-03 09:35:17.090000,28243.82,28210,14594,28215,7280,28200,5699,28195,40599
2020-06-03 09:35:17.460000,28243.82,28210,14594,28215,7280,28200,5699,28195,40599
2020-06-03 09:35:18.670000,28243.82,28205,1159,28210,15894,28200,5699,28195,40599
2020-06-03 09:35:19.260000,28243.82,28200,11399,28205,11353,28190,30679,28185,40599
2020-06-03 09:35:20.260000,28239.28,28200,1990,28205,17054,28195,5699,28190,40579
2020-06-03 09:35:21.290000,28239.28,28205,15895,28210,6300,28195,4540,28190,40579
2020-06-03 09:35:22.350000,28239.28,28200,15916,28205,6301,28190,4518,28185,40599
2020-06-03 09:35:23.400000,28239.28,28200,15916,28205,6301,28190,4518,28185,40599
2020-06-03 09:35:24.460000,28239.28,28200,15916,28205,6301,28190,4518,28185,40599
2020-06-03 09:35:24.790000,28239.28,28195,5700,28200,15216,28190,4523,28185,35599
2020-06-03 09:35:25.600000,28239.28,28195,7000,28200,15216,28190,4523,28185,15599
2020-06-03 09:35:26.390000,28239.28,28195,400,28200,15916,28190,4523,28185,20599
2020-06-03 09:35:27.660000,28239.28,28195,7000,28200,15216,28190,5,28185,20067
2020-06-03 09:35:27.990000,28239.28,28200,15916,28205,6301,28190,4468,28185,20599
2020-06-03 09:35:29.240000,28239.28,28200,20916,28205,6301,28190,4468,28185,35599
2020-06-03 09:35:29.660000,28239.28,28200,15916,28205,6301,28190,4468,28185,40599
2020-06-03 09:35:31.990000,28219.9,28200,15916,28205,6301,28190,4448,28185,40599
2020-06-03 09:35:32.920000,28219.9,28195,14594,28200,6323,28185,4448,28180,40582
2020-06-03 09:35:33.950000,28219.9,28195,14594,28200,6373,28185,4448,28180,40582
2020-06-03 09:35:34.450000,28219.9,28190,14594,28195,6300,28180,24431,28175,40599
2020-06-03 09:35:35.520000,28219.9,28185,5700,28190,8894,28180,4451,28175,40599
2020-06-03 09:35:36.550000,28219.9,28185,15894,28190,5000,28180,3,28175,24448
2020-06-03 09:35:36.950000,28219.9,28185,15894,28190,5000,28175,24448,28170,40579
2020-06-03 09:35:37.860000,28219.9,28180,19594,28185,6300,28170,4448,28165,35689
2020-06-03 09:35:39.160000,28219.9,28180,14594,28185,6300,28170,4448,28165,40689
2020-06-03 09:35:39.590000,28219.9,28180,14594,28185,6300,28170,4448,28165,40689
2020-06-03 09:35:40.720000,28224.03,28185,15894,28190,5000,28175,4448,28170,20599
2020-06-03 09:35:41.260000,28224.03,28185,14794,28190,5000,28175,4448,28170,40579
2020-06-03 09:35:42.090000,28224.03,28185,5700,28190,8894,28180,4448,28175,20599
2020-06-03 09:35:43.360000,28224.03,28185,5700,28190,8894,28180,4448,28175,20599
2020-06-03 09:35:43.790000,28224.03,28185,7100,28190,8894,28175,29398,28170,40579
2020-06-03 09:35:44.900000,28224.03,28190,14594,28195,6300,28180,4398,28175,40599
2020-06-03 09:35:45.930000,28224.03,28185,14594,28190,6563,28180,2,28175,24398
2020-06-03 09:35:46.390000,28224.03,28180,163,28185,14594,28175,4398,28170,40579
2020-06-03 09:35:47.500000,28224.03,28185,5700,28190,10294,28180,5863,28175,20599
2020-06-03 09:35:48.060000,28224.03,28190,15994,28195,6300,28180,5863,28175,20599
2020-06-03 09:35:48.790000,28224.03,28190,14594,28195,6300,28180,5863,28175,20599
2020-06-03 09:35:49.600000,28224.03,28185,14594,28190,6400,28180,163,28175,25700
2020-06-03 09:35:51.700000,28204.05,28185,14594,28190,6400,28180,163,28175,25700
2020-06-03 09:35:52.260000,28204.05,28180,5537,28185,8894,28170,46279,28165,25090
2020-06-03 09:35:53.170000,28204.05,28180,15731,28185,5000,28170,25680,28165,40689
2020-06-03 09:35:54.290000,28204.05,28180,14431,28185,5000,28170,25700,28165,40689
2020-06-03 09:35:55.340000,28204.05,28175,5537,28180,8894,28170,5720,28165,40689
2020-06-03 09:35:55.850000,28204.05,28175,15931,28180,5000,28170,20,28165,25790
2020-06-03 09:35:56.700000,28204.05,28175,14426,28180,5000,28170,104,28165,25790
2020-06-03 09:35:58.260000,28204.05,28175,14426,28180,5000,28170,82,28165,5790
2020-06-03 09:35:59.510000,28204.05,28175,14426,28180,5000,28170,82,28165,5790
2020-06-03 09:35:59.990000,28204.05,28165,14254,28170,5000,28160,19990,28155,25715
2020-06-03 09:36:01.160000,28220.06,28155,6760,28160,6500,28145,4977,28140,20709
2020-06-03 09:36:02.250000,28220.06,28155,5360,28160,6500,28150,5700,28145,2515
2020-06-03 09:36:03.250000,28220.06,28155,5360,28160,6500,28145,8215,28140,20709
2020-06-03 09:36:04.270000,28220.06,28155,5360,28160,6500,28145,8215,28140,40709
2020-06-03 09:36:05.310000,28220.06,28160,6860,28165,5000,28150,5700,28145,23114
2020-06-03 09:36:05.800000,28220.06,28165,6860,28170,5000,28155,5338,28150,20599
2020-06-03 09:36:06.890000,28220.06,28170,10360,28175,5000,28160,5338,28155,15599
2020-06-03 09:36:07.940000,28220.06,28170,25414,28175,5000,28165,5338,28155,40599
2020-06-03 09:36:08.450000,28220.06,28175,25414,28180,5000,28165,5338,28160,20599
2020-06-03 09:36:09.560000,28209.28,28175,25414,28180,5000,28170,5338,28160,20599
2020-06-03 09:36:10.610000,28209.28,28180,20054,28185,10360,28175,16176,28165,40599
2020-06-03 09:36:11.650000,28209.28,28180,25414,28185,5000,28170,5338,28165,40599
2020-06-03 09:36:12.260000,28209.28,28180,25414,28185,5000,28170,5338,28165,40599
2020-06-03 09:36:13.220000,28209.28,28180,25414,28190,6400,28175,5338,28170,25000
2020-06-03 09:36:14.260000,28209.28,28180,25414,28185,5000,28170,25338,28165,40599
2020-06-03 09:36:14.760000,28209.28,28185,25414,28190,6400,28175,5338,28170,40599
2020-06-03 09:36:15.870000,28209.28,28185,25414,28190,6400,28175,5338,28170,40599
2020-06-03 09:36:16.920000,28209.28,28190,26814,28195,6300,28180,5338,28175,20599
2020-06-03 09:36:17.980000,28209.28,28190,25414,28195,6300,28185,2,28180,5338
2020-06-03 09:36:18.560000,28209.28,28195,31714,28200,6484,28185,5340,28180,15599
2020-06-03 09:36:19.530000,28209.28,28190,25414,28195,5000,28185,2,28180,25338
2020-06-03 09:36:20.570000,28213.49,28195,25414,28200,6484,28185,5340,28180,40599
2020-06-03 09:36:21.620000,28213.49,28195,25414,28200,6484,28185,5340,28180,40599
2020-06-03 09:36:22.670000,28213.49,28195,25414,28200,6484,28185,5340,28180,40599
2020-06-03 09:36:23.060000,28213.49,28195,25414,28200,6484,28190,5338,28185,2
2020-06-03 09:36:24.210000,28213.49,28195,25414,28200,6484,28185,25340,28180,40599
2020-06-03 09:36:24.700000,28213.49,28200,26898,28205,6301,28190,5338,28185,40601
2020-06-03 09:36:25.790000,28213.49,28200,25598,28205,6301,28190,5338,28185,40599
2020-06-03 09:36:26.200000,28213.49,28195,25414,28200,5184,28185,5338,28180,40599
2020-06-03 09:36:27.320000,28213.49,28200,25598,28205,6301,28195,3600,28190,5238
2020-06-03 09:36:27.760000,28213.49,28200,20238,28205,11661,28195,15476,28185,20599
2020-06-03 09:36:28.910000,28213.49,28205,25415,28210,6300,28200,1254,28195,15476
2020-06-03 09:36:29.460000,28234.96,28205,1,28210,26714,28200,6492,28195,30837
2020-06-03 09:36:30.350000,28234.96,28210,25414,28215,1101,28200,11492,28195,30837
2020-06-03 09:36:31.290000,28234.96,28210,25414,28215,6101,28200,6669,28195,50837
2020-06-03 09:36:32.050000,28234.96,28210,25414,28215,6101,28200,6669,28195,50837
2020-06-03 09:36:32.770000,28234.96,28210,25414,28215,6101,28200,6669,28195,50837
2020-06-03 09:36:33.620000,28234.96,28200,23983,28205,5022,28195,30238,28190,25238
2020-06-03 09:36:34.630000,28234.96,28200,23983,28205,5022,28195,10238,28190,5238
2020-06-03 09:36:35.680000,28234.96,28200,25754,28205,5022,28195,10238,28190,5238
2020-06-03 09:36:36.740000,28234.96,28200,25754,28205,5022,28195,15476,28185,40599
2020-06-03 09:36:37.160000,28234.96,28200,25754,28205,5022,28195,15476,28185,40599
2020-06-03 09:36:38.320000,28234.96,28205,25776,28210,6600,28195,15476,28190,20599
2020-06-03 09:36:39.550000,28234.96,28205,25776,28210,6600,28195,15476,28190,20599
2020-06-03 09:36:41.470000,28251.63,28210,27354,28215,6101,28200,5238,28195,50837
2020-06-03 09:36:41.990000,28251.63,28210,25754,28215,6101,28205,5238,28195,50837
2020-06-03 09:36:43.050000,28251.63,28210,25754,28215,6101,28205,5238,28195,50837
2020-06-03 09:36:44.100000,28251.63,28215,17455,28220,6203,28205,5238,28200,40599
2020-06-03 09:36:44.490000,28251.63,28205,16354,28215,5001,28200,25238,28195,35238
2020-06-03 09:36:45.670000,28251.63,28205,16354,28210,5000,28200,20000,28195,35476
2020-06-03 09:36:46.160000,28251.63,28205,16354,28210,5000,28200,25238,28195,30238
2020-06-03 09:36:47.280000,28251.63,28205,16354,28210,5000,28195,15476,28190,40599
2020-06-03 09:36:47.750000,28251.63,28210,5700,28215,15655,28200,20847,28195,5000
2020-06-03 09:36:48.860000,28251.63,28210,23254,28215,5001,28200,5248,28195,15599
2020-06-03 09:36:49.360000,28251.63,28210,10700,28215,15655,28200,20847,28190,27500
2020-06-03 09:36:50.440000,28269.79,28210,10700,28215,15655,28200,20847,28195,20000
2020-06-03 09:36:50.980000,28269.79,28210,8700,28215,15655,28200,20847,28195,20000
2020-06-03 09:36:52.030000,28269.79,28210,19354,28215,5001,28200,5248,28195,35599
2020-06-03 09:36:53.090000,28269.79,28210,4150,28215,15655,28200,20847,28195,25000
2020-06-03 09:36:54.890000,28269.79,28210,4150,28215,15655,28200,20847,28195,25000
2020-06-03 09:36:55.730000,28269.79,28205,5700,28210,16104,28200,5248,28195,15599
2020-06-03 09:36:56.800000,28269.79,28210,6150,28215,15655,28200,20847,28195,5000
2020-06-03 09:36:57.360000,28269.79,28210,6150,28215,15655,28200,20847,28195,5000
2020-06-03 09:36:58.360000,28269.79,28210,6150,28215,15655,28200,20847,28195,25000
2020-06-03 09:36:58.860000,28269.79,28210,6150,28215,15655,28205,5238,28200,15609
2020-06-03 09:36:59.920000,28269.79,28210,6150,28215,15655,28200,20847,28195,25000
2020-06-03 09:37:00.450000,28258.85,28210,450,28215,5701,28205,20837,28200,5010
2020-06-03 09:37:01.390000,28258.85,28215,5701,28220,16857,28205,20387,28200,25010
2020-06-03 09:37:02.530000,28258.85,28215,5701,28220,16857,28205,20387,28200,25010
2020-06-03 09:37:04.110000,28258.85,28210,5700,28215,17555,28205,4788,28200,15609
2020-06-03 09:37:04.470000,28258.85,28210,5700,28215,17555,28200,20397,28195,25000
2020-06-03 09:37:05.680000,28258.85,28210,5700,28215,17555,28200,20397,28195,25000
2020-06-03 09:37:05.960000,28258.85,28205,5700,28210,15654,28200,4798,28195,35599
2020-06-03 09:37:06.760000,28258.85,28205,5700,28210,10654,28200,4798,28195,20599
2020-06-03 09:37:07.810000,28258.85,28210,5900,28215,17555,28200,20497,28195,5000
2020-06-03 09:37:08.850000,28258.85,28210,5850,28215,17555,28200,20497,28195,5000
2020-06-03 09:37:09.920000,28258.85,28205,22,28210,5850,28200,20497,28195,25000
2020-06-03 09:37:10.460000,28263.07,28210,5850,28215,17555,28200,20497,28195,25000
2020-06-03 09:37:11.450000,28263.07,28215,5651,28220,16857,28205,20187,28200,5110
2020-06-03 09:37:12.490000,28263.07,28215,5651,28220,16857,28205,20187,28200,25110
2020-06-03 09:37:13.560000,28263.07,28215,5651,28220,16857,28205,20187,28200,25110
2020-06-03 09:37:14.590000,28263.07,28215,5651,28220,16857,28205,20187,28200,25110
2020-06-03 09:37:14.990000,28263.07,28215,5651,28220,16857,28205,20187,28200,25110
2020-06-03 09:37:16.150000,28263.07,28215,5651,28220,16857,28205,20187,28200,25110
2020-06-03 09:37:16.490000,28263.07,28215,5651,28220,16857,28210,2,28205,20187
2020-06-03 09:37:17.230000,28263.07,28215,1,28220,22507,28210,4590,28205,15599
2020-06-03 09:37:18.660000,28263.07,28215,5651,28220,16857,28210,4590,28205,15599
2020-06-03 09:37:19.460000,28263.07,28215,7551,28220,16857,28210,2,28205,20187
2020-06-03 09:37:20.350000,28259.08,28215,5651,28220,16857,28210,2,28205,20187
2020-06-03 09:37:21.400000,28259.08,28215,1,28220,6853,28210,20189,28205,5000
2020-06-03 09:37:21.870000,28259.08,28215,1,28220,6853,28210,20189,28205,25000
2020-06-03 09:37:22.940000,28259.08,28215,5651,28220,16857,28210,4590,28205,35599
2020-06-03 09:37:23.380000,28259.08,28215,5651,28220,16857,28210,4590,28205,35599
2020-06-03 09:37:24.510000,28259.08,28220,3,28225,6851,28215,20186,28210,25002
2020-06-03 09:37:25.660000,28259.08,28220,7553,28225,11855,28215,4587,28210,40601
2020-06-03 09:37:26.610000,28259.08,28220,3,28225,22505,28215,4587,28210,40601
2020-06-03 09:37:26.960000,28259.08,28220,7553,28225,16855,28210,20188,28205,25000
2020-06-03 09:37:27.550000,28259.08,28220,7553,28225,16855,28210,20188,28205,25000
2020-06-03 09:37:28.190000,28259.08,28220,3,28225,6851,28215,17686,28210,5002
2020-06-03 09:37:29.250000,28259.08,28220,1903,28225,6851,28215,17686,28210,25002
2020-06-03 09:37:29.690000,28268.25,28220,3,28225,17505,28215,2087,28210,40601
2020-06-03 09:37:30.800000,28268.25,28220,7553,28225,11855,28215,2087,28210,40616
2020-06-03 09:37:31.250000,28268.25,28220,6953,28225,16855,28210,41316,28205,25000
2020-06-03 09:37:32.360000,28268.25,28220,7715,28225,16855,28210,21316,28205,25000
2020-06-03 09:37:32.860000,28268.25,28220,7715,28225,16855,28215,1,28210,21316
2020-06-03 09:37:33.920000,28268.25,28215,7390,28220,17719,28210,5717,28205,35599
2020-06-03 09:37:34.970000,28268.25,28215,7390,28220,17719,28210,5717,28205,15599
2020-06-03 09:37:35.250000,28268.25,28215,7552,28220,17557,28210,5717,28205,15599
2020-06-03 09:37:36.020000,28268.25,28215,7552,28220,17557,28210,17,28205,21299
2020-06-03 09:37:37.060000,28268.25,28215,7552,28220,17557,28210,17,28205,21299
2020-06-03 09:37:37.250000,28268.25,28215,7552,28220,17557,28210,5717,28205,15599
