time,nav,sell1,sell1_cnt,sell2,sell2_cnt,buy1,buy1_cnt,buy2,buy2_cnt
2020-06-05 08:47:14.500000,0.0,28620,694,28680,6,28610,5,28605,1
2020-06-05 08:47:45.480000,0.0,28620,758,28680,6,28610,5,28605,1
2020-06-05 08:48:31.440000,0.0,28620,758,28680,6,28610,5,28605,1
2020-06-05 08:48:55.490000,0.0,28620,858,28680,6,28610,5,28605,1
2020-06-05 08:49:26.680000,0.0,28620,858,28680,6,28610,5,28605,1
2020-06-05 08:49:51.360000,0.0,28620,858,28680,6,28610,5,28605,1
2020-06-05 08:50:32.370000,0.0,28620,848,28680,6,28610,5,28605,1
2020-06-05 08:50:52.490000,0.0,28620,748,28680,106,28610,5,28605,1
2020-06-05 08:50:54.540000,0.0,28620,748,28680,106,28610,5,28605,1
2020-06-05 08:51:03.270000,0.0,28620,748,28680,106,28610,5,28605,1
2020-06-05 08:51:15.170000,0.0,28620,748,28680,106,28610,5,28605,1
2020-06-05 08:51:16.370000,0.0,28620,749,28680,106,28610,5,28605,1
2020-06-05 08:51:22.590000,0.0,28620,849,28680,106,28610,5,28605,1
2020-06-05 08:51:23.810000,0.0,28620,849,28680,6,28610,5,28605,1
2020-06-05 08:51:49.570000,0.0,28620,849,28680,6,28610,5,28605,1
2020-06-05 08:51:51.470000,0.0,28620,849,28680,6,28610,5,28605,1
2020-06-05 08:52:08.010000,0.0,28620,849,28680,6,28610,5,28605,1
2020-06-05 08:52:20.270000,0.0,28620,849,28680,6,28610,5,28605,1
2020-06-05 08:52:26.530000,0.0,28620,849,28680,6,28610,5,28605,1
2020-06-05 08:52:30.060000,0.0,28620,849,28680,6,28610,5,28605,1
2020-06-05 08:52:54.260000,0.0,28620,849,28680,6,28610,5,28605,1
2020-06-05 08:53:25.870000,0.0,28620,849,28680,6,28610,5,28605,1
2020-06-05 08:53:29.260000,0.0,28620,848,28680,6,28610,5,28605,1
2020-06-05 08:53:29.570000,0.0,28620,848,28680,6,28610,5,28605,1
2020-06-05 08:53:33.570000,0.0,28620,848,28680,6,28610,5,28605,1
2020-06-05 08:53:35.660000,0.0,28620,848,28680,6,28610,5,28605,1
2020-06-05 08:53:41.390000,0.0,28620,848,28680,6,28610,5,28605,1
2020-06-05 08:53:48.260000,0.0,28620,848,28680,6,28610,5,28605,1
2020-06-05 08:54:26.770000,0.0,28620,848,28680,6,28610,5,28605,1
2020-06-05 08:54:37.770000,0.0,28620,846,28680,6,28610,5,28605,1
2020-06-05 08:54:37.990000,0.0,28620,846,28680,6,28610,5,28605,1
2020-06-05 08:54:46.470000,0.0,28620,846,28680,6,28610,5,28605,1
2020-06-05 08:54:54.170000,0.0,28620,846,28680,6,28610,5,28605,1
2020-06-05 08:55:32.230000,0.0,28620,846,28680,6,28610,5,28605,1
2020-06-05 08:55:44.380000,0.0,28620,846,28680,6,28610,5,28605,1
2020-06-05 08:55:55.560000,0.0,28620,846,28680,6,28610,5,28605,1
2020-06-05 08:56:02.830000,0.0,28620,846,28680,6,28610,5,28605,1
2020-06-05 08:56:08.540000,0.0,28620,846,28680,6,28610,5,28605,1
2020-06-05 08:56:26.620000,0.0,28620,836,28680,6,28610,5,28605,1
2020-06-05 08:56:31.160000,0.0,28620,836,28680,6,28610,5,28605,21
2020-06-05 08:56:32.940000,0.0,28620,836,28680,6,28610,5,28605,21
2020-06-05 08:56:35.110000,0.0,28620,836,28680,6,28610,5,28605,21
2020-06-05 08:56:40.360000,0.0,28620,836,28680,6,28610,5,28605,21
2020-06-05 08:56:42.500000,0.0,28620,836,28655,10000,28610,5,28605,21
2020-06-05 08:56:49.450000,0.0,28620,826,28655,10000,28610,5,28605,21
2020-06-05 08:56:53.730000,0.0,28620,826,28650,1,28610,5,28605,21
2020-06-05 08:56:58.270000,0.0,28620,826,28650,1,28610,5,28605,21
2020-06-05 08:56:59.860000,0.0,28620,826,28650,1,28610,5,28605,21
2020-06-05 08:57:09.220000,0.0,28620,824,28650,1,28610,5,28605,21
2020-06-05 08:57:13.850000,0.0,28620,824,28625,1,28610,5,28605,21
2020-06-05 08:57:27.160000,0.0,28620,824,28625,1,28610,5,28605,21
2020-06-05 08:57:30.160000,0.0,28620,824,28625,1,28610,5,28605,21
2020-06-05 08:57:39.690000,0.0,28620,824,28625,1,28610,5,28605,21
2020-06-05 08:57:44.410000,0.0,28620,824,28625,1,28610,5,28605,21
2020-06-05 08:57:49.060000,0.0,28620,823,28625,1,28610,5,28605,21
2020-06-05 08:57:49.660000,0.0,28620,823,28625,1,28610,5,28605,21
2020-06-05 08:57:50.860000,0.0,28620,10823,28625,1,28610,5,28605,21
2020-06-05 08:57:56.560000,0.0,28620,10823,28625,1,28610,5,28605,21
2020-06-05 08:57:58.720000,0.0,28620,823,28625,1,28610,5,28605,21
2020-06-05 08:58:03.840000,0.0,28620,823,28625,1,28610,5,28605,21
2020-06-05 08:58:10.160000,0.0,28620,823,28625,1,28610,5,28605,21
2020-06-05 08:58:26.270000,0.0,28620,818,28625,1,28610,5,28605,21
2020-06-05 08:58:27.190000,0.0,28620,818,28625,1,28610,10059,28605,21
2020-06-05 08:58:28.110000,0.0,28620,818,28625,1,28610,5,28605,10075
2020-06-05 08:58:28.870000,0.0,28620,818,28625,1,28610,5,28605,21
2020-06-05 08:58:29.090000,0.0,28620,818,28625,1,28610,5,28605,21
2020-06-05 08:58:34.450000,0.0,28620,818,28625,1,28610,5,28605,21
2020-06-05 08:58:36.670000,0.0,28620,818,28625,1,28610,5,28605,26
2020-06-05 08:58:38.370000,0.0,28620,818,28625,1,28610,5,28605,26
2020-06-05 08:58:39.150000,0.0,28620,10818,28625,1,28610,5,28605,26
2020-06-05 08:58:40.240000,0.0,28620,10823,28625,1,28610,5,28605,26
2020-06-05 08:58:44.660000,0.0,28620,10823,28625,1,28610,5,28605,26
2020-06-05 08:58:45.690000,0.0,28620,10823,28625,1,28610,5,28605,26
2020-06-05 08:58:47.770000,0.0,28620,10823,28625,1,28610,5,28605,26
2020-06-05 08:58:49.100000,0.0,28620,10823,28625,1,28610,5,28605,26
2020-06-05 08:58:50.070000,0.0,28620,10823,28625,1,28610,5,28605,26
2020-06-05 08:58:54.300000,0.0,28620,10823,28625,1,28610,5,28605,26
2020-06-05 08:58:55.500000,0.0,28620,10823,28625,1,28610,5,28605,26
2020-06-05 08:58:55.630000,0.0,28620,823,28625,1,28610,5,28605,26
2020-06-05 08:59:10.870000,0.0,28620,923,28625,1,28610,5,28605,26
2020-06-05 08:59:14.060000,0.0,28620,922,28625,1,28610,5,28605,26
2020-06-05 08:59:26.010000,0.0,28620,967,28625,1,28610,5,28605,26
2020-06-05 08:59:30.460000,0.0,28620,967,28625,1,28610,5,28605,26
2020-06-05 08:59:32.340000,0.0,28620,1067,28625,1,28610,5,28605,26
2020-06-05 08:59:36.870000,0.0,28620,1067,28625,1,28610,5,28605,26
2020-06-05 08:59:43.300000,0.0,28620,1067,28625,1,28610,5,28605,26
2020-06-05 08:59:46.490000,0.0,28620,1067,28625,1,28610,5,28605,26
2020-06-05 08:59:47.630000,0.0,28620,1067,28625,1,28610,5,28605,26
2020-06-05 08:59:48.670000,0.0,28620,1067,28625,1,28610,5,28605,26
2020-06-05 08:59:51.200000,0.0,28620,1067,28625,1,28610,5,28605,26
2020-06-05 08:59:51.880000,0.0,28620,1077,28625,1,28610,5,28605,26
2020-06-05 08:59:52.580000,0.0,28620,1077,28625,1,28610,5,28605,26
2020-06-05 08:59:53.190000,0.0,28620,1077,28625,1,28610,5,28605,26
2020-06-05 08:59:55.000000,0.0,28620,1077,28625,1,28610,5,28605,26
2020-06-05 08:59:55.970000,0.0,28620,1077,28625,1,28610,5,28605,26
2020-06-05 08:59:57.020000,0.0,28620,1077,28625,1,28610,5,28605,26
2020-06-05 08:59:57.500000,0.0,28620,1077,28625,1,28610,5,28605,26
2020-06-05 08:59:58.620000,0.0,28565,795,28570,100,28560,1,28540,1
2020-06-05 09:00:00.370000,0.0,28565,795,28570,100,28560,1,28540,1
2020-06-05 09:00:01.570000,0.0,28565,795,28575,100,28560,1,28540,1
2020-06-05 09:00:02.370000,0.0,28550,794,28560,100,28540,1,28530,1
2020-06-05 09:00:03.460000,0.0,28550,794,28560,100,28540,1,28530,1
2020-06-05 09:00:04.480000,0.0,28550,794,28565,1000,28540,1,28535,100
2020-06-05 09:00:05.540000,0.0,28550,794,28565,1100,28540,1,28530,1
2020-06-05 09:00:06.070000,0.0,28550,794,28565,1000,28540,1,28535,100
2020-06-05 09:00:06.960000,0.0,28565,995,28585,100,28560,1,28545,100
2020-06-05 09:00:08.180000,0.0,28565,995,28590,100,28560,1,28545,100
2020-06-05 09:00:09.240000,0.0,28565,995,28590,100,28560,1,28550,100
2020-06-05 09:00:09.660000,0.0,28565,995,28585,100,28560,1,28545,100
2020-06-05 09:00:10.850000,0.0,28565,995,28585,100,28560,1,28545,100
2020-06-05 09:00:11.100000,0.0,28565,995,28590,100,28560,1,28550,100
2020-06-05 09:00:11.910000,0.0,28565,995,28590,100,28560,1,28550,100
2020-06-05 09:00:12.970000,0.0,28565,995,28590,100,28560,1,28550,100
2020-06-05 09:00:13.360000,0.0,28565,995,28600,100,28560,101,28555,10054
2020-06-05 09:00:14.540000,0.0,28605,100,28615,125,28595,4,28570,1
2020-06-05 09:00:14.860000,0.0,28590,796,28595,1000,28570,1,28565,100
2020-06-05 09:00:15.500000,0.0,28590,796,28595,1000,28570,1,28560,101
2020-06-05 09:00:16.830000,0.0,28590,796,28595,1000,28570,1,28565,100
2020-06-05 09:00:18.050000,0.0,28590,796,28595,1000,28570,101,28565,10054
2020-06-05 09:00:20.100000,0.0,28590,796,28595,1000,28570,1,28565,100
2020-06-05 09:00:20.410000,0.0,28590,796,28595,1000,28570,101,28565,10054
2020-06-05 09:00:20.630000,0.0,28590,796,28595,1000,28570,1,28565,100
2020-06-05 09:00:21.040000,0.0,28590,796,28595,1000,28570,1,28565,100
2020-06-05 09:00:21.430000,0.0,28590,796,28595,1000,28570,101,28565,10054
2020-06-05 09:00:22.190000,0.0,28590,796,28595,1000,28570,1,28565,100
2020-06-05 09:00:23.770000,0.0,28575,196,28590,1000,28570,4,28565,100
2020-06-05 09:00:24.570000,0.0,28575,196,28590,1000,28570,4,28565,100
2020-06-05 09:00:25.470000,0.0,28575,196,28590,1000,28570,104,28565,10054
2020-06-05 09:00:26.360000,0.0,28595,996,28615,125,28585,100,28575,10454
2020-06-05 09:00:27.240000,0.0,28615,125,28620,1125,28595,104,28590,10054
2020-06-05 09:00:28.100000,0.0,28600,4796,28615,125,28590,14953,28570,4
2020-06-05 09:00:29.270000,0.0,28610,4796,28615,125,28600,14953,28570,4
2020-06-05 09:00:30.660000,0.0,28605,4796,28615,125,28595,14953,28570,4
2020-06-05 09:00:31.970000,0.0,28605,4796,28615,125,28595,14953,28570,4
2020-06-05 09:00:33.940000,0.0,28605,4796,28615,5,28600,4899,28595,10054
2020-06-05 09:00:34.270000,0.0,28615,4801,28620,1125,28610,10054,28605,4899
2020-06-05 09:00:35.000000,0.0,28615,4801,28620,1125,28605,14953,28570,4
2020-06-05 09:00:36.050000,0.0,28605,4796,28615,5,28595,14953,28570,6
2020-06-05 09:00:36.470000,0.0,28600,4796,28615,5,28595,14953,28570,6
2020-06-05 09:00:37.280000,0.0,28610,4796,28615,5,28600,14953,28570,6
2020-06-05 09:00:38.170000,0.0,28615,5,28620,5921,28610,14953,28570,6
2020-06-05 09:00:39.200000,0.0,28620,1125,28625,4797,28615,14953,28570,6
2020-06-05 09:00:40.250000,0.0,28620,5921,28625,1,28610,14948,28570,6
2020-06-05 09:00:40.700000,0.0,28620,1125,28625,4797,28615,14948,28570,6
2020-06-05 09:00:42.890000,0.0,28620,5921,28625,1,28610,14948,28570,6
2020-06-05 09:00:45.000000,0.0,28615,4796,28620,1125,28605,14948,28570,6
2020-06-05 09:00:46.050000,0.0,28620,1125,28625,4797,28615,14948,28570,6
2020-06-05 09:00:47.080000,0.0,28620,5921,28625,1,28610,14948,28570,6
2020-06-05 09:00:47.470000,0.0,28625,4901,28650,1,28620,2500,28615,14948
2020-06-05 09:00:48.360000,0.0,28625,101,28630,4900,28620,17453,28615,5
2020-06-05 09:00:49.220000,0.0,28620,4900,28625,101,28615,10059,28610,7394
2020-06-05 09:00:50.290000,0.0,28620,2400,28625,101,28610,17448,28570,6
2020-06-05 09:00:51.340000,0.0,28615,4900,28625,101,28605,14948,28600,2500
2020-06-05 09:00:52.400000,0.0,28610,2400,28625,101,28600,17448,28570,6
2020-06-05 09:00:52.970000,0.0,28625,5001,28650,1,28615,4894,28610,12554
2020-06-05 09:00:53.790000,0.0,28620,4900,28650,1,28615,4894,28610,12554
2020-06-05 09:00:55.040000,0.0,28615,4900,28650,101,28610,4894,28605,10054
2020-06-05 09:00:55.470000,0.0,28615,2400,28645,100,28605,4894,28600,12554
2020-06-05 09:00:56.610000,0.0,28615,2400,28645,100,28605,4894,28600,12554
2020-06-05 09:00:57.090000,0.0,28615,4900,28650,101,28610,4894,28605,10054
2020-06-05 09:00:58.170000,0.0,28625,4900,28650,1,28615,14948,28610,2500
2020-06-05 09:00:58.760000,28674.93,28630,4900,28650,1401,28620,17448,28570,6
2020-06-05 09:00:59.730000,28674.93,28630,3489,28650,1,28620,4894,28615,10054
2020-06-05 09:01:00.820000,28674.93,28640,4900,28650,1,28630,4895,28625,12554
2020-06-05 09:01:01.870000,28674.93,28635,4900,28640,1500,28630,1,28625,4894
2020-06-05 09:01:02.920000,28674.93,28630,4900,28635,1400,28620,17448,28570,6
2020-06-05 09:01:03.460000,28674.93,28630,4900,28635,1400,28620,4894,28615,10054
2020-06-05 09:01:04.270000,28674.93,28635,1400,28640,6400,28630,4894,28625,12554
2020-06-05 09:01:05.540000,28674.93,28630,4900,28640,1500,28620,16679,28570,6
2020-06-05 09:01:06.070000,28674.93,28635,4900,28640,1500,28625,16679,28570,6
2020-06-05 09:01:08.200000,28674.93,28630,4900,28640,1500,28620,16679,28570,6
2020-06-05 09:01:08.660000,28674.93,28635,4900,28640,1500,28625,4125,28620,12554
2020-06-05 09:01:09.770000,28698.41,28630,4898,28635,1500,28620,4125,28615,10054
2020-06-05 09:01:10.820000,28698.41,28630,4884,28635,1500,28620,7437,28615,10054
2020-06-05 09:01:11.870000,28698.41,28630,4884,28635,1500,28625,4125,28620,15866
2020-06-05 09:01:12.910000,28698.41,28640,3317,28650,1,28635,5100,28630,10054
2020-06-05 09:01:13.960000,28698.41,28645,4884,28650,1,28640,4900,28635,13954
2020-06-05 09:01:14.460000,28698.41,28650,4885,28655,2,28645,4884,28640,16354
2020-06-05 09:01:15.540000,28698.41,28650,4832,28660,2,28645,8300,28640,11454
2020-06-05 09:01:16.580000,28698.41,28660,4902,28665,2,28650,4900,28645,12554
2020-06-05 09:01:17.630000,28698.41,28665,4902,28670,2,28660,4900,28655,10054
2020-06-05 09:01:18.680000,28698.41,28660,4900,28670,2,28650,4900,28645,12554
2020-06-05 09:01:19.270000,28738.9,28660,4500,28670,2,28650,4900,28645,12554
2020-06-05 09:01:20.370000,28738.9,28650,4499,28655,800,28640,6300,28635,13954
2020-06-05 09:01:21.470000,28738.9,28650,4499,28655,800,28640,4900,28635,13954
2020-06-05 09:01:22.460000,28738.9,28650,4499,28655,800,28640,5500,28635,13954
2020-06-05 09:01:23.460000,28738.9,28650,4499,28655,800,28640,5800,28635,13954
2020-06-05 09:01:24.490000,28738.9,28650,4499,28655,800,28645,5,28640,5800
2020-06-05 09:01:25.540000,28738.9,28655,800,28660,5299,28650,4900,28645,13359
2020-06-05 09:01:26.580000,28738.9,28660,5299,28670,2,28650,6700,28645,13359
2020-06-05 09:01:27.070000,28738.9,28670,4501,28675,2,28660,19954,28650,1900
2020-06-05 09:01:28.150000,28738.9,28660,7536,28670,902,28650,6800,28645,13359
2020-06-05 09:01:29.190000,28724.44,28645,4499,28660,3037,28640,900,28635,1400
2020-06-05 09:01:30.240000,28724.44,28635,4700,28645,900,28630,4900,28625,1
2020-06-05 09:01:31.290000,28724.44,28635,4700,28645,900,28630,4000,28620,15866
2020-06-05 09:01:32.330000,28724.44,28630,4900,28645,900,28625,4000,28620,15866
2020-06-05 09:01:32.860000,28724.44,28640,4900,28645,900,28630,4000,28625,12554
2020-06-05 09:01:33.600000,28724.44,28640,5600,28645,900,28630,4000,28625,12554
2020-06-05 09:01:34.500000,28724.44,28630,4900,28640,1000,28620,7312,28615,10054
2020-06-05 09:01:35.670000,28724.44,28620,5890,28630,1000,28610,4000,28605,10054
2020-06-05 09:01:36.660000,28724.44,28605,4890,28620,1000,28595,4000,28585,12554
2020-06-05 09:01:38.070000,28724.44,28595,4890,28605,1000,28585,4000,28580,10054
2020-06-05 09:01:39.740000,28680.53,28605,5890,28620,1000,28595,6500,28590,10054
2020-06-05 09:01:40.790000,28680.53,28600,4890,28605,1000,28595,2500,28590,4000
2020-06-05 09:01:41.840000,28680.53,28600,5890,28605,1000,28590,4000,28585,12554
2020-06-05 09:01:42.880000,28680.53,28615,1000,28620,5890,28610,3970,28605,10054
2020-06-05 09:01:44.060000,28680.53,28610,4890,28615,1000,28600,6470,28595,12554
2020-06-05 09:01:45.170000,28680.53,28615,5890,28620,1000,28605,3970,28600,12554
2020-06-05 09:01:46.260000,28680.53,28615,5890,28620,1000,28605,3970,28600,15054
2020-06-05 09:01:47.370000,28680.53,28610,4890,28615,1000,28605,3970,28600,15054
2020-06-05 09:01:48.470000,28680.53,28605,5724,28610,1000,28600,2500,28595,4900
2020-06-05 09:01:49.500000,28655.78,28610,5900,28615,1000,28605,1440,28600,4900
2020-06-05 09:01:50.560000,28655.78,28610,4900,28615,1000,28605,6340,28595,12554
2020-06-05 09:01:51.590000,28655.78,28610,5000,28615,1000,28605,1440,28600,4900
2020-06-05 09:01:52.670000,28655.78,28615,4900,28620,1000,28610,1600,28605,4900
2020-06-05 09:01:53.860000,28655.78,28605,4900,28610,900,28595,4900,28590,10054
2020-06-05 09:01:54.970000,28655.78,28610,5800,28615,500,28605,2500,28600,4900
2020-06-05 09:01:56.170000,28655.78,28610,4900,28615,500,28605,7400,28595,12554
2020-06-05 09:01:57.260000,28655.78,28605,3300,28610,700,28600,4900,28595,100
2020-06-05 09:01:58.370000,28655.78,28610,6000,28615,500,28605,1578,28600,5000
2020-06-05 09:01:59.460000,28655.2,28610,2200,28615,500,28605,1578,28600,5000
2020-06-05 09:02:00.500000,28655.2,28605,4907,28610,800,28600,4900,28590,10154
2020-06-05 09:02:01.560000,28655.2,28605,5200,28610,800,28595,4900,28590,10154
2020-06-05 09:02:02.710000,28655.2,28610,6000,28615,500,28605,2500,28600,4900
2020-06-05 09:02:03.660000,28655.2,28615,500,28620,6200,28610,4900,28605,12654
2020-06-05 09:02:04.770000,28655.2,28615,6000,28620,1000,28605,7400,28600,12654
2020-06-05 09:02:05.820000,28655.2,28615,5201,28620,1000,28610,4100,28605,2500
2020-06-05 09:02:06.860000,28655.2,28615,5201,28620,1000,28605,7700,28600,100
2020-06-05 09:02:07.930000,28655.2,28615,5201,28620,1000,28605,7700,28600,12654
2020-06-05 09:02:08.460000,28655.2,28615,5201,28620,1000,28605,7700,28600,12654
2020-06-05 09:02:09.360000,28658.66,28630,1000,28640,1000,28620,3507,28610,5200
2020-06-05 09:02:10.570000,28658.66,28635,800,28640,1000,28620,10054,28615,5200
2020-06-05 09:02:11.630000,28658.66,28630,800,28635,800,28620,10054,28615,5200
2020-06-05 09:02:12.690000,28658.66,28635,800,28640,1000,28630,10054,28625,5200
2020-06-05 09:02:13.750000,28658.66,28640,1000,28645,900,28630,10054,28625,5200
2020-06-05 09:02:14.820000,28658.66,28645,900,28655,2,28635,10054,28630,5200
2020-06-05 09:02:15.880000,28658.66,28655,802,28660,3039,28640,9975,28635,5200
2020-06-05 09:02:16.970000,28658.66,28660,2,28665,2,28655,9973,28645,5200
2020-06-05 09:02:18.060000,28658.66,28660,2,28665,2,28650,9973,28645,5200
2020-06-05 09:02:19.200000,28689.67,28660,102,28665,2,28640,15173,28630,100
2020-06-05 09:02:20.290000,28689.67,28660,702,28665,2,28640,15173,28630,100
2020-06-05 09:02:22.360000,28689.67,28660,702,28665,102,28635,15173,28625,2600
2020-06-05 09:02:23.560000,28689.67,28660,402,28665,2,28640,15173,28630,100
2020-06-05 09:02:24.680000,28689.67,28660,702,28665,2,28640,15173,28630,100
2020-06-05 09:02:25.710000,28689.67,28660,702,28665,102,28635,15173,28625,2600
2020-06-05 09:02:26.770000,28689.67,28655,50,28660,702,28635,15173,28625,2600
2020-06-05 09:02:27.770000,28689.67,28655,750,28660,802,28635,5200,28630,9973
2020-06-05 09:02:28.820000,28690.61,28655,50,28660,702,28640,15173,28630,100
2020-06-05 09:02:29.850000,28690.61,28655,750,28660,802,28630,15173,28620,2600
2020-06-05 09:02:30.940000,28690.61,28655,50,28660,702,28650,10,28640,15173
2020-06-05 09:02:31.990000,28690.61,28655,250,28660,702,28635,15173,28625,7500
2020-06-05 09:02:33.030000,28690.61,28655,750,28660,5702,28630,15173,28620,2600
2020-06-05 09:02:34.060000,28690.61,28650,300,28655,750,28630,15173,28620,2600
2020-06-05 09:02:35.140000,28690.61,28650,300,28655,750,28635,15173,28625,7500
2020-06-05 09:02:36.190000,28690.61,28650,300,28655,750,28640,15173,28630,100
2020-06-05 09:02:38.770000,28694.99,28650,300,28655,750,28640,15173,28630,100
2020-06-05 09:02:39.800000,28694.99,28650,300,28655,750,28645,15173,28635,7500
2020-06-05 09:02:42.000000,28694.99,28650,300,28655,750,28645,9973,28640,5200
2020-06-05 09:02:43.050000,28694.99,28650,300,28655,750,28645,15173,28635,7500
2020-06-05 09:02:44.090000,28694.99,28650,300,28655,750,28640,15173,28630,100
2020-06-05 09:02:45.140000,28694.99,28650,300,28655,805,28645,15173,28635,7500
2020-06-05 09:02:46.190000,28694.99,28660,2,28665,2,28650,15068,28640,100
2020-06-05 09:02:47.230000,28694.99,28660,2,28665,2,28650,15068,28640,100
2020-06-05 09:02:47.760000,28694.99,28660,702,28665,2,28645,15068,28635,7500
2020-06-05 09:02:49.870000,28719.96,28660,702,28665,10056,28640,15068,28630,100
2020-06-05 09:02:50.930000,28719.96,28660,702,28665,10056,28640,15068,28630,100
2020-06-05 09:02:51.980000,28719.96,28660,702,28665,2,28645,9868,28640,5500
2020-06-05 09:02:53.030000,28719.96,28660,10756,28665,5002,28640,300,28635,15068
2020-06-05 09:02:54.070000,28719.96,28655,10754,28660,5702,28630,15068,28620,2600
2020-06-05 09:02:55.120000,28719.96,28645,10054,28650,5000,28620,15068,28610,2610
2020-06-05 09:02:56.170000,28719.96,28655,10754,28660,5702,28630,15068,28620,2600
2020-06-05 09:02:57.210000,28719.96,28655,10854,28660,5702,28630,9868,28625,5200
2020-06-05 09:02:58.260000,28719.96,28655,10754,28660,5702,28630,15068,28620,2600
2020-06-05 09:02:59.310000,28720.69,28655,10754,28660,5702,28630,15068,28620,2600
2020-06-05 09:03:00.410000,28720.69,28650,10054,28655,5800,28625,15068,28615,5000
2020-06-05 09:03:01.660000,28720.69,28645,800,28650,10853,28625,15068,28615,5000
2020-06-05 09:03:02.810000,28720.69,28645,10853,28650,5800,28620,15070,28610,2610
2020-06-05 09:03:03.900000,28720.69,28645,800,28650,10853,28625,15068,28620,2
2020-06-05 09:03:04.960000,28720.69,28645,800,28650,800,28630,15068,28620,2602
2020-06-05 09:03:05.960000,28720.69,28645,800,28650,10853,28625,15068,28620,2
2020-06-05 09:03:06.990000,28720.69,28640,10053,28645,5800,28620,2,28615,15068
2020-06-05 09:03:08.070000,28720.69,28645,800,28650,10853,28625,15068,28620,2
2020-06-05 09:03:09.280000,28708.61,28645,10853,28650,5800,28620,15070,28610,2610
2020-06-05 09:03:10.390000,28708.61,28645,10853,28650,5800,28620,15070,28610,2610
2020-06-05 09:03:12.570000,28708.61,28645,10853,28650,5800,28620,15070,28610,2610
2020-06-05 09:03:13.670000,28708.61,28645,10853,28650,5800,28620,15070,28610,2610
2020-06-05 09:03:14.700000,28708.61,28640,10053,28645,5800,28620,2,28615,15068
2020-06-05 09:03:15.700000,28708.61,28640,10953,28645,5800,28620,2,28615,15068
2020-06-05 09:03:16.750000,28708.61,28640,10952,28645,5800,28620,2,28615,15068
2020-06-05 09:03:17.800000,28708.61,28640,899,28645,10853,28625,5200,28620,9870
2020-06-05 09:03:18.840000,28705.0,28640,899,28645,10853,28620,15070,28610,2610
2020-06-05 09:03:19.890000,28705.0,28640,10952,28645,5800,28620,5202,28615,9868
2020-06-05 09:03:20.940000,28705.0,28635,10053,28640,5899,28610,15078,28605,2527
2020-06-05 09:03:21.980000,28705.0,28635,10953,28640,5899,28610,15078,28605,2527
2020-06-05 09:03:23.030000,28705.0,28635,10937,28640,5899,28610,5210,28605,12395
2020-06-05 09:03:24.080000,28705.0,28635,884,28640,10952,28615,15068,28610,10
2020-06-05 09:03:26.170000,28705.0,28635,884,28640,902,28620,15068,28610,2610
2020-06-05 09:03:27.210000,28705.0,28630,1,28640,902,28620,15068,28610,2610
2020-06-05 09:03:28.260000,28705.0,28630,1,28640,10955,28615,15068,28610,10
2020-06-05 09:03:28.870000,28694.19,28630,1,28640,902,28620,5200,28615,9868
2020-06-05 09:03:29.910000,28694.19,28630,1,28640,10955,28615,15068,28610,10
2020-06-05 09:03:31.970000,28694.19,28630,1,28640,902,28625,15068,28615,5000
2020-06-05 09:03:33.020000,28694.19,28640,3,28645,800,28625,15068,28615,5000
2020-06-05 09:03:34.070000,28694.19,28640,3,28645,10853,28620,15068,28610,2610
2020-06-05 09:03:35.110000,28694.19,28640,3,28645,10853,28620,15068,28610,2610
2020-06-05 09:03:36.160000,28694.19,28635,10053,28640,5903,28610,15078,28605,2527
2020-06-05 09:03:37.210000,28694.19,28630,10053,28635,5900,28610,10,28605,17595
2020-06-05 09:03:38.250000,28694.19,28625,900,28630,10953,28605,17595,28595,7500
2020-06-05 09:03:39.300000,28679.25,28625,10953,28630,5900,28605,2527,28600,15068
2020-06-05 09:03:40.360000,28679.25,28620,900,28625,10953,28600,15068,28590,120
2020-06-05 09:03:41.410000,28679.25,28620,900,28625,10953,28600,15068,28590,120
2020-06-05 09:03:42.450000,28679.25,28620,900,28625,10953,28600,15068,28590,120
2020-06-05 09:03:43.500000,28679.25,28615,10053,28620,5900,28590,15088,28580,100
2020-06-05 09:03:44.550000,28679.25,28615,10953,28620,5900,28595,5200,28590,9893
2020-06-05 09:03:45.590000,28679.25,28615,10953,28620,5900,28590,15093,28580,100
2020-06-05 09:03:46.760000,28679.25,28615,10953,28620,5900,28590,15093,28580,100
2020-06-05 09:03:47.960000,28679.25,28615,10953,28620,5900,28590,15093,28580,100
2020-06-05 09:03:49.060000,28684.84,28610,10053,28615,5900,28590,5225,28585,9868
2020-06-05 09:03:50.270000,28684.84,28610,1000,28615,10953,28590,15093,28580,100
2020-06-05 09:03:51.580000,28684.84,28610,1000,28615,10953,28590,15093,28580,100
2020-06-05 09:03:52.640000,28684.84,28610,11053,28615,5900,28590,5225,28585,9868
2020-06-05 09:03:53.690000,28684.84,28605,4,28610,1000,28590,15093,28580,100
2020-06-05 09:03:54.750000,28684.84,28605,1004,28610,11053,28590,5225,28585,9868
2020-06-05 09:03:55.810000,28684.84,28605,1004,28610,11053,28590,5225,28585,9868
2020-06-05 09:03:56.870000,28684.84,28610,1000,28615,900,28600,15068,28590,125
2020-06-05 09:03:57.940000,28684.84,28615,900,28620,900,28605,15068,28595,7500
2020-06-05 09:03:59.000000,28684.84,28620,900,28625,900,28605,15068,28595,7500
2020-06-05 09:04:00.060000,28664.18,28625,900,28630,900,28615,15068,28605,5000
2020-06-05 09:04:01.120000,28664.18,28625,1000,28630,900,28610,15068,28600,2600
2020-06-05 09:04:02.180000,28664.18,28630,900,28635,900,28615,15068,28605,5000
2020-06-05 09:04:03.250000,28664.18,28630,1000,28635,900,28620,15068,28610,2600
2020-06-05 09:04:04.290000,28664.18,28630,1000,28635,900,28615,15068,28605,5000
2020-06-05 09:04:05.360000,28664.18,28630,1000,28635,10953,28610,15068,28600,2600
2020-06-05 09:04:06.400000,28664.18,28620,1000,28630,11053,28610,5200,28605,9868
2020-06-05 09:04:07.460000,28664.18,28620,1000,28630,1000,28615,15068,28605,5000
2020-06-05 09:04:08.560000,28664.18,28630,1000,28635,900,28615,15068,28605,5000
2020-06-05 09:04:09.660000,28649.84,28630,1000,28635,900,28620,5200,28615,9868
2020-06-05 09:04:10.690000,28649.84,28630,1000,28635,900,28615,15068,28605,5000
2020-06-05 09:04:11.690000,28649.84,28635,900,28640,915,28620,15068,28610,2600
2020-06-05 09:04:12.770000,28649.84,28635,900,28640,10968,28615,15068,28605,5000
2020-06-05 09:04:13.800000,28649.84,28635,10953,28640,5915,28610,15068,28605,1
2020-06-05 09:04:14.850000,28649.84,28635,900,28640,10968,28615,15068,28605,5001
2020-06-05 09:04:15.910000,28649.84,28635,10953,28640,5915,28615,5200,28610,9868
2020-06-05 09:04:16.970000,28649.84,28635,10953,28640,5915,28615,5200,28610,9868
2020-06-05 09:04:18.030000,28649.84,28635,10953,28640,5915,28610,15068,28605,1
2020-06-05 09:04:19.100000,28647.07,28630,15053,28635,5900,28605,9869,28600,5200
2020-06-05 09:04:20.160000,28647.07,28630,11053,28635,5900,28605,15069,28595,7504
2020-06-05 09:04:21.220000,28647.07,28625,10053,28630,6500,28605,5201,28600,9868
2020-06-05 09:04:22.280000,28647.07,28630,1500,28635,900,28615,15068,28605,5001
2020-06-05 09:04:23.340000,28647.07,28630,1500,28635,900,28615,15068,28605,5001
2020-06-05 09:04:24.410000,28647.07,28630,1500,28635,900,28615,15068,28605,5001
2020-06-05 09:04:25.470000,28647.07,28630,1500,28635,10953,28615,5200,28610,9868
2020-06-05 09:04:26.530000,28647.07,28630,1500,28635,900,28615,15068,28605,5001
2020-06-05 09:04:27.590000,28647.07,28630,1500,28635,900,28615,15068,28605,5001
2020-06-05 09:04:28.060000,28647.07,28630,1500,28635,900,28615,15068,28605,5001
2020-06-05 09:04:30.230000,28654.79,28630,1500,28635,10953,28610,15068,28605,1
2020-06-05 09:04:31.860000,28654.79,28620,3,28630,1500,28610,15068,28605,1
2020-06-05 09:04:33.890000,28654.79,28620,903,28630,11553,28605,15069,28595,7504
2020-06-05 09:04:35.470000,28654.79,28620,903,28625,10053,28605,5201,28600,9868
2020-06-05 09:04:36.510000,28654.79,28620,903,28630,11554,28605,15069,28595,7504
2020-06-05 09:04:37.560000,28654.79,28630,1501,28635,900,28615,15068,28605,5001
2020-06-05 09:04:38.620000,28654.79,28630,501,28635,900,28620,15068,28610,2600
2020-06-05 09:04:41.960000,28652.46,28630,1501,28635,900,28620,5190,28615,9868
2020-06-05 09:04:42.960000,28652.46,28630,1923,28635,900,28615,15058,28605,5001
2020-06-05 09:04:43.970000,28652.46,28630,1923,28635,10953,28610,15060,28605,1
2020-06-05 09:04:45.020000,28652.46,28630,1923,28635,10953,28610,15060,28605,1
2020-06-05 09:04:46.080000,28652.46,28630,11976,28635,5900,28610,2,28605,15059
2020-06-05 09:04:46.660000,28652.46,28630,1923,28635,10953,28610,15058,28605,1
2020-06-05 09:04:47.660000,28652.46,28630,1923,28635,900,28615,15058,28605,5001
2020-06-05 09:04:48.710000,28652.46,28630,923,28635,900,28620,15058,28610,2600
2020-06-05 09:04:49.750000,28659.46,28630,923,28635,900,28625,15058,28615,5000
2020-06-05 09:04:50.800000,28659.46,28630,923,28635,900,28625,5190,28620,9868
2020-06-05 09:04:51.840000,28659.46,28630,923,28635,900,28620,15060,28615,5000
2020-06-05 09:04:52.890000,28659.46,28630,923,28635,900,28625,5190,28620,9870
2020-06-05 09:04:53.940000,28659.46,28630,1923,28635,900,28620,15060,28610,2610
2020-06-05 09:04:54.980000,28659.46,28630,1923,28635,900,28620,5187,28615,9868
2020-06-05 09:04:55.560000,28659.46,28630,923,28635,900,28620,15055,28610,2612
2020-06-05 09:04:56.530000,28659.46,28630,923,28635,900,28625,5187,28620,9868
2020-06-05 09:04:57.670000,28659.46,28630,1923,28635,900,28620,15057,28610,2612
2020-06-05 09:04:59.780000,28674.28,28630,1923,28635,900,28620,15057,28610,2612
2020-06-05 09:05:00.860000,28674.28,28630,923,28635,900,28620,15057,28610,2612
2020-06-05 09:05:01.860000,28674.28,28630,1923,28635,900,28620,2,28615,15055
2020-06-05 09:05:02.970000,28674.28,28630,1923,28635,900,28620,4,28615,15055
2020-06-05 09:05:04.010000,28674.28,28630,1923,28635,900,28620,15059,28610,2612
2020-06-05 09:05:05.060000,28674.28,28630,1923,28635,900,28620,5191,28615,9868
2020-06-05 09:05:06.110000,28674.28,28630,923,28635,900,28620,15059,28610,2612
2020-06-05 09:05:07.150000,28674.28,28630,923,28635,900,28625,5187,28620,9872
2020-06-05 09:05:08.200000,28674.28,28630,1923,28635,900,28620,25245,28610,2612
2020-06-05 09:05:09.250000,28680.41,28630,923,28635,900,28625,25241,28620,4
2020-06-05 09:05:10.290000,28680.41,28635,1000,28640,916,28625,25241,28620,4
2020-06-05 09:05:11.340000,28680.41,28640,916,28645,800,28630,25238,28620,2606
2020-06-05 09:05:12.390000,28680.41,28640,16,28645,800,28630,25238,28620,2606
2020-06-05 09:05:13.950000,28680.41,28640,16,28645,800,28630,25238,28620,2606
2020-06-05 09:05:14.990000,28680.41,28640,16,28645,800,28635,25238,28625,7500
2020-06-05 09:05:16.040000,28680.41,28650,800,28655,800,28640,25238,28630,100
2020-06-05 09:05:17.090000,28680.41,28655,800,28660,702,28645,25238,28635,7500
2020-06-05 09:05:18.130000,28680.41,28655,900,28660,702,28645,25238,28635,7500
2020-06-05 09:05:18.660000,28670.91,28660,702,28665,2,28645,25238,28635,7500
2020-06-05 09:05:20.230000,28670.91,28660,902,28665,2,28645,25238,28635,7500
2020-06-05 09:05:21.270000,28670.91,28660,902,28665,2,28645,25238,28635,7500
2020-06-05 09:05:23.400000,28670.91,28660,902,28665,2,28645,25238,28635,7500
2020-06-05 09:05:25.510000,28670.91,28660,902,28665,2,28645,25238,28635,7500
2020-06-05 09:05:26.550000,28670.91,28660,902,28665,20056,28640,25238,28630,100
2020-06-05 09:05:27.600000,28670.91,28660,20956,28665,5002,28635,25238,28625,7500
2020-06-05 09:05:28.650000,28670.91,28655,20054,28660,5902,28635,5184,28630,20054
2020-06-05 09:05:29.690000,28678.32,28655,21054,28660,5902,28630,25238,28620,2606
2020-06-05 09:05:30.740000,28678.32,28655,21054,28660,5902,28630,25238,28620,2606
2020-06-05 09:05:31.190000,28678.32,28645,42,28655,21054,28630,25238,28620,2606
2020-06-05 09:05:32.270000,28678.32,28645,1042,28655,21054,28630,25238,28620,2606
2020-06-05 09:05:33.380000,28678.32,28645,1042,28655,21054,28630,25238,28620,2606
2020-06-05 09:05:35.470000,28678.32,28645,42,28655,1000,28635,25238,28625,7500
2020-06-05 09:05:36.070000,28678.32,28645,42,28655,1000,28635,25238,28625,7500
2020-06-05 09:05:37.030000,28678.32,28640,200,28645,21096,28625,5184,28620,20060
2020-06-05 09:05:38.080000,28678.32,28640,1200,28645,21096,28625,5184,28620,20060
2020-06-05 09:05:39.130000,28694.3,28640,200,28645,1042,28630,5184,28625,20054
2020-06-05 09:05:40.170000,28694.3,28640,200,28645,1042,28630,25238,28620,2606
2020-06-05 09:05:41.220000,28694.3,28640,1200,28645,1042,28625,25238,28620,6
2020-06-05 09:05:42.270000,28694.3,28640,1200,28645,1042,28625,25238,28620,6
2020-06-05 09:05:43.830000,28694.3,28640,200,28645,1042,28630,25238,28620,2606
2020-06-05 09:05:44.890000,28694.3,28640,1200,28645,21096,28625,5184,28620,20060
2020-06-05 09:05:45.950000,28694.3,28640,1200,28645,21096,28620,25244,28615,5
2020-06-05 09:05:50.290000,28699.24,28640,1200,28645,1042,28625,25238,28620,6
2020-06-05 09:05:51.370000,28699.24,28640,200,28645,1042,28625,25238,28620,6
2020-06-05 09:05:52.430000,28699.24,28640,1200,28645,1042,28625,25238,28620,6
2020-06-05 09:05:54.070000,28699.24,28640,1200,28645,21096,28620,25244,28615,5
2020-06-05 09:05:55.960000,28699.24,28640,1200,28645,1362,28625,25238,28620,6
2020-06-05 09:05:57.180000,28699.24,28640,200,28645,1362,28625,25238,28620,6
2020-06-05 09:05:57.760000,28699.24,28640,1200,28645,1362,28625,25238,28620,6
2020-06-05 09:05:59.400000,28697.86,28640,1200,28645,21416,28620,25244,28615,5
2020-06-05 09:06:01.470000,28697.86,28640,1200,28645,1362,28625,25238,28620,6
2020-06-05 09:06:02.530000,28697.86,28640,400,28645,1362,28625,25238,28620,6
2020-06-05 09:06:03.590000,28697.86,28640,1200,28645,1362,28625,25238,28620,6
2020-06-05 09:06:04.650000,28697.86,28640,1200,28645,21416,28625,5184,28620,20060
2020-06-05 09:06:05.060000,28697.86,28640,1200,28645,21416,28620,25244,28615,5
2020-06-05 09:06:06.250000,28697.86,28640,21254,28645,6362,28620,6,28615,25243
2020-06-05 09:06:06.870000,28697.86,28635,1000,28640,21254,28615,25243,28610,12
2020-06-05 09:06:07.840000,28697.86,28635,21054,28640,6200,28615,5189,28610,20066
2020-06-05 09:06:08.900000,28695.52,28635,1000,28640,21254,28615,5189,28610,20066
2020-06-05 09:06:09.960000,28695.52,28635,1000,28640,21254,28615,5189,28610,20066
2020-06-05 09:06:11.030000,28695.52,28635,21054,28640,6200,28615,5189,28610,20066
2020-06-05 09:06:12.090000,28695.52,28630,20054,28635,6000,28610,12,28605,25239
2020-06-05 09:06:13.130000,28695.52,28625,1000,28630,21054,28605,25239,28600,101
2020-06-05 09:06:14.200000,28695.52,28625,21054,28630,6000,28605,5185,28600,20155
2020-06-05 09:06:15.260000,28695.52,28625,1000,28630,21054,28605,25239,28600,101
2020-06-05 09:06:16.320000,28695.52,28625,1000,28630,21054,28610,5184,28605,20055
2020-06-05 09:06:16.870000,28695.52,28625,1000,28630,21054,28605,25239,28600,101
2020-06-05 09:06:17.870000,28695.52,28625,1000,28630,1000,28610,25238,28605,1
2020-06-05 09:06:18.960000,28677.71,28625,1000,28630,1000,28615,5184,28610,20054
2020-06-05 09:06:19.990000,28677.71,28630,1000,28635,21054,28615,5184,28610,20054
2020-06-05 09:06:21.050000,28677.71,28630,1000,28635,26054,28610,25238,28605,3
2020-06-05 09:06:22.100000,28677.71,28630,1000,28635,26054,28610,25238,28605,3
2020-06-05 09:06:23.760000,28677.71,28630,26054,28635,6000,28605,25241,28600,101
2020-06-05 09:06:25.790000,28677.71,28630,1000,28635,6000,28615,5184,28610,20054
2020-06-05 09:06:26.830000,28677.71,28630,1000,28635,26054,28615,5184,28610,20054
2020-06-05 09:06:27.880000,28677.71,28630,1000,28635,1000,28615,25238,28605,5003
2020-06-05 09:06:28.390000,28693.24,28630,1000,28635,1000,28620,5184,28615,20054
2020-06-05 09:06:29.440000,28693.24,28635,1000,28640,1200,28620,25238,28610,2600
2020-06-05 09:06:30.490000,28693.24,28635,1000,28640,22365,28615,25238,28605,1114
2020-06-05 09:06:31.550000,28693.24,28635,1000,28640,1200,28620,25238,28610,3611
2020-06-05 09:06:33.160000,28693.24,28640,1200,28645,1362,28630,25238,28620,3611
2020-06-05 09:06:34.100000,28693.24,28640,200,28645,1362,28630,25238,28620,3611
2020-06-05 09:06:35.240000,28693.24,28640,200,28645,1362,28630,25004,28620,3611
2020-06-05 09:06:36.660000,28693.24,28640,200,28645,1362,28635,25004,28625,3611
2020-06-05 09:06:37.840000,28693.24,28645,1362,28650,150,28630,25004,28620,3611
2020-06-05 09:06:38.890000,28693.24,28645,362,28650,150,28635,25004,28625,3611
2020-06-05 09:06:39.940000,28679.25,28645,362,28650,150,28635,25004,28625,3611
2020-06-05 09:06:40.980000,28679.25,28645,362,28650,150,28640,25004,28630,1111
2020-06-05 09:06:41.560000,28679.25,28650,1170,28655,1000,28635,25004,28625,3611
2020-06-05 09:06:42.560000,28679.25,28650,1170,28655,1000,28635,25004,28630,7500
2020-06-05 09:06:43.560000,28679.25,28650,168,28655,1000,28645,25004,28640,7500
2020-06-05 09:06:44.670000,28679.25,28655,1000,28660,20956,28640,25004,28630,8611
2020-06-05 09:06:45.720000,28679.25,28655,1000,28660,20956,28640,25004,28630,8611
2020-06-05 09:06:46.750000,28679.25,28660,902,28665,20056,28645,5184,28640,19820
2020-06-05 09:06:47.790000,28679.25,28660,902,28665,20056,28645,26004,28640,7500
2020-06-05 09:06:48.360000,28679.25,28660,20956,28665,1113,28640,25004,28630,8611
2020-06-05 09:06:50.430000,28704.8,28660,2,28665,2,28650,25004,28640,8611
2020-06-05 09:06:51.500000,28704.8,28660,1002,28665,20056,28645,25004,28640,7500
2020-06-05 09:06:53.500000,28704.8,28660,1002,28665,20056,28645,25004,28640,7500
2020-06-05 09:06:55.710000,28704.8,28660,2,28665,2,28650,25004,28640,8611
2020-06-05 09:06:56.760000,28704.8,28660,2,28665,2,28650,25004,28640,8611
2020-06-05 09:06:57.370000,28704.8,28660,2,28665,2,28650,25004,28640,8611
2020-06-05 09:06:58.340000,28704.8,28660,2,28665,2,28650,25004,28640,7500
2020-06-05 09:06:59.380000,28714.13,28660,2,28665,2,28650,25004,28640,8611
2020-06-05 09:07:00.430000,28714.13,28660,2,28665,2,28655,19820,28650,12684
2020-06-05 09:07:01.480000,28714.13,28660,1002,28665,20056,28650,27320,28645,5184
2020-06-05 09:07:02.520000,28714.13,28660,1002,28665,20056,28650,27320,28645,5184
2020-06-05 09:07:03.570000,28714.13,28660,1002,28665,20056,28650,26920,28645,5184
2020-06-05 09:07:04.160000,28714.13,28660,21056,28665,1113,28645,19820,28640,12284
2020-06-05 09:07:06.680000,28714.13,28660,1002,28665,20056,28650,26920,28645,5184
2020-06-05 09:07:07.740000,28714.13,28660,1002,28665,20056,28650,14920,28645,5184
2020-06-05 09:07:09.370000,28716.9,28660,1002,28665,20056,28650,20104,28635,3611
2020-06-05 09:07:10.370000,28716.9,28660,1002,28665,20056,28650,14920,28645,5184
2020-06-05 09:07:11.260000,28716.9,28660,1002,28665,20056,28650,14920,28645,5184
2020-06-05 09:07:14.960000,28716.9,28660,21056,28665,1113,28645,13004,28640,7100
2020-06-05 09:07:16.140000,28716.9,28660,1000,28665,20056,28650,14920,28645,5184
2020-06-05 09:07:17.680000,28716.9,28660,21154,28665,1113,28645,13004,28640,7100
2020-06-05 09:07:18.770000,28716.9,28660,1100,28665,20056,28650,20104,28645,1100
2020-06-05 09:07:19.820000,28719.38,28665,2,28670,21056,28655,7815,28650,12284
2020-06-05 09:07:20.860000,28719.38,28665,21156,28670,2113,28650,20099,28645,1100
2020-06-05 09:07:21.300000,28719.38,28665,1102,28670,21056,28655,7815,28650,12284
2020-06-05 09:07:22.420000,28719.38,28665,21156,28670,2113,28650,20099,28645,1100
2020-06-05 09:07:23.470000,28719.38,28665,2,28670,21056,28655,7815,28650,12284
2020-06-05 09:07:24.060000,28719.38,28665,1202,28670,21056,28655,7815,28650,12284
2020-06-05 09:07:25.060000,28719.38,28665,1348,28670,21056,28655,7815,28650,12284
2020-06-05 09:07:25.970000,28719.38,28665,1348,28670,21056,28655,8815,28650,12284
2020-06-05 09:07:26.880000,28719.38,28665,148,28670,1002,28660,20099,28655,1200
2020-06-05 09:07:27.870000,28719.38,28665,148,28670,1002,28660,14915,28655,6384
2020-06-05 09:07:28.770000,28731.61,28665,148,28670,1002,28660,14915,28655,6384
2020-06-05 09:07:29.870000,28731.61,28665,148,28670,21056,28660,20099,28655,1200
2020-06-05 09:07:30.910000,28731.61,28670,102,28675,20057,28665,8715,28660,12284
2020-06-05 09:07:31.960000,28731.61,28670,102,28675,20057,28665,900,28660,20099
2020-06-05 09:07:32.570000,28731.61,28670,102,28675,20057,28665,9015,28660,12284
2020-06-05 09:07:33.550000,28731.61,28670,102,28675,20057,28665,9015,28660,12284
2020-06-05 09:07:35.620000,28731.61,28670,102,28675,20057,28665,9009,28660,12284
2020-06-05 09:07:36.680000,28731.61,28675,3,28680,20062,28670,7713,28665,13478
2020-06-05 09:07:37.740000,28731.61,28680,8,28685,20055,28675,21094,28670,1200
2020-06-05 09:07:38.260000,28731.61,28680,20062,28685,1112,28670,8910,28665,13478
2020-06-05 09:07:39.330000,28748.85,28670,20054,28675,1111,28665,1194,28660,19994
2020-06-05 09:07:40.400000,28748.85,28670,20054,28675,1111,28660,14810,28655,6384
2020-06-05 09:07:41.460000,28748.85,28670,20054,28675,1111,28660,19994,28655,1200
2020-06-05 09:07:42.520000,28748.85,28670,20054,28675,1111,28660,14810,28655,6384
2020-06-05 09:07:43.580000,28748.85,28665,20054,28670,1111,28655,8910,28650,12288
2020-06-05 09:07:44.640000,28748.85,28665,20054,28670,1111,28655,14194,28650,7104
2020-06-05 09:07:45.710000,28748.85,28665,20054,28670,1111,28655,12894,28650,7104
2020-06-05 09:07:47.100000,28748.85,28665,20054,28670,1111,28655,7710,28650,12288
2020-06-05 09:07:48.350000,28748.85,28665,20054,28670,1111,28655,14194,28650,7104
2020-06-05 09:07:48.860000,28747.33,28670,20304,28675,1111,28660,14810,28655,6484
2020-06-05 09:07:49.940000,28747.33,28670,20304,28675,1111,28660,14810,28655,6484
2020-06-05 09:07:50.990000,28747.33,28670,20304,28675,1135,28660,14810,28655,6484
2020-06-05 09:07:53.640000,28747.33,28665,20054,28670,1361,28655,14194,28650,7104
2020-06-05 09:07:54.090000,28747.33,28670,20304,28675,1135,28660,14810,28655,6484
2020-06-05 09:07:55.200000,28747.33,28665,20054,28670,1361,28655,14194,28650,27104
2020-06-05 09:07:55.690000,28747.33,28665,20054,28670,1361,28655,14194,28650,7104
2020-06-05 09:07:56.470000,28747.33,28665,20054,28670,1361,28655,12894,28650,7104
2020-06-05 09:07:57.330000,28747.33,28665,20054,28670,1361,28655,7710,28650,12288
2020-06-05 09:07:58.390000,28747.33,28665,21165,28670,1361,28650,19998,28645,1100
2020-06-05 09:07:59.450000,28748.99,28655,21165,28660,1111,28645,1100,28640,12894
2020-06-05 09:08:00.600000,28748.99,28655,21165,28660,1411,28640,12894,28635,7100
2020-06-05 09:08:01.790000,28748.99,28645,21165,28650,1111,28630,12894,28625,27100
2020-06-05 09:08:02.970000,28748.99,28640,21165,28645,1511,28625,19994,28620,20040
2020-06-05 09:08:04.000000,28748.99,28645,22265,28650,1111,28630,7710,28625,12484
2020-06-05 09:08:05.060000,28748.99,28640,21165,28645,1111,28625,20194,28620,40
2020-06-05 09:08:06.060000,28748.99,28640,21165,28645,1111,28625,19994,28620,40
2020-06-05 09:08:07.090000,28748.99,28645,21165,28650,1111,28630,12894,28625,8800
2020-06-05 09:08:08.150000,28748.99,28645,21165,28650,1111,28630,14594,28625,8800
2020-06-05 09:08:09.210000,28682.42,28650,21165,28655,2811,28635,19994,28630,1700
2020-06-05 09:08:09.700000,28682.42,28650,21565,28655,2811,28635,19994,28630,1700
2020-06-05 09:08:10.760000,28682.42,28645,21174,28650,2911,28630,14594,28625,8800
2020-06-05 09:08:11.850000,28682.42,28640,21165,28645,3020,28625,21694,28620,40
2020-06-05 09:08:12.910000,28682.42,28645,23074,28650,2911,28630,7710,28625,14184
2020-06-05 09:08:13.460000,28682.42,28645,21174,28650,2911,28630,14794,28625,9000
2020-06-05 09:08:14.400000,28682.42,28645,21174,28650,2911,28630,14794,28625,9000
2020-06-05 09:08:15.540000,28682.42,28645,21174,28650,2914,28630,14794,28625,9000
2020-06-05 09:08:16.590000,28682.42,28645,9,28650,22968,28635,14810,28630,7084
2020-06-05 09:08:17.630000,28682.42,28645,1909,28650,22968,28635,19994,28630,1900
2020-06-05 09:08:18.680000,28682.42,28645,9,28650,22968,28635,19994,28630,1900
2020-06-05 09:08:19.720000,28700.37,28645,22974,28650,2914,28630,14794,28625,9000
2020-06-05 09:08:20.770000,28700.37,28645,22974,28650,2914,28630,14794,28625,9000
2020-06-05 09:08:21.820000,28700.37,28635,21165,28640,1111,28625,1900,28620,32934
2020-06-05 09:08:22.860000,28700.37,28640,21165,28645,2920,28625,21894,28620,40
2020-06-05 09:08:23.930000,28700.37,28640,21165,28645,2920,28625,21894,28620,40
2020-06-05 09:08:24.970000,28700.37,28645,22974,28650,2914,28630,7710,28625,14184
2020-06-05 09:08:26.020000,28700.37,28640,21165,28645,2920,28625,21894,28620,1151
2020-06-05 09:08:27.070000,28700.37,28645,22974,28650,2914,28625,23005,28620,1151
2020-06-05 09:08:27.660000,28700.37,28640,21165,28645,2920,28625,21894,28620,1151
2020-06-05 09:08:29.570000,28691.1,28645,22974,28650,2914,28630,8821,28625,15295
2020-06-05 09:08:30.740000,28691.1,28640,21155,28645,3220,28625,23005,28620,21151
2020-06-05 09:08:31.780000,28691.1,28640,21155,28645,3220,28625,23005,28620,1151
2020-06-05 09:08:32.270000,28691.1,28645,23264,28650,2914,28630,14005,28625,10111
2020-06-05 09:08:33.360000,28691.1,28645,21164,28650,2914,28630,16105,28625,10111
2020-06-05 09:08:34.410000,28691.1,28640,1111,28645,21164,28630,7710,28625,15295
2020-06-05 09:08:34.950000,28691.1,28645,21164,28650,2914,28630,14005,28625,10111
2020-06-05 09:08:35.770000,28691.1,28640,21155,28645,3320,28625,23005,28620,21151
2020-06-05 09:08:37.050000,28691.1,28645,23364,28650,2914,28630,8821,28625,15295
2020-06-05 09:08:37.560000,28691.1,28645,21164,28650,2914,28630,8821,28625,15295
2020-06-05 09:08:38.370000,28691.1,28645,21164,28650,2914,28630,14005,28625,10111
2020-06-05 09:08:39.160000,28698.92,28645,9,28650,22958,28635,8821,28630,6295
2020-06-05 09:08:40.230000,28698.92,28645,23364,28650,2914,28630,14005,28625,10111
2020-06-05 09:08:41.280000,28698.92,28645,23364,28650,2914,28630,14005,28625,10111
2020-06-05 09:08:42.670000,28698.92,28645,9,28650,22958,28635,21105,28630,1111
2020-06-05 09:08:43.900000,28698.92,28645,9,28650,22958,28635,21105,28630,1111
2020-06-05 09:08:44.370000,28698.92,28645,23464,28650,2914,28630,14005,28625,10111
2020-06-05 09:08:47.040000,28698.92,28645,23464,28650,2914,28635,10,28630,14005
2020-06-05 09:08:48.090000,28698.92,28645,23464,28650,2914,28630,14005,28625,10111
2020-06-05 09:08:48.560000,28705.78,28640,21155,28645,3420,28625,23005,28620,1151
2020-06-05 09:08:49.650000,28705.78,28640,21155,28645,3420,28625,23005,28620,1151
2020-06-05 09:08:50.700000,28705.78,28645,23464,28650,2914,28630,14005,28625,10111
2020-06-05 09:08:52.850000,28705.78,28645,23464,28650,2914,28630,14005,28625,10111
2020-06-05 09:08:53.750000,28705.78,28645,21164,28650,2914,28630,14005,28625,10111
2020-06-05 09:08:54.970000,28705.78,28645,21164,28650,2914,28630,14005,28625,10111
2020-06-05 09:08:55.360000,28705.78,28645,9,28650,22958,28635,15921,28630,6295
2020-06-05 09:08:56.530000,28705.78,28645,9,28650,1803,28640,8821,28635,13395
2020-06-05 09:08:57.580000,28705.78,28650,3,28655,1700,28645,8821,28640,13395
2020-06-05 09:08:57.960000,28705.78,28650,3,28655,1700,28645,13954,28640,8211
2020-06-05 09:08:59.140000,28699.84,28655,100,28660,21755,28645,13954,28640,8211
2020-06-05 09:09:00.190000,28699.84,28655,76,28660,21755,28645,13954,28640,8211
2020-06-05 09:09:01.240000,28699.84,28655,76,28660,600,28650,15870,28645,6295
2020-06-05 09:09:01.770000,28699.84,28660,21755,28665,2611,28645,8770,28640,13395
2020-06-05 09:09:02.770000,28699.84,28660,600,28665,22655,28650,15870,28645,6295
2020-06-05 09:09:03.780000,28699.84,28660,23955,28665,2611,28645,13954,28640,8211
2020-06-05 09:09:04.920000,28699.84,28660,600,28665,22656,28650,15870,28645,6295
2020-06-05 09:09:05.980000,28699.84,28660,600,28665,22656,28650,21054,28645,1111
2020-06-05 09:09:06.560000,28699.84,28660,600,28665,22656,28650,21054,28645,1111
2020-06-05 09:09:07.550000,28699.84,28660,600,28665,22656,28650,21054,28645,1111
2020-06-05 09:09:08.590000,28715.51,28660,600,28665,21545,28655,13954,28650,8211
2020-06-05 09:09:09.160000,28715.51,28665,1,28670,20044,28660,15770,28655,6295
2020-06-05 09:09:10.150000,28715.51,28665,20045,28670,1111,28660,500,28655,13956
2020-06-05 09:09:12.280000,28715.51,28665,20045,28670,1111,28655,13956,28650,7611
2020-06-05 09:09:12.650000,28715.51,28665,20045,28670,1111,28655,15756,28650,7611
2020-06-05 09:09:14.260000,28715.51,28665,20045,28670,1111,28655,8772,28650,12795
2020-06-05 09:09:16.980000,28715.51,28665,1,28670,20044,28660,20454,28655,1113
2020-06-05 09:09:17.500000,28715.51,28665,1,28670,20044,28660,20454,28655,1113
2020-06-05 09:09:18.540000,28715.51,28665,2,28670,20044,28660,20454,28655,1113
2020-06-05 09:09:20.060000,28728.8,28670,20044,28675,1135,28660,20454,28655,1113
2020-06-05 09:09:21.150000,28728.8,28665,250,28670,20044,28660,20454,28655,1113
2020-06-05 09:09:22.200000,28728.8,28675,24,28680,20797,28670,8170,28665,13145
2020-06-05 09:09:23.240000,28728.8,28680,20797,28685,1112,28670,13204,28665,8211
2020-06-05 09:09:24.280000,28728.8,28680,20797,28685,1112,28670,8270,28665,13145
2020-06-05 09:09:24.700000,28728.8,28680,20797,28685,1112,28670,13104,28665,8211
2020-06-05 09:09:25.880000,28728.8,28675,20044,28680,1864,28665,20704,28660,20511
2020-06-05 09:09:26.380000,28728.8,28680,20797,28685,1112,28670,13004,28665,8211
2020-06-05 09:09:28.060000,28728.8,28680,20797,28685,1112,28670,13004,28665,8211
2020-06-05 09:09:29.040000,28742.59,28680,20797,28685,1112,28670,8070,28665,13145
2020-06-05 09:09:30.100000,28742.59,28680,20797,28685,1112,28670,13004,28665,8211
2020-06-05 09:09:30.660000,28742.59,28680,20795,28685,1112,28670,13004,28665,8211
2020-06-05 09:09:31.490000,28742.59,28680,20895,28685,1112,28670,13004,28665,8211
2020-06-05 09:09:32.260000,28742.59,28680,20895,28685,1112,28670,13004,28665,8211
2020-06-05 09:09:33.050000,28742.59,28680,20895,28685,1112,28670,13004,28665,28211
2020-06-05 09:09:34.000000,28742.59,28680,20895,28685,1112,28670,13004,28665,8211
2020-06-05 09:09:34.860000,28742.59,28675,20044,28680,1962,28665,13604,28660,7611
2020-06-05 09:09:36.060000,28742.59,28680,20895,28685,1112,28670,13004,28665,8211
2020-06-05 09:09:36.560000,28742.59,28680,20895,28685,1112,28670,13004,28665,8211
2020-06-05 09:09:37.640000,28742.59,28675,20044,28680,1962,28665,13604,28660,27611
2020-06-05 09:09:38.260000,28742.59,28680,23395,28685,1112,28670,8066,28665,13145
2020-06-05 09:09:39.220000,28746.78,28675,20044,28680,4462,28665,13604,28660,7607
2020-06-05 09:09:40.260000,28746.78,28675,20044,28680,4462,28665,13604,28660,27607
2020-06-05 09:09:40.860000,28746.78,28675,20044,28680,4462,28665,13604,28660,27607
2020-06-05 09:09:41.840000,28746.78,28675,19745,28680,4462,28665,13604,28660,27607
2020-06-05 09:09:43.790000,28746.78,28680,23096,28685,1112,28670,13000,28665,8211
2020-06-05 09:09:44.590000,28746.78,28680,20596,28685,1112,28670,13001,28665,8211
2020-06-05 09:09:45.560000,28746.78,28680,20596,28685,1112,28670,13001,28665,8211
2020-06-05 09:09:50.320000,28751.47,28680,20596,28685,1112,28675,10,28670,13001
2020-06-05 09:09:51.390000,28751.47,28680,20596,28685,1112,28670,13001,28665,8211
2020-06-05 09:09:51.760000,28751.47,28675,19705,28680,1962,28670,1,28665,13604
2020-06-05 09:09:53.260000,28751.47,28675,19705,28680,1962,28670,2,28665,13604
2020-06-05 09:09:54.500000,28751.47,28680,20556,28685,1112,28670,517,28665,13604
2020-06-05 09:09:55.000000,28751.47,28675,19705,28680,3062,28670,10,28665,13604
2020-06-05 09:09:55.920000,28751.47,28675,19705,28680,3062,28670,10,28665,13604
2020-06-05 09:09:57.810000,28751.47,28675,19705,28680,3062,28670,10,28665,13604
2020-06-05 09:09:58.960000,28726.38,28680,21656,28685,1112,28670,13000,28665,8211
2020-06-05 09:10:00.070000,28726.38,28680,20556,28685,1112,28675,3,28670,13000
2020-06-05 09:10:01.070000,28726.38,28680,20556,28685,1112,28675,3,28670,13000
2020-06-05 09:10:02.070000,28726.38,28680,20556,28685,1112,28675,3,28670,13000
2020-06-05 09:10:03.110000,28726.38,28670,19705,28675,1111,28660,20100,28655,21113
2020-06-05 09:10:04.160000,28726.38,28675,19705,28680,4462,28665,8670,28660,12541
2020-06-05 09:10:05.220000,28726.38,28675,19705,28680,4462,28665,13604,28660,7607
2020-06-05 09:10:05.770000,28726.38,28675,19806,28680,4462,28665,13604,28660,7607
2020-06-05 09:10:07.850000,28726.38,28675,101,28680,23056,28670,8066,28665,6045
2020-06-05 09:10:08.160000,28746.49,28680,20556,28685,1112,28670,13000,28665,8110
2020-06-05 09:10:09.410000,28746.49,28680,851,28685,19706,28675,1010,28670,13000
2020-06-05 09:10:10.450000,28746.49,28680,851,28685,19706,28675,20603,28670,507
2020-06-05 09:10:10.950000,28746.49,28680,851,28685,19706,28675,20603,28670,507
2020-06-05 09:10:12.030000,28746.49,28680,851,28685,19706,28675,15669,28670,5441
2020-06-05 09:10:13.080000,28746.49,28680,23156,28685,1112,28670,13000,28665,8110
2020-06-05 09:10:13.560000,28746.49,28680,851,28685,19706,28675,1010,28670,13000
2020-06-05 09:10:14.640000,28746.49,28680,851,28685,19706,28675,15669,28670,5441
2020-06-05 09:10:15.690000,28746.49,28680,22156,28685,1,28675,1010,28670,13000
2020-06-05 09:10:16.170000,28746.49,28680,851,28685,19706,28675,20603,28670,507
2020-06-05 09:10:18.010000,28746.49,28680,851,28685,19706,28675,20603,28670,523
2020-06-05 09:10:18.840000,28746.49,28685,1,28690,19709,28680,8225,28675,12034
2020-06-05 09:10:19.890000,28729.43,28685,1,28690,19709,28680,13159,28675,7100
2020-06-05 09:10:20.470000,28729.43,28685,1,28690,19709,28680,8225,28675,12034
2020-06-05 09:10:21.290000,28729.43,28685,20806,28690,1115,28675,20259,28670,20016
2020-06-05 09:10:22.260000,28729.43,28685,1,28690,19709,28680,13159,28675,7100
2020-06-05 09:10:23.190000,28729.43,28695,43,28700,21126,28690,8220,28685,12035
2020-06-05 09:10:24.160000,28729.43,28695,19706,28700,5032,28685,20212,28680,20000
2020-06-05 09:10:25.260000,28729.43,28700,23626,28705,1211,28690,8177,28685,11535
2020-06-05 09:10:26.300000,28729.43,28700,21126,28705,1211,28690,8177,28685,11535
2020-06-05 09:10:27.350000,28729.43,28695,19705,28700,2532,28685,19712,28680,1
2020-06-05 09:10:28.390000,28729.43,28700,21126,28705,1211,28690,8177,28685,11535
2020-06-05 09:10:28.790000,28765.21,28700,21126,28705,1211,28690,13111,28685,6601
2020-06-05 09:10:29.790000,28765.21,28700,21126,28705,1211,28690,13111,28685,6601
2020-06-05 09:10:31.390000,28765.21,28700,21126,28705,1211,28690,13127,28685,6601
2020-06-05 09:10:32.580000,28765.21,28695,19705,28700,3432,28690,16,28685,19712
2020-06-05 09:10:32.960000,28765.21,28695,19705,28700,4232,28690,16,28685,19712
2020-06-05 09:10:34.140000,28765.21,28695,20816,28700,4232,28690,16,28685,19089
2020-06-05 09:10:35.740000,28765.21,28695,20816,28700,4232,28690,16,28685,19089
2020-06-05 09:10:36.110000,28765.21,28695,20817,28700,4232,28690,16,28685,19089
2020-06-05 09:10:36.860000,28765.21,28695,20817,28700,4232,28685,19089,28680,624
2020-06-05 09:10:37.850000,28765.21,28690,20816,28695,3712,28680,12489,28675,7224
2020-06-05 09:10:38.890000,28765.21,28690,20816,28695,3712,28680,12489,28675,7224
2020-06-05 09:10:39.190000,28768.41,28690,20776,28695,3712,28680,12489,28675,7224
2020-06-05 09:10:40.010000,28768.41,28690,20776,28695,3712,28680,12489,28675,7224
2020-06-05 09:10:40.980000,28768.41,28690,20771,28695,3712,28680,12489,28675,7224
2020-06-05 09:10:42.070000,28768.41,28690,20771,28695,3712,28685,1,28680,12489
2020-06-05 09:10:43.560000,28768.41,28690,20771,28695,3712,28680,12489,28675,7224
2020-06-05 09:10:46.270000,28768.41,28695,23412,28700,4192,28685,14155,28680,5558
2020-06-05 09:10:46.870000,28768.41,28690,20771,28695,1112,28680,12489,28675,7224
2020-06-05 09:10:47.840000,28768.41,28695,24701,28700,8121,28685,14155,28680,9935
2020-06-05 09:10:49.400000,28766.89,28695,24701,28700,8121,28685,19089,28680,5001
2020-06-05 09:10:50.440000,28766.89,28690,80,28695,24701,28685,19089,28680,5001
2020-06-05 09:10:51.510000,28766.89,28695,24701,28700,8121,28685,19289,28680,5001
2020-06-05 09:10:51.960000,28766.89,28695,24701,28700,8121,28685,18729,28680,5001
2020-06-05 09:10:53.080000,28766.89,28695,24701,28700,8121,28685,18729,28680,5001
2020-06-05 09:10:53.490000,28766.89,28695,24701,28700,8121,28685,13795,28680,9935
2020-06-05 09:10:54.660000,28766.89,28690,24700,28695,7901,28680,7555,28675,16175
2020-06-05 09:10:55.710000,28766.89,28685,24700,28690,7900,28680,1,28675,18729
2020-06-05 09:10:56.750000,28766.89,28690,27600,28695,7901,28680,12489,28675,11241
2020-06-05 09:10:57.800000,28766.89,28695,27601,28700,8121,28685,13795,28680,9935
2020-06-05 09:10:58.850000,28768.94,28695,24701,28700,8121,28685,18729,28680,5001
2020-06-05 09:10:59.890000,28768.94,28695,5001,28700,27821,28690,7554,28685,11175
2020-06-05 09:11:00.940000,28768.94,28695,26901,28700,8121,28685,18729,28680,25001
2020-06-05 09:11:01.460000,28768.94,28695,1,28700,27821,28690,12488,28685,11241
2020-06-05 09:11:02.250000,28768.94,28695,1,28700,27821,28690,12488,28685,11241
2020-06-05 09:11:03.050000,28768.94,28695,24701,28700,8121,28685,18729,28680,5001
2020-06-05 09:11:04.660000,28768.94,28695,24701,28700,8122,28685,18729,28680,5001
2020-06-05 09:11:05.490000,28768.94,28690,24700,28695,5001,28680,12489,28675,31241
2020-06-05 09:11:06.750000,28768.94,28695,24701,28700,8122,28685,18729,28680,5001
2020-06-05 09:11:07.270000,28768.94,28695,24701,28700,8122,28685,13795,28680,9935
2020-06-05 09:11:08.340000,28768.94,28695,24701,28700,8122,28685,18729,28680,5001
2020-06-05 09:11:08.800000,28768.94,28695,24701,28700,8122,28685,18729,28680,5001
2020-06-05 09:11:09.920000,28762.01,28695,24701,28700,8122,28685,13795,28680,9935
2020-06-05 09:11:10.190000,28762.01,28690,300,28695,24701,28685,13795,28680,9935
2020-06-05 09:11:11.060000,28762.01,28690,25000,28695,5001,28680,12490,28675,11241
2020-06-05 09:11:12.030000,28762.01,28690,300,28695,24701,28685,18729,28680,5002
2020-06-05 09:11:14.150000,28762.01,28690,25000,28695,5001,28680,12490,28675,31241
2020-06-05 09:11:15.220000,28762.01,28690,25000,28695,5001,28680,12490,28675,31241
2020-06-05 09:11:15.670000,28762.01,28690,25000,28695,5001,28680,12490,28675,11241
2020-06-05 09:11:16.580000,28762.01,28690,25000,28695,5001,28680,12483,28675,11241
2020-06-05 09:11:18.400000,28762.01,28690,300,28695,24701,28685,18724,28680,5000
2020-06-05 09:11:19.470000,28770.71,28690,300,28695,24701,28685,18724,28680,5000
2020-06-05 09:11:21.040000,28770.71,28690,300,28695,24701,28685,18724,28680,5000
2020-06-05 09:11:22.110000,28770.71,28695,1,28700,27822,28690,7554,28685,17270
2020-06-05 09:11:23.170000,28770.71,28695,24701,28700,8122,28685,19824,28680,5000
2020-06-05 09:11:26.370000,28770.71,28695,24701,28700,8122,28685,18724,28680,5000
2020-06-05 09:11:30.060000,28773.54,28690,24700,28695,8101,28680,7554,28675,16170
2020-06-05 09:11:31.100000,28773.54,28685,24700,28690,8100,28675,18724,28670,5000
2020-06-05 09:11:32.160000,28773.54,28690,27800,28695,8118,28680,12483,28675,11241
2020-06-05 09:11:33.260000,28773.54,28690,24700,28695,8118,28680,12483,28675,11241
2020-06-05 09:11:34.260000,28773.54,28690,24700,28695,8118,28680,12483,28675,11241
2020-06-05 09:11:36.380000,28773.54,28690,24700,28695,8119,28680,12500,28675,11241
2020-06-05 09:11:37.770000,28773.54,28690,100,28695,27819,28685,18724,28680,5017
2020-06-05 09:11:39.040000,28751.9,28695,19,28700,27823,28690,12483,28685,11641
2020-06-05 09:11:40.100000,28751.9,28695,19,28700,27823,28690,12483,28685,11641
2020-06-05 09:11:41.160000,28751.9,28695,27719,28700,8123,28685,19124,28680,25017
2020-06-05 09:11:41.660000,28751.9,28695,19,28700,27823,28690,7554,28685,16570
2020-06-05 09:11:42.720000,28751.9,28695,19,28700,27823,28690,12483,28685,11641
2020-06-05 09:11:43.770000,28751.9,28695,19,28700,27823,28690,7554,28685,16570
2020-06-05 09:11:44.070000,28751.9,28695,19,28700,27823,28690,12483,28685,11641
2020-06-05 09:11:44.770000,28751.9,28695,19,28700,27823,28690,12483,28685,11641
2020-06-05 09:11:46.390000,28751.9,28700,1423,28705,24800,28695,12483,28690,11241
2020-06-05 09:11:48.490000,28751.9,28700,29223,28705,5100,28690,12464,28685,11641
2020-06-05 09:11:50.610000,28772.8,28700,26123,28705,5100,28690,12464,28685,11641
2020-06-05 09:11:51.160000,28772.8,28700,26123,28705,5100,28690,12464,28685,5400
2020-06-05 09:11:51.990000,28772.8,28700,1423,28705,24800,28695,12464,28690,5000
2020-06-05 09:11:53.560000,28772.8,28705,100,28710,24941,28700,12464,28695,8100
2020-06-05 09:11:54.800000,28772.8,28705,100,28710,24941,28700,12464,28695,8100
2020-06-05 09:11:55.360000,28772.8,28705,100,28710,24941,28700,12464,28695,8100
2020-06-05 09:11:56.270000,28772.8,28705,105,28710,24941,28700,12464,28695,8100
2020-06-05 09:11:57.440000,28772.8,28705,105,28710,24941,28700,12464,28695,8100
2020-06-05 09:11:58.480000,28772.8,28710,241,28715,24708,28705,12464,28700,5400
2020-06-05 09:11:59.060000,28788.29,28715,8,28720,24700,28710,12464,28705,5900
2020-06-05 09:11:59.980000,28788.29,28715,24708,28720,5000,28705,13364,28700,5400
2020-06-05 09:12:01.140000,28788.29,28710,24700,28715,5008,28700,12864,28695,8100
2020-06-05 09:12:02.190000,28788.29,28715,24708,28720,5000,28705,12464,28700,5400
2020-06-05 09:12:03.370000,28788.29,28715,24708,28720,5000,28705,12464,28700,5400
2020-06-05 09:12:05.890000,28788.29,28715,24708,28720,5000,28705,12464,28700,5400
2020-06-05 09:12:06.970000,28788.29,28715,8,28720,24700,28710,7554,28705,9910
2020-06-05 09:12:07.860000,28788.29,28715,8,28720,24700,28710,12464,28705,5000
2020-06-05 09:12:09.040000,28773.88,28715,25609,28720,5000,28705,12464,28700,5400
2020-06-05 09:12:09.560000,28773.88,28715,19809,28720,5000,28705,17464,28700,5400
2020-06-05 09:12:10.470000,28773.88,28715,24809,28720,5000,28705,12464,28700,25400
2020-06-05 09:12:11.670000,28773.88,28715,24809,28720,5100,28705,12464,28700,25400
2020-06-05 09:12:12.710000,28773.88,28715,109,28720,24800,28710,7554,28705,9910
2020-06-05 09:12:13.180000,28773.88,28715,809,28720,24800,28710,7599,28705,9910
2020-06-05 09:12:14.000000,28773.88,28715,109,28720,24800,28710,12509,28705,5000
2020-06-05 09:12:14.850000,28773.88,28715,109,28720,24800,28710,12508,28705,5000
2020-06-05 09:12:15.670000,28773.88,28715,109,28720,24800,28710,7598,28705,9910
2020-06-05 09:12:16.460000,28773.88,28715,109,28720,24800,28710,12508,28705,5000
2020-06-05 09:12:17.460000,28773.88,28710,4000,28715,24809,28705,12464,28700,5400
2020-06-05 09:12:18.510000,28795.87,28710,3960,28715,24809,28705,12464,28700,5400
2020-06-05 09:12:18.990000,28795.87,28710,3960,28715,24809,28705,12464,28700,5400
2020-06-05 09:12:21.120000,28795.87,28715,109,28720,24800,28710,6094,28705,9910
2020-06-05 09:12:22.160000,28795.87,28715,109,28720,24800,28710,6094,28705,9910
2020-06-05 09:12:22.550000,28795.87,28715,109,28720,24800,28710,6094,28705,9910
2020-06-05 09:12:23.740000,28795.87,28715,22809,28720,5100,28710,2500,28705,13504
2020-06-05 09:12:24.790000,28795.87,28715,109,28720,24800,28710,11005,28705,5000
2020-06-05 09:12:25.370000,28795.87,28715,109,28720,24800,28710,11005,28705,5000
2020-06-05 09:12:27.960000,28795.87,28720,24800,28725,5000,28710,10896,28705,5000
2020-06-05 09:12:30.050000,28803.7,28720,24801,28725,5000,28710,10896,28705,5000
2020-06-05 09:12:30.570000,28803.7,28720,24801,28725,5000,28710,10896,28705,5000
2020-06-05 09:12:31.470000,28803.7,28720,24801,28725,5000,28710,10916,28705,5000
2020-06-05 09:12:32.680000,28803.7,28720,24801,28725,5000,28715,100,28710,10916
2020-06-05 09:12:33.720000,28803.7,28720,101,28725,24700,28715,8494,28710,7521
2020-06-05 09:12:35.830000,28803.7,28720,101,28725,24700,28715,8494,28710,7521
2020-06-05 09:12:36.880000,28803.7,28720,101,28725,24700,28715,8494,28710,7521
2020-06-05 09:12:37.250000,28803.7,28720,101,28725,24700,28715,8494,28710,7521
2020-06-05 09:12:39.650000,28801.47,28730,24759,28735,5001,28720,8294,28715,5099
2020-06-05 09:12:40.560000,28801.47,28730,24759,28735,5001,28720,3485,28715,9908
2020-06-05 09:12:41.680000,28801.47,28730,24759,28735,5001,28720,8294,28715,5099
2020-06-05 09:12:46.180000,28801.47,28730,59,28735,24701,28725,3485,28720,9809
2020-06-05 09:12:47.410000,28801.47,28730,25259,28735,5001,28720,8294,28715,5099
2020-06-05 09:12:47.960000,28801.47,28730,59,28735,24701,28725,8294,28720,5000
2020-06-05 09:12:50.050000,28785.02,28730,1,28735,27701,28725,8235,28720,5000
2020-06-05 09:12:50.590000,28785.02,28735,27701,28740,5230,28725,8236,28720,5000
2020-06-05 09:12:51.650000,28785.02,28735,24701,28740,5230,28725,8236,28720,5000
2020-06-05 09:12:52.690000,28785.02,28735,24701,28740,5230,28725,8236,28720,5000
2020-06-05 09:12:54.260000,28785.02,28735,1,28740,24930,28730,8235,28725,5001
2020-06-05 09:12:56.400000,28785.02,28735,1,28740,24930,28730,8225,28725,5001
2020-06-05 09:12:56.580000,28785.02,28735,27601,28740,5230,28725,8226,28720,25000
2020-06-05 09:12:57.460000,28785.02,28735,1,28740,24930,28730,8225,28725,5001
2020-06-05 09:12:58.520000,28785.02,28735,22601,28740,5230,28725,13226,28720,5000
2020-06-05 09:12:59.580000,28812.08,28740,24930,28745,5000,28730,8213,28725,5001
2020-06-05 09:13:00.070000,28812.08,28735,24700,28740,8130,28725,8213,28720,5000
2020-06-05 09:13:01.160000,28812.08,28735,24700,28740,8130,28725,8213,28720,5000
2020-06-05 09:13:02.740000,28812.08,28730,24700,28735,7900,28720,8213,28715,5099
2020-06-05 09:13:03.100000,28812.08,28735,27600,28740,8130,28725,8213,28720,5000
2020-06-05 09:13:04.330000,28812.08,28735,24700,28740,8130,28725,8213,28720,5000
2020-06-05 09:13:05.390000,28812.08,28735,24700,28740,8130,28725,8213,28720,5000
2020-06-05 09:13:05.860000,28812.08,28740,27830,28745,5000,28730,8213,28725,5000
2020-06-05 09:13:06.970000,28812.08,28740,24930,28745,5000,28730,3404,28725,9908
2020-06-05 09:13:08.030000,28812.08,28740,24930,28745,5000,28730,8213,28725,5099
2020-06-05 09:13:08.360000,28812.08,28735,1,28740,24930,28730,8213,28725,5099
2020-06-05 09:13:09.160000,28828.27,28735,1,28740,24930,28730,8213,28725,5175
2020-06-05 09:13:10.270000,28828.27,28735,27601,28740,5230,28725,8388,28720,5002
2020-06-05 09:13:11.220000,28828.27,28730,24700,28735,7901,28725,175,28720,8215
2020-06-05 09:13:12.360000,28828.27,28725,19700,28730,7900,28720,2,28715,13213
2020-06-05 09:13:13.560000,28828.27,28720,24700,28725,7800,28710,30734,28705,25000
2020-06-05 09:13:14.760000,28828.27,28720,26700,28725,7800,28710,10734,28705,25000
2020-06-05 09:13:15.860000,28828.27,28725,27500,28730,7900,28715,8213,28710,7521
2020-06-05 09:13:16.860000,28828.27,28720,24700,28725,7800,28710,10734,28705,5000
2020-06-05 09:13:17.860000,28828.27,28725,27500,28730,7900,28715,8213,28710,7521
2020-06-05 09:13:18.920000,28779.83,28725,27500,28730,7900,28715,8213,28710,7521
2020-06-05 09:13:19.980000,28779.83,28725,27500,28730,7900,28715,8213,28710,7521
2020-06-05 09:13:20.560000,28779.83,28720,3000,28725,27490,28715,8213,28710,7521
2020-06-05 09:13:21.450000,28779.83,28725,27490,28730,7900,28715,8213,28710,7521
2020-06-05 09:13:22.640000,28779.83,28720,24690,28725,7800,28710,10734,28705,25000
2020-06-05 09:13:23.870000,28779.83,28720,24690,28725,7800,28710,10734,28705,5000
2020-06-05 09:13:26.830000,28779.83,28715,27690,28720,8000,28705,8213,28700,5400
2020-06-05 09:13:27.280000,28779.83,28715,27681,28720,8000,28705,8213,28700,5400
2020-06-05 09:13:28.260000,28779.83,28715,27671,28720,8000,28705,8213,28700,5400
2020-06-05 09:13:29.470000,28781.26,28720,27671,28725,7800,28710,8213,28705,5000
2020-06-05 09:13:30.000000,28781.26,28720,24671,28725,7800,28710,8213,28705,5000
2020-06-05 09:13:34.650000,28781.26,28720,24671,28725,7800,28710,8213,28705,5000
2020-06-05 09:13:35.790000,28781.26,28720,24671,28725,7800,28710,8223,28705,5000
2020-06-05 09:13:36.260000,28781.26,28715,24671,28720,8000,28710,10,28705,8213
2020-06-05 09:13:37.790000,28781.26,28710,24671,28715,8000,28700,8613,28695,8130
2020-06-05 09:13:38.930000,28780.02,28715,3000,28720,27671,28710,5904,28705,9809
2020-06-05 09:13:39.980000,28780.02,28715,27671,28720,8000,28710,2500,28705,8213
2020-06-05 09:13:41.020000,28780.02,28715,27671,28720,8000,28710,2500,28705,8213
2020-06-05 09:13:42.070000,28780.02,28715,24671,28720,8000,28710,2500,28705,8213
2020-06-05 09:13:43.120000,28780.02,28720,27671,28725,4396,28710,27363,28705,5000
2020-06-05 09:13:44.160000,28780.02,28720,24671,28725,4396,28710,27363,28705,5000
2020-06-05 09:13:44.560000,28780.02,28720,24671,28725,4396,28710,27363,28705,5010
2020-06-05 09:13:45.160000,28780.02,28715,21267,28720,5000,28710,2500,28705,24873
2020-06-05 09:13:46.270000,28780.02,28710,25464,28715,4596,28705,10,28700,25263
2020-06-05 09:13:46.790000,28780.02,28710,25464,28715,4596,28705,10,28700,25263
2020-06-05 09:13:48.900000,28780.02,28705,19060,28710,8000,28695,27996,28690,5050
2020-06-05 09:13:49.190000,28783.56,28705,19060,28710,8000,28695,24896,28690,5050
2020-06-05 09:13:49.960000,28783.56,28700,17464,28705,4696,28695,33,28690,29913
2020-06-05 09:13:50.690000,28783.56,28700,22464,28705,4696,28695,33,28690,24913
2020-06-05 09:13:52.490000,28783.56,28700,22464,28705,4696,28695,33,28690,24913
2020-06-05 09:13:53.260000,28783.56,28700,25531,28705,4696,28690,24913,28685,5400
2020-06-05 09:13:54.190000,28783.56,28700,4997,28705,22127,28695,20054,28690,4859
2020-06-05 09:13:55.240000,28783.56,28700,25528,28705,4696,28690,24913,28685,5400
2020-06-05 09:13:56.290000,28783.56,28700,25528,28705,4696,28690,24913,28685,5400
2020-06-05 09:13:56.680000,28783.56,28700,25528,28705,4696,28690,24913,28685,5400
2020-06-05 09:13:57.860000,28783.56,28695,19027,28700,8097,28690,50,28685,25263
2020-06-05 09:13:58.290000,28775.07,28700,25528,28705,4696,28690,20104,28685,10209
2020-06-05 09:13:59.440000,28775.07,28700,22428,28705,4696,28690,24913,28685,5400
2020-06-05 09:14:00.490000,28775.07,28700,22429,28705,4696,28690,24913,28685,5400
2020-06-05 09:14:00.860000,28775.07,28700,1,28705,22127,28695,24863,28690,5051
2020-06-05 09:14:02.080000,28775.07,28700,1,28705,22127,28695,24863,28690,5051
2020-06-05 09:14:03.640000,28775.07,28710,23437,28715,1596,28700,24863,28695,5000
2020-06-05 09:14:04.690000,28775.07,28705,19027,28710,6006,28695,24863,28690,25051
2020-06-05 09:14:05.160000,28775.07,28710,23487,28715,1596,28700,24863,28695,5000
2020-06-05 09:14:06.270000,28775.07,28710,59,28715,19027,28705,24863,28700,5000
2020-06-05 09:14:06.770000,28775.07,28720,22428,28725,1716,28710,24863,28705,5200
2020-06-05 09:14:07.840000,28775.07,28715,19027,28720,8397,28705,25063,28700,25000
2020-06-05 09:14:08.910000,28775.07,28715,19027,28720,8397,28705,20054,28700,29809
2020-06-05 09:14:09.450000,28772.37,28715,19027,28720,8397,28705,24863,28700,25000
2020-06-05 09:14:10.390000,28772.37,28715,19027,28720,8397,28705,24863,28700,5000
2020-06-05 09:14:11.950000,28772.37,28720,25828,28725,1716,28710,24863,28705,5000
2020-06-05 09:14:12.860000,28772.37,28720,22529,28725,1716,28715,40,28710,24863
2020-06-05 09:14:14.140000,28772.37,28720,101,28725,19147,28715,24903,28710,5000
2020-06-05 09:14:14.650000,28772.37,28725,120,28730,22428,28720,24863,28715,5340
2020-06-05 09:14:15.650000,28772.37,28730,22428,28735,1796,28720,25363,28715,5340
2020-06-05 09:14:16.760000,28772.37,28720,17431,28725,1596,28715,340,28710,49863
2020-06-05 09:14:17.810000,28772.37,28720,22428,28725,1596,28715,40,28710,44863
2020-06-05 09:14:18.860000,28783.87,28720,22428,28725,1596,28715,40,28710,24863
2020-06-05 09:14:21.960000,28783.87,28725,19027,28730,8597,28715,24903,28710,5000
2020-06-05 09:14:23.460000,28783.87,28720,17431,28725,4896,28715,40,28710,29863
2020-06-05 09:14:24.440000,28783.87,28725,22327,28730,8597,28715,24903,28710,5000
2020-06-05 09:14:25.490000,28783.87,28720,22428,28725,1596,28715,40,28710,24863
2020-06-05 09:14:25.750000,28783.87,28725,18987,28730,8597,28715,24863,28710,5000
2020-06-05 09:14:26.520000,28783.87,28725,18987,28730,8597,28715,24863,28710,5000
2020-06-05 09:14:27.580000,28783.87,28725,18987,28730,8597,28715,24863,28710,5000
2020-06-05 09:14:28.890000,28798.34,28725,18987,28730,8597,28715,24863,28710,5000
2020-06-05 09:14:31.190000,28798.34,28725,18987,28730,8597,28715,24863,28710,5000
2020-06-05 09:14:34.360000,28798.34,28720,4997,28725,18987,28715,24863,28705,5000
2020-06-05 09:14:35.580000,28798.34,28725,18987,28730,8597,28715,24863,28710,5000
2020-06-05 09:14:37.170000,28798.34,28725,18987,28730,8597,28715,24863,28710,25000
2020-06-05 09:14:37.590000,28798.34,28725,18987,28730,8597,28715,24863,28710,25000
2020-06-05 09:14:38.270000,28798.34,28725,18987,28730,8597,28715,24863,28710,25000
2020-06-05 09:14:38.980000,28805.93,28725,18987,28730,8597,28715,24863,28710,5000
2020-06-05 09:14:41.260000,28805.93,28725,18987,28730,8597,28715,24863,28710,5000
2020-06-05 09:14:42.860000,28805.93,28730,25988,28735,1796,28720,24863,28715,5000
2020-06-05 09:14:44.030000,28805.93,28730,22388,28735,1796,28720,24863,28715,5000
2020-06-05 09:14:44.560000,28805.93,28725,18987,28730,4997,28715,24863,28710,25000
2020-06-05 09:14:45.360000,28805.93,28730,22388,28735,1796,28720,24863,28715,5000
2020-06-05 09:14:46.140000,28805.93,28725,18987,28730,8797,28715,24863,28710,5000
2020-06-05 09:14:47.760000,28805.93,28720,22388,28725,5396,28710,24863,28705,25000
2020-06-05 09:14:48.470000,28798.02,28720,22388,28725,5396,28710,24863,28705,5000
2020-06-05 09:14:49.460000,28798.02,28715,18987,28720,8797,28705,24863,28700,25012
2020-06-05 09:14:50.350000,28798.02,28715,18987,28720,8797,28705,24863,28700,5012
2020-06-05 09:14:51.480000,28798.02,28720,26188,28725,5396,28710,24863,28705,5000
2020-06-05 09:14:51.960000,28798.02,28725,22787,28730,4997,28715,24863,28710,5000
2020-06-05 09:14:53.070000,28798.02,28725,18987,28730,4997,28715,24863,28710,5000
2020-06-05 09:14:53.660000,28798.02,28730,22388,28735,1797,28720,24863,28715,5000
2020-06-05 09:14:54.400000,28798.02,28725,18987,28730,8897,28715,24863,28710,5000
2020-06-05 09:14:55.260000,28798.02,28730,26288,28735,1797,28720,24863,28715,5000
2020-06-05 09:14:56.270000,28798.02,28735,19188,28740,5067,28725,24863,28720,5100
2020-06-05 09:14:57.330000,28798.02,28730,22388,28735,5797,28720,24963,28715,5000
2020-06-05 09:14:57.860000,28798.02,28730,22388,28735,5797,28720,20154,28715,9809
2020-06-05 09:14:58.660000,28798.02,28735,23188,28740,5067,28720,24957,28715,5000
2020-06-05 09:14:59.590000,28804.23,28735,19188,28740,5067,28725,24863,28720,5094
2020-06-05 09:15:00.560000,28804.23,28735,19188,28740,5067,28725,24863,28720,5094
2020-06-05 09:15:02.260000,28804.23,28735,19188,28740,5067,28725,24863,28720,5094
2020-06-05 09:15:04.290000,28804.23,28735,19188,28740,5067,28725,24863,28720,5094
2020-06-05 09:15:04.450000,28804.23,28735,201,28740,22458,28730,24863,28725,5000
2020-06-05 09:15:05.340000,28804.23,28740,70,28745,18987,28735,25163,28730,5000
2020-06-05 09:15:06.400000,28804.23,28740,22458,28745,1596,28735,300,28730,24863
2020-06-05 09:15:06.960000,28804.23,28735,6,28740,26558,28725,49863,28720,25094
2020-06-05 09:15:07.790000,28804.23,28735,23093,28740,9167,28725,24863,28720,5094
2020-06-05 09:15:09.040000,28804.23,28735,23093,28740,9167,28725,24863,28720,5094
2020-06-05 09:15:10.200000,28797.97,28735,18993,28740,9167,28725,24863,28720,5094
2020-06-05 09:15:11.130000,28797.97,28730,22388,28735,5702,28720,24957,28715,5000
2020-06-05 09:15:12.180000,28797.97,28730,22388,28735,5702,28720,24957,28715,5000
2020-06-05 09:15:12.590000,28797.97,28725,18987,28730,9097,28720,94,28715,24863
2020-06-05 09:15:13.760000,28797.97,28730,26488,28735,5702,28720,94,28715,29863
2020-06-05 09:15:14.160000,28797.97,28725,18987,28730,8997,28720,94,28715,24863
2020-06-05 09:15:14.790000,28797.97,28730,26388,28735,5702,28720,24957,28715,5000
2020-06-05 09:15:15.850000,28797.97,28730,22388,28735,5702,28720,24957,28715,5000
2020-06-05 09:15:16.900000,28797.97,28730,22388,28735,5702,28720,24957,28715,5000
2020-06-05 09:15:17.370000,28797.97,28730,22388,28735,5702,28720,24957,28715,5000
2020-06-05 09:15:18.480000,28797.97,28730,22388,28735,5702,28720,24957,28715,5000
2020-06-05 09:15:18.990000,28802.68,28730,22388,28735,5702,28720,24957,28715,5000
2020-06-05 09:15:20.040000,28802.68,28730,22388,28735,5702,28720,104,28715,29863
2020-06-05 09:15:21.080000,28802.68,28730,22388,28735,5702,28720,24967,28715,5000
2020-06-05 09:15:22.360000,28802.68,28730,22388,28735,5702,28720,24967,28715,5000
2020-06-05 09:15:23.190000,28802.68,28725,18987,28730,4997,28720,104,28715,24863
2020-06-05 09:15:24.240000,28802.68,28725,18987,28730,4997,28720,104,28715,24863
2020-06-05 09:15:25.290000,28802.68,28730,22388,28735,5702,28720,24967,28715,5000
2020-06-05 09:15:25.860000,28802.68,28730,22388,28735,5702,28720,24967,28715,5000
2020-06-05 09:15:26.580000,28802.68,28725,18987,28730,9197,28720,104,28715,24863
2020-06-05 09:15:28.250000,28802.68,28725,18987,28730,9197,28720,104,28715,24863
2020-06-05 09:15:29.470000,28795.85,28725,17390,28730,9197,28720,104,28715,29863
2020-06-05 09:15:29.990000,28795.85,28725,18986,28730,9197,28720,104,28715,24863
2020-06-05 09:15:31.030000,28795.85,28725,19086,28730,9197,28720,139,28715,24863
2020-06-05 09:15:32.080000,28795.85,28725,23086,28730,9197,28720,139,28715,24863
2020-06-05 09:15:32.360000,28795.85,28725,22186,28730,9197,28720,139,28715,24863
2020-06-05 09:15:33.110000,28795.85,28720,22387,28725,5696,28710,24863,28705,5000
2020-06-05 09:15:34.190000,28795.85,28715,18986,28720,9097,28705,24863,28700,25020
2020-06-05 09:15:35.240000,28795.85,28715,18986,28720,9097,28705,24863,28700,25020
2020-06-05 09:15:35.560000,28795.85,28715,20286,28720,9097,28705,24863,28700,5020
2020-06-05 09:15:36.360000,28795.85,28710,22387,28715,5796,28700,24883,28695,25003
2020-06-05 09:15:37.340000,28795.85,28710,22387,28715,5796,28700,24883,28695,5003
2020-06-05 09:15:38.390000,28795.85,28710,23287,28715,5796,28700,24883,28695,5003
2020-06-05 09:15:38.780000,28791.3,28705,18986,28710,9197,28700,20,28695,24866
2020-06-05 09:15:39.660000,28791.3,28710,26587,28715,5796,28700,24883,28695,5003
2020-06-05 09:15:40.560000,28791.3,28710,22387,28715,5796,28700,24883,28695,5003
2020-06-05 09:15:41.270000,28791.3,28710,22387,28715,5796,28700,24883,28695,5003
2020-06-05 09:15:42.790000,28791.3,28710,22387,28715,5796,28700,24883,28695,5003
2020-06-05 09:15:43.730000,28791.3,28710,22387,28715,5796,28700,24883,28695,5003
2020-06-05 09:15:44.770000,28791.3,28710,23987,28715,5796,28700,24883,28695,5003
2020-06-05 09:15:45.820000,28791.3,28710,22387,28715,5796,28700,24883,28695,5003
2020-06-05 09:15:46.870000,28791.3,28715,23186,28720,4997,28705,24863,28700,5020
2020-06-05 09:15:47.930000,28791.3,28710,22387,28715,5896,28700,24883,28695,25003
2020-06-05 09:15:48.400000,28791.3,28710,22387,28715,5896,28700,24883,28695,25003
2020-06-05 09:15:49.510000,28770.13,28710,22387,28715,5896,28700,24883,28695,25003
2020-06-05 09:15:50.860000,28770.13,28710,22387,28715,5896,28700,24883,28695,5003
2020-06-05 09:15:51.660000,28770.13,28710,23487,28715,5896,28700,24883,28695,5003
2020-06-05 09:15:52.360000,28770.13,28710,22387,28715,5896,28700,24883,28695,5003
2020-06-05 09:15:54.550000,28770.13,28710,24287,28715,5896,28700,20074,28695,9812
2020-06-05 09:15:55.360000,28770.13,28705,18986,28710,9497,28700,20,28695,24866
2020-06-05 09:15:56.330000,28770.13,28705,18986,28710,9497,28700,20,28695,24866
2020-06-05 09:15:56.750000,28770.13,28705,21386,28710,9497,28700,20,28695,24866
2020-06-05 09:15:57.490000,28770.13,28700,17410,28705,5996,28695,3,28690,29894
2020-06-05 09:15:58.440000,28770.13,28700,26787,28705,3296,28695,3,28690,24894
2020-06-05 09:15:59.490000,28766.05,28700,22387,28705,3296,28690,24894,28685,5402
2020-06-05 09:16:00.520000,28766.05,28700,22387,28705,3296,28690,24895,28685,5402
2020-06-05 09:16:01.600000,28766.05,28700,24787,28705,3296,28690,24895,28685,5402
2020-06-05 09:16:02.640000,28766.05,28700,26887,28705,3296,28690,24895,28685,5402
2020-06-05 09:16:03.950000,28766.05,28700,22387,28705,3296,28690,24895,28685,5402
2020-06-05 09:16:04.750000,28766.05,28705,20686,28710,4997,28695,24863,28690,5032
2020-06-05 09:16:05.810000,28766.05,28705,18986,28710,4997,28695,24863,28690,5032
2020-06-05 09:16:06.280000,28766.05,28705,18986,28710,4997,28695,24863,28690,5032
2020-06-05 09:16:07.750000,28766.05,28705,18986,28710,4997,28695,24863,28690,5032
2020-06-05 09:16:08.970000,28736.74,28700,22387,28705,6196,28690,24895,28685,5402
2020-06-05 09:16:09.450000,28736.74,28705,23586,28710,4997,28695,24863,28690,5032
2020-06-05 09:16:10.560000,28736.74,28710,22387,28715,1596,28700,24863,28695,5000
2020-06-05 09:16:11.150000,28736.74,28720,22387,28725,1596,28710,27363,28705,5000
2020-06-05 09:16:12.140000,28736.74,28720,22387,28725,1596,28710,27363,28705,5000
2020-06-05 09:16:13.200000,28736.74,28730,22387,28735,1602,28720,24863,28715,5000
2020-06-05 09:16:13.760000,28736.74,28730,22387,28735,1602,28720,24863,28715,5000
2020-06-05 09:16:14.650000,28736.74,28730,22387,28735,1602,28720,24863,28715,5000
2020-06-05 09:16:15.840000,28736.74,28730,22387,28735,1602,28720,24863,28715,5000
2020-06-05 09:16:16.260000,28736.74,28730,22488,28735,1602,28720,24863,28715,5000
2020-06-05 09:16:16.980000,28736.74,28730,22488,28735,1602,28720,24863,28715,5000
2020-06-05 09:16:17.930000,28736.74,28725,18986,28730,9898,28715,24863,28710,27500
2020-06-05 09:16:18.560000,28736.74,28725,18986,28730,9898,28715,24863,28710,7500
2020-06-05 09:16:19.260000,28747.01,28725,23786,28730,5098,28715,24863,28710,7500
2020-06-05 09:16:20.040000,28747.01,28725,18986,28730,5098,28715,24863,28710,7500
2020-06-05 09:16:22.150000,28747.01,28720,22387,28725,6496,28710,27363,28705,5000
2020-06-05 09:16:24.780000,28747.01,28720,22386,28725,1596,28710,27363,28705,5000
2020-06-05 09:16:24.990000,28747.01,28710,7097,28715,21603,28700,44863,28695,25000
2020-06-05 09:16:25.850000,28747.01,28710,20104,28715,1596,28700,44863,28695,25000
2020-06-05 09:16:26.900000,28747.01,28710,20104,28715,1596,28700,44863,28695,25000
2020-06-05 09:16:27.960000,28747.01,28710,25004,28715,1596,28700,20054,28695,9809
2020-06-05 09:16:28.350000,28741.81,28705,16703,28710,9897,28695,24863,28690,31033
2020-06-05 09:16:29.060000,28741.81,28700,20104,28705,6496,28690,50896,28685,25402
2020-06-05 09:16:29.960000,28741.81,28705,21603,28710,4997,28695,24863,28690,11033
2020-06-05 09:16:31.130000,28741.81,28700,20104,28705,6496,28690,30896,28685,25402
2020-06-05 09:16:32.350000,28741.81,28695,15107,28700,9997,28690,6033,28685,30265
2020-06-05 09:16:33.240000,28741.81,28700,25104,28705,1596,28690,30896,28685,5402
2020-06-05 09:16:33.850000,28741.81,28695,16703,28700,4997,28690,6033,28685,25265
2020-06-05 09:16:34.830000,28741.81,28695,16703,28700,4997,28690,6033,28685,25265
2020-06-05 09:16:35.160000,28741.81,28695,16703,28700,4997,28690,6033,28685,25265
2020-06-05 09:16:36.380000,28741.81,28695,16703,28700,4997,28690,6033,28685,25265
2020-06-05 09:16:37.690000,28741.81,28700,20104,28705,1596,28690,30896,28685,5402
2020-06-05 09:16:39.050000,28737.49,28695,16703,28700,9997,28690,6033,28685,25265
2020-06-05 09:16:39.860000,28737.49,28695,16703,28700,9997,28690,6033,28685,25265
2020-06-05 09:16:40.610000,28737.49,28695,16703,28700,9997,28690,6033,28685,25265
2020-06-05 09:16:43.460000,28737.49,28695,16626,28700,9997,28690,6033,28685,25265
2020-06-05 09:16:45.460000,28737.49,28695,16626,28700,9997,28690,6033,28685,25265
2020-06-05 09:16:46.780000,28737.49,28690,17654,28695,6596,28685,2,28680,25002
2020-06-05 09:16:48.530000,28737.49,28685,13353,28690,9897,28680,139,28675,24863
2020-06-05 09:16:49.060000,28734.66,28690,21654,28695,3096,28680,25002,28675,5000
2020-06-05 09:16:49.890000,28734.66,28685,13353,28690,9897,28680,139,28675,24863
2020-06-05 09:16:51.170000,28734.66,28680,21554,28685,2896,28670,24984,28665,5000
2020-06-05 09:16:51.560000,28734.66,28680,16615,28685,2896,28670,24984,28665,5000
2020-06-05 09:16:53.060000,28734.66,28675,13214,28680,9997,28670,121,28665,24863
2020-06-05 09:16:53.800000,28734.66,28680,21615,28685,2896,28670,24984,28665,5000
2020-06-05 09:16:54.890000,28734.66,28670,16494,28675,1596,28660,24884,28655,25000
2020-06-05 09:16:55.280000,28734.66,28675,13093,28680,4997,28665,24863,28660,5021
2020-06-05 09:16:55.950000,28734.66,28675,18093,28680,4997,28665,24863,28660,5021
2020-06-05 09:16:56.690000,28734.66,28675,18093,28680,4997,28665,24863,28660,5021
2020-06-05 09:16:58.580000,28734.66,28675,13093,28680,4997,28665,24863,28660,5021
2020-06-05 09:16:58.950000,28722.81,28675,18093,28680,4997,28665,24863,28660,5021
2020-06-05 09:16:59.860000,28722.81,28675,13093,28680,4997,28665,24863,28660,5021
2020-06-05 09:17:00.700000,28722.81,28670,17944,28675,6596,28660,24884,28655,25000
2020-06-05 09:17:01.750000,28722.81,28675,18043,28680,4997,28665,24863,28660,5021
2020-06-05 09:17:02.190000,28722.81,28675,13043,28680,4997,28665,24863,28660,5021
2020-06-05 09:17:03.330000,28722.81,28675,18043,28680,4997,28665,24863,28660,5021
2020-06-05 09:17:03.650000,28722.81,28670,16444,28675,6596,28660,24884,28655,5000
2020-06-05 09:17:05.430000,28722.81,28670,16444,28675,6596,28660,24884,28655,5000
2020-06-05 09:17:05.860000,28722.81,28670,16444,28675,6596,28660,24884,28655,5000
2020-06-05 09:17:06.560000,28722.81,28670,18544,28675,4296,28660,24884,28655,5000
2020-06-05 09:17:07.260000,28722.81,28665,13043,28670,10097,28660,4830,28655,20054
2020-06-05 09:17:08.110000,28722.81,28665,13043,28670,10097,28660,21,28655,24863
2020-06-05 09:17:09.150000,28704.96,28665,18043,28670,4997,28660,21,28655,24863
2020-06-05 09:17:09.650000,28704.96,28660,4997,28665,18043,28650,24885,28645,25002
2020-06-05 09:17:10.730000,28704.96,28660,4997,28665,13043,28650,24885,28645,25002
2020-06-05 09:17:11.180000,28704.96,28660,4997,28665,13043,28650,24891,28645,5002
2020-06-05 09:17:12.310000,28704.96,28660,9997,28665,13043,28650,24891,28645,5002
2020-06-05 09:17:12.780000,28704.96,28660,7996,28665,13043,28650,24891,28645,5002
2020-06-05 09:17:13.880000,28704.96,28660,4996,28665,13043,28650,24891,28645,5002
2020-06-05 09:17:14.930000,28704.96,28660,9996,28665,13043,28650,24891,28645,5002
2020-06-05 09:17:15.460000,28704.96,28660,4986,28665,13043,28650,24891,28645,5012
2020-06-05 09:17:16.100000,28704.96,28665,13043,28670,4986,28655,24863,28650,5028
2020-06-05 09:17:17.560000,28704.96,28665,14243,28670,4986,28655,24863,28650,5028
2020-06-05 09:17:18.240000,28704.96,28665,18043,28670,4986,28655,24863,28650,5028
2020-06-05 09:17:19.130000,28699.15,28665,13043,28670,4986,28655,24863,28650,5028
2020-06-05 09:17:20.180000,28699.15,28665,13043,28670,4986,28655,24863,28650,5028
2020-06-05 09:17:20.380000,28699.15,28665,13043,28670,4986,28655,24864,28650,5028
2020-06-05 09:17:21.240000,28699.15,28665,13043,28670,4986,28655,24864,28650,5028
2020-06-05 09:17:22.410000,28699.15,28670,16433,28675,1596,28660,24885,28655,5001
2020-06-05 09:17:23.350000,28699.15,28670,21433,28675,1596,28660,4831,28655,25055
2020-06-05 09:17:23.790000,28699.15,28670,21433,28675,1596,28660,4831,28655,25055
2020-06-05 09:17:24.380000,28699.15,28670,16433,28675,1596,28660,24885,28655,5001
2020-06-05 09:17:25.460000,28699.15,28665,13043,28670,9986,28660,22,28655,24864
2020-06-05 09:17:25.690000,28699.15,28670,21433,28675,1596,28660,24885,28655,5001
2020-06-05 09:17:26.510000,28699.15,28665,13043,28670,9986,28660,22,28655,24864
2020-06-05 09:17:27.050000,28699.15,28670,21433,28675,1596,28660,24885,28655,5001
2020-06-05 09:17:27.710000,28699.15,28670,16433,28675,1596,28660,24885,28655,5001
2020-06-05 09:17:28.600000,28699.15,28665,13021,28670,10086,28655,24864,28650,25028
2020-06-05 09:17:29.080000,28698.49,28670,21511,28675,1596,28660,24863,28655,5001
2020-06-05 09:17:30.160000,28698.49,28670,16411,28675,1596,28660,24863,28655,5001
2020-06-05 09:17:30.550000,28698.49,28675,13021,28680,4986,28665,24863,28660,5000
2020-06-05 09:17:31.740000,28698.49,28675,13021,28680,4986,28665,24863,28660,5000
2020-06-05 09:17:32.050000,28698.49,28675,13021,28680,4986,28665,24863,28660,5000
2020-06-05 09:17:33.330000,28698.49,28675,13021,28680,4986,28665,24863,28660,5000
2020-06-05 09:17:35.940000,28698.49,28675,13021,28680,4986,28665,24863,28660,5000
2020-06-05 09:17:36.250000,28698.49,28680,16411,28685,1596,28670,24863,28665,5000
2020-06-05 09:17:38.160000,28698.49,28680,16411,28685,1596,28670,24863,28665,5000
2020-06-05 09:17:39.560000,28717.12,28685,13021,28690,4986,28675,24863,28670,5000
2020-06-05 09:17:40.390000,28717.12,28680,16411,28685,1596,28670,24863,28665,5000
2020-06-05 09:17:41.250000,28717.12,28685,13021,28690,4986,28675,24863,28670,5000
2020-06-05 09:17:43.160000,28717.12,28685,13021,28690,4986,28675,24863,28670,5000
2020-06-05 09:17:43.890000,28717.12,28685,13021,28690,4986,28675,24863,28670,5000
2020-06-05 09:17:44.940000,28717.12,28690,16411,28695,1596,28680,24863,28675,5000
2020-06-05 09:17:45.280000,28717.12,28685,13021,28690,10086,28675,24863,28670,5000
2020-06-05 09:17:46.510000,28717.12,28685,13021,28690,4986,28675,24863,28670,5000
2020-06-05 09:17:46.890000,28717.12,28685,13021,28690,4986,28675,24863,28670,5000
2020-06-05 09:17:49.120000,28716.64,28685,13021,28690,4986,28675,24863,28670,5000
2020-06-05 09:17:49.650000,28716.64,28685,13021,28690,4986,28675,24862,28670,5000
2020-06-05 09:17:51.230000,28716.64,28685,13021,28690,4986,28675,4808,28670,25054
2020-06-05 09:17:52.290000,28716.64,28680,16411,28685,6696,28670,24872,28665,5000
2020-06-05 09:17:52.760000,28716.64,28680,16411,28685,6696,28670,24872,28665,5000
2020-06-05 09:17:54.150000,28716.64,28685,18121,28690,4986,28675,24862,28670,5010
2020-06-05 09:17:54.920000,28716.64,28685,13021,28690,4986,28675,24862,28670,5010
2020-06-05 09:17:55.980000,28716.64,28680,16411,28685,6796,28670,24872,28665,5000
2020-06-05 09:17:56.460000,28716.64,28680,16411,28685,6796,28670,4818,28665,25054
2020-06-05 09:17:57.570000,28716.64,28680,16411,28685,6796,28670,4818,28665,25054
2020-06-05 09:17:57.850000,28716.64,28680,16411,28685,6796,28670,24872,28665,5000
2020-06-05 09:17:59.700000,28730.06,28680,16411,28685,1596,28670,24872,28665,5000
2020-06-05 09:18:01.850000,28730.06,28675,13021,28680,10186,28670,10,28665,24862
2020-06-05 09:18:02.760000,28730.06,28675,14911,28680,8986,28665,24862,28660,5017
2020-06-05 09:18:03.930000,28730.06,28675,13011,28680,8986,28665,24862,28660,5017
2020-06-05 09:18:04.990000,28730.06,28675,14711,28680,8986,28665,24862,28660,5017
2020-06-05 09:18:05.380000,28730.06,28680,20401,28685,1596,28670,24862,28665,5000
2020-06-05 09:18:06.570000,28730.06,28680,16401,28685,1596,28675,3,28670,24862
2020-06-05 09:18:07.620000,28730.06,28680,16401,28685,1596,28675,4811,28670,20054
2020-06-05 09:18:08.160000,28730.06,28685,13011,28690,4986,28675,24865,28670,5000
2020-06-05 09:18:08.870000,28733.83,28685,13011,28690,4986,28675,24865,28670,5000
2020-06-05 09:18:09.710000,28733.83,28690,16401,28695,1596,28680,24862,28675,5003
2020-06-05 09:18:11.080000,28733.83,28690,16401,28695,1596,28680,24862,28675,5003
2020-06-05 09:18:11.800000,28733.83,28685,13011,28690,10186,28675,24865,28670,25000
2020-06-05 09:18:13.050000,28733.83,28685,13011,28690,10186,28675,24865,28670,5000
2020-06-05 09:18:13.910000,28733.83,28685,13011,28690,4986,28675,24865,28670,5000
2020-06-05 09:18:20.720000,28736.55,28685,13112,28690,4986,28675,24865,28670,5000
2020-06-05 09:18:21.780000,28736.55,28685,13112,28690,4986,28675,24865,28670,5000
2020-06-05 09:18:23.160000,28736.55,28685,101,28690,16401,28680,24854,28675,5003
2020-06-05 09:18:24.390000,28736.55,28685,101,28690,16401,28680,24854,28675,5003
2020-06-05 09:18:24.550000,28736.55,28690,16401,28695,1596,28680,24854,28675,5003
2020-06-05 09:18:25.890000,28736.55,28690,16401,28695,1596,28680,24864,28675,5003
2020-06-05 09:18:27.250000,28736.55,28690,16401,28695,1596,28680,24864,28675,5003
2020-06-05 09:18:29.450000,28751.43,28690,16401,28695,1596,28680,24864,28675,5003
2020-06-05 09:18:30.950000,28751.43,28685,13011,28690,10086,28680,10,28675,24857
2020-06-05 09:18:31.700000,28751.43,28690,5100,28695,13011,28685,27354,28680,5010
2020-06-05 09:18:32.750000,28751.43,28690,16401,28695,1596,28685,2500,28680,24864
2020-06-05 09:18:33.190000,28751.43,28695,13011,28700,4986,28685,27354,28680,5010
2020-06-05 09:18:34.330000,28751.43,28695,13011,28700,4986,28685,27354,28680,5010
2020-06-05 09:18:34.590000,28751.43,28695,18111,28700,4986,28685,27354,28680,5010
2020-06-05 09:18:36.180000,28751.43,28690,16401,28695,6696,28685,2500,28680,24864
2020-06-05 09:18:36.870000,28751.43,28695,18111,28700,4986,28685,27354,28680,5010
2020-06-05 09:18:37.460000,28751.43,28695,13011,28700,4986,28685,27354,28680,5010
2020-06-05 09:18:38.190000,28751.43,28695,18111,28700,4986,28685,27354,28680,5010
2020-06-05 09:18:39.130000,28735.51,28690,16401,28695,6696,28685,2500,28680,24864
2020-06-05 09:18:39.660000,28735.51,28690,21501,28695,1596,28685,2500,28680,24864
2020-06-05 09:18:40.370000,28735.51,28690,21501,28695,1596,28685,2494,28680,24864
2020-06-05 09:18:41.050000,28735.51,28690,16401,28695,1596,28685,2494,28680,24864
2020-06-05 09:18:41.690000,28735.51,28690,18907,28695,1596,28680,24864,28675,5000
2020-06-05 09:18:42.350000,28735.51,28690,16507,28695,1596,28680,24864,28675,5000
2020-06-05 09:18:42.970000,28735.51,28685,10517,28690,10086,28680,4810,28675,20054
2020-06-05 09:18:43.910000,28735.51,28690,19007,28695,1596,28680,24864,28675,5000
2020-06-05 09:18:44.350000,28735.51,28690,13907,28695,1596,28680,24864,28675,5000
2020-06-05 09:18:45.010000,28735.51,28690,13907,28695,1596,28685,20,28680,24864
2020-06-05 09:18:45.550000,28735.51,28690,15207,28695,1596,28685,20,28680,24864
2020-06-05 09:18:46.250000,28735.51,28690,13907,28695,1596,28685,20,28680,24864
2020-06-05 09:18:48.160000,28735.51,28690,13907,28695,1596,28685,20,28680,24864
2020-06-05 09:18:49.210000,28740.85,28690,13907,28695,1596,28685,20,28680,24864
2020-06-05 09:18:49.550000,28740.85,28690,13907,28695,1596,28685,20,28680,24864
2020-06-05 09:18:50.750000,28740.85,28690,13907,28695,1596,28685,30,28680,24864
2020-06-05 09:18:51.830000,28740.85,28685,1596,28690,16877,28680,4810,28675,20054
2020-06-05 09:18:52.070000,28740.85,28690,16877,28695,1596,28680,24864,28675,5000
2020-06-05 09:18:52.880000,28740.85,28690,16377,28695,1596,28680,24864,28675,5000
2020-06-05 09:18:53.920000,28740.85,28690,13876,28695,1596,28680,24864,28675,5000
2020-06-05 09:18:54.750000,28740.85,28690,13876,28695,1596,28680,24864,28675,5000
2020-06-05 09:18:55.390000,28740.85,28690,16376,28695,1596,28680,24864,28675,5000
2020-06-05 09:18:56.560000,28740.85,28685,10487,28690,9985,28680,10,28675,24854
2020-06-05 09:18:56.800000,28740.85,28685,10487,28690,9985,28680,10,28675,24854
2020-06-05 09:18:57.610000,28740.85,28685,15477,28690,5085,28675,24854,28670,5010
2020-06-05 09:18:58.060000,28740.85,28685,11477,28690,5085,28675,24854,28670,5010
2020-06-05 09:18:58.720000,28742.76,28685,10477,28690,5085,28675,24854,28670,5010
2020-06-05 09:18:59.730000,28742.76,28685,15477,28690,5085,28675,24854,28670,5010
2020-06-05 09:19:00.160000,28742.76,28680,13866,28685,6596,28675,4800,28670,20064
2020-06-05 09:19:00.780000,28742.76,28685,15477,28690,5085,28675,24854,28670,5010
2020-06-05 09:19:01.830000,28742.76,28685,10477,28690,5085,28675,24855,28670,5010
2020-06-05 09:19:02.060000,28742.76,28685,10477,28690,5085,28675,24855,28670,5010
2020-06-05 09:19:02.750000,28742.76,28685,10477,28690,5085,28675,24855,28670,5010
2020-06-05 09:19:03.390000,28742.76,28685,15477,28690,5085,28675,4801,28670,25064
2020-06-05 09:19:04.440000,28742.76,28685,10477,28690,5085,28675,24855,28670,5010
2020-06-05 09:19:04.590000,28742.76,28685,10477,28690,5085,28675,24855,28670,5010
2020-06-05 09:19:05.480000,28742.76,28685,15077,28690,5085,28675,24855,28670,5010
2020-06-05 09:19:05.750000,28742.76,28685,11977,28690,5085,28675,24855,28670,5010
2020-06-05 09:19:06.550000,28742.76,28685,10477,28690,5085,28675,24855,28670,5010
2020-06-05 09:19:07.610000,28742.76,28690,13966,28695,1596,28680,24854,28675,5001
2020-06-05 09:19:07.950000,28742.76,28695,10477,28700,4985,28685,24857,28680,5000
2020-06-05 09:19:08.860000,28744.5,28695,10477,28700,4985,28685,24757,28680,5000
2020-06-05 09:19:10.790000,28744.5,28690,13866,28695,6596,28680,24757,28675,5001
2020-06-05 09:19:12.650000,28744.5,28695,15477,28700,4985,28685,24757,28680,5000
2020-06-05 09:19:13.450000,28744.5,28690,13866,28695,6596,28680,24757,28675,5001
2020-06-05 09:19:14.510000,28744.5,28685,10477,28690,9985,28675,24758,28670,25010
2020-06-05 09:19:15.560000,28744.5,28685,10477,28690,9985,28675,24758,28670,5010
2020-06-05 09:19:17.140000,28744.5,28680,13866,28685,6596,28675,4704,28670,20064
2020-06-05 09:19:17.590000,28744.5,28685,15477,28690,4985,28675,24758,28670,5010
2020-06-05 09:19:18.730000,28725.05,28685,15477,28690,4985,28675,24758,28670,5010
2020-06-05 09:19:18.960000,28725.05,28680,13866,28685,6596,28675,1,28670,24767
2020-06-05 09:19:21.370000,28725.05,28680,13866,28685,6596,28675,1,28670,24767
2020-06-05 09:19:21.520000,28725.05,28675,15476,28680,6585,28670,10,28665,24757
2020-06-05 09:19:22.430000,28725.05,28675,12266,28680,4985,28665,24757,28660,25017
2020-06-05 09:19:23.490000,28725.05,28670,13855,28675,6596,28665,4703,28660,20071
2020-06-05 09:19:23.790000,28725.05,28670,13855,28675,6596,28665,4703,28660,20071
2020-06-05 09:19:25.070000,28725.05,28670,13855,28675,3396,28660,24774,28655,25002
2020-06-05 09:19:25.260000,28725.05,28670,13855,28675,3396,28660,24774,28655,5002
2020-06-05 09:19:26.130000,28725.05,28670,13855,28675,3396,28660,24774,28655,5002
2020-06-05 09:19:26.680000,28725.05,28670,13855,28675,3396,28660,24774,28655,5002
2020-06-05 09:19:27.730000,28725.05,28670,15655,28675,3396,28660,24774,28655,5002
2020-06-05 09:19:28.090000,28725.05,28670,15655,28675,3396,28660,24774,28655,5002
2020-06-05 09:19:28.790000,28716.9,28670,18855,28675,3396,28660,24774,28655,5002
2020-06-05 09:19:29.830000,28716.9,28670,18455,28675,3396,28660,24774,28655,5002
2020-06-05 09:19:30.900000,28716.9,28670,13855,28675,3396,28660,24774,28655,5002
2020-06-05 09:19:32.050000,28716.9,28670,13855,28675,3396,28665,4703,28660,20071
2020-06-05 09:19:33.020000,28716.9,28670,13855,28675,3396,28660,24774,28655,5002
2020-06-05 09:19:35.150000,28716.9,28670,13855,28675,3396,28660,24774,28655,5002
2020-06-05 09:19:35.550000,28716.9,28670,13855,28675,3396,28660,24774,28655,5002
2020-06-05 09:19:36.700000,28716.9,28670,15255,28675,3396,28660,24774,28655,5002
2020-06-05 09:19:37.260000,28716.9,28670,13855,28675,3396,28660,24774,28655,5002
2020-06-05 09:19:39.060000,28720.26,28670,13855,28675,3396,28660,24574,28655,5002
2020-06-05 09:19:39.810000,28720.26,28670,13855,28675,3396,28660,24574,28655,5012
2020-06-05 09:19:41.150000,28720.26,28670,13855,28675,3396,28660,24574,28655,5012
2020-06-05 09:19:41.900000,28720.26,28665,10466,28670,9985,28655,24586,28650,25028
2020-06-05 09:19:43.290000,28720.26,28670,18737,28675,3396,28660,24574,28655,5012
2020-06-05 09:19:44.060000,28720.26,28670,13737,28675,3396,28660,4703,28655,24883
2020-06-05 09:19:44.730000,28720.26,28665,10348,28670,5385,28655,24586,28650,5028
2020-06-05 09:19:45.860000,28720.26,28670,14137,28675,3396,28660,24574,28655,5012
2020-06-05 09:19:46.650000,28720.26,28665,10348,28670,9985,28660,4703,28655,19883
2020-06-05 09:19:47.180000,28720.26,28670,18737,28675,3396,28660,24574,28655,5012
2020-06-05 09:19:48.230000,28720.26,28670,13737,28675,3396,28660,24574,28655,5012
2020-06-05 09:19:48.670000,28720.7,28670,13737,28675,3396,28660,24574,28655,5012
2020-06-05 09:19:49.400000,28720.7,28670,13777,28675,3396,28665,4703,28660,19871
2020-06-05 09:19:50.320000,28720.7,28670,13777,28675,3396,28660,24574,28655,5012
2020-06-05 09:19:50.570000,28720.7,28670,13777,28675,3396,28660,24574,28655,5012
2020-06-05 09:19:51.370000,28720.7,28670,40,28675,12148,28665,24574,28660,5000
2020-06-05 09:19:51.960000,28720.7,28670,13777,28675,3396,28660,24574,28655,5012
2020-06-05 09:19:52.930000,28720.7,28670,40,28675,12148,28665,24574,28660,5000
2020-06-05 09:19:53.350000,28720.7,28675,10348,28680,4985,28670,4703,28665,20071
2020-06-05 09:19:54.070000,28720.7,28680,13737,28685,1596,28670,24574,28665,5200
2020-06-05 09:19:55.380000,28720.7,28685,10348,28690,4985,28675,24574,28670,5002
2020-06-05 09:19:56.790000,28720.7,28680,13737,28685,6596,28675,4703,28670,19873
2020-06-05 09:19:57.650000,28720.7,28680,13737,28685,6596,28670,24576,28665,5200
2020-06-05 09:19:58.090000,28720.7,28680,13737,28685,1596,28670,24576,28665,5200
2020-06-05 09:19:59.230000,28718.76,28680,18737,28685,1596,28670,4705,28665,25071
2020-06-05 09:19:59.760000,28718.76,28675,10348,28680,9985,28670,2,28665,24774
2020-06-05 09:20:01.830000,28718.76,28670,13735,28675,6496,28660,24624,28655,25012
2020-06-05 09:20:02.260000,28718.76,28670,13735,28675,6496,28660,24624,28655,5012
2020-06-05 09:20:06.050000,28718.76,28670,13685,28675,6496,28660,24574,28655,5012
2020-06-05 09:20:06.720000,28718.76,28670,13685,28675,6496,28665,4703,28660,19871
2020-06-05 09:20:07.160000,28718.76,28675,15196,28680,6285,28665,24574,28660,5000
2020-06-05 09:20:08.130000,28718.76,28675,10296,28680,6285,28665,24574,28660,5000
2020-06-05 09:20:08.460000,28718.76,28675,10296,28680,6285,28665,24574,28660,5000
2020-06-05 09:20:09.190000,28720.5,28675,15196,28680,6285,28665,24574,28660,5000
2020-06-05 09:20:10.240000,28720.5,28670,13685,28675,6496,28665,4703,28660,19871
2020-06-05 09:20:10.680000,28720.5,28675,15196,28680,6285,28665,24574,28660,5000
2020-06-05 09:20:11.490000,28720.5,28675,10296,28680,6285,28665,4703,28660,24871
2020-06-05 09:20:12.350000,28720.5,28675,10296,28680,6285,28670,4703,28665,19871
2020-06-05 09:20:12.860000,28720.5,28680,14985,28685,1596,28670,24574,28665,5000
2020-06-05 09:20:13.660000,28720.5,28680,13685,28685,1596,28675,4703,28670,19871
2020-06-05 09:20:14.440000,28720.5,28680,13685,28685,1596,28675,4703,28670,19871
2020-06-05 09:20:15.050000,28720.5,28685,10296,28690,4985,28675,24577,28670,5000
