time,nav,sell1,sell1_cnt,sell2,sell2_cnt,buy1,buy1_cnt,buy2,buy2_cnt
2020-06-12 09:46:49.78,0.0,27835,5066,27840,10644,27825,10576,27820,3867
2020-06-12 09:46:50.50,0.0,27840,5066,27845,40053,27830,5510,27825,8950
2020-06-12 09:46:51.40,27872.88,27840,5066,27845,20053,27830,5510,27825,8950
2020-06-12 09:46:52.36,27872.88,27840,5066,27845,20053,27830,5510,27825,8950
2020-06-12 09:46:53.47,27872.88,27840,5066,27845,20053,27835,5510,27825,8950
2020-06-12 09:46:54.47,27872.88,27840,5066,27845,20053,27835,5510,27825,8950
2020-06-12 09:46:55.20,27872.88,27845,5066,27850,12767,27835,5510,27830,3866
2020-06-12 09:46:56.17,27872.88,27840,5066,27845,20053,27830,5510,27825,8950
2020-06-12 09:46:57.39,27872.88,27835,5066,27840,10644,27830,36,27825,10594
2020-06-12 09:46:58.78,27872.88,27835,5066,27840,10644,27830,36,27825,10594
2020-06-12 09:46:59.27,27872.88,27830,6566,27835,10054,27820,6463,27815,18418
2020-06-12 09:47:00.27,27896.32,27830,5066,27840,10644,27820,17222,27815,8364
2020-06-12 09:47:01.12,27896.32,27830,6566,27835,20053,27820,7168,27815,11577
2020-06-12 09:47:02.17,27896.32,27830,6566,27835,20053,27820,6469,27815,11577
2020-06-12 09:47:03.22,27896.32,27825,5066,27830,1500,27820,6469,27815,11577
2020-06-12 09:47:04.26,27896.32,27825,6566,27830,12144,27820,6,27815,7223
2020-06-12 09:47:04.86,27896.32,27825,6566,27830,11554,27820,6,27815,7223
2020-06-12 09:47:05.84,27896.32,27820,5066,27825,1500,27815,523,27810,17776
2020-06-12 09:47:06.89,27896.32,27825,6566,27830,12144,27815,7723,27810,12076
2020-06-12 09:47:07.94,27896.32,27825,6566,27830,1500,27815,7723,27810,22075
2020-06-12 09:47:08.56,27896.32,27825,6566,27830,12144,27815,6223,27810,12076
2020-06-12 09:47:09.56,27896.32,27820,5066,27825,1500,27815,6223,27810,12076
2020-06-12 09:47:10.61,27896.32,27820,5060,27825,1500,27815,523,27810,17776
2020-06-12 09:47:11.67,27888.84,27825,6560,27830,1500,27815,17777,27810,12021
2020-06-12 09:47:12.71,27888.84,27825,5060,27830,1500,27820,5700,27815,12077
2020-06-12 09:47:13.78,27888.84,27825,6560,27830,11554,27815,7723,27810,22075
2020-06-12 09:47:14.81,27888.84,27830,6560,27835,20053,27820,5700,27815,12067
2020-06-12 09:47:15.85,27888.84,27830,6560,27835,20053,27820,7200,27815,12067
2020-06-12 09:47:16.26,27888.84,27830,5060,27840,31304,27820,17254,27815,8854
2020-06-12 09:47:17.45,27888.84,27825,5060,27830,1500,27820,5700,27815,12067
2020-06-12 09:47:18.49,27888.84,27825,5060,27830,1500,27820,5700,27815,12067
2020-06-12 09:47:19.06,27888.84,27825,6560,27830,11554,27815,7713,27810,22085
2020-06-12 09:47:19.90,27888.84,27825,6560,27830,11554,27815,7715,27810,22085
2020-06-12 09:47:20.65,27888.84,27825,5560,27830,1500,27815,17769,27810,12031
2020-06-12 09:47:21.70,27869.25,27820,1,27825,5060,27815,17769,27810,12031
2020-06-12 09:47:22.76,27869.25,27830,6560,27840,11304,27820,15754,27815,8856
2020-06-12 09:47:23.37,27869.25,27830,5060,27835,20053,27820,5700,27815,12070
2020-06-12 09:47:24.37,27869.25,27835,5060,27840,11304,27825,5700,27820,11654
2020-06-12 09:47:25.38,27869.25,27835,6660,27840,11304,27825,7300,27820,11654
2020-06-12 09:47:26.44,27869.25,27835,1532,27840,11304,27825,5700,27820,11654
2020-06-12 09:47:26.90,27869.25,27835,1532,27840,11304,27825,6800,27820,11654
2020-06-12 09:47:28.02,27869.25,27830,5700,27835,21553,27820,7300,27815,12070
2020-06-12 09:47:29.07,27869.25,27830,5676,27835,1500,27820,17354,27815,8857
2020-06-12 09:47:30.12,27869.25,27835,7176,27840,11304,27825,5700,27820,11654
2020-06-12 09:47:31.18,27888.84,27835,7176,27840,11304,27825,5700,27820,11654
2020-06-12 09:47:32.76,27888.84,27835,7176,27840,11304,27825,7300,27820,11654
2020-06-12 09:47:33.82,27888.84,27830,5676,27835,1500,27820,7300,27815,18911
2020-06-12 09:47:34.88,27888.84,27835,7176,27840,11304,27825,5700,27820,11654
2020-06-12 09:47:35.94,27888.84,27835,7176,27840,11304,27825,5700,27820,11654
2020-06-12 09:47:36.49,27888.84,27835,7176,27840,11304,27825,5700,27820,11654
2020-06-12 09:47:37.55,27888.84,27835,7176,27840,11304,27825,6900,27820,11654
2020-06-12 09:47:38.61,27888.84,27835,7176,27840,11304,27825,7300,27820,11654
2020-06-12 09:47:39.10,27888.84,27840,6336,27845,20053,27830,5700,27825,11654
2020-06-12 09:47:40.19,27888.84,27840,7633,27850,12107,27835,5700,27830,11654
2020-06-12 09:47:41.25,27881.99,27840,333,27845,5700,27835,5700,27830,11654
2020-06-12 09:47:42.31,27881.99,27850,7163,27855,20053,27845,4828,27840,5700
2020-06-12 09:47:43.38,27881.99,27845,6200,27850,1463,27840,5700,27835,10054
2020-06-12 09:47:44.44,27881.99,27845,6200,27850,12107,27840,333,27835,5367
2020-06-12 09:47:45.50,27881.99,27845,1,27850,7163,27840,5700,27835,10054
2020-06-12 09:47:46.00,27881.99,27845,6001,27850,1463,27840,5700,27835,10054
2020-06-12 09:47:47.09,27881.99,27845,5701,27850,1463,27840,5700,27835,10054
2020-06-12 09:47:48.16,27881.99,27845,1,27850,7163,27840,5700,27835,10054
2020-06-12 09:47:48.56,27881.99,27845,1,27850,7163,27840,5500,27835,10054
2020-06-12 09:47:49.77,27881.99,27845,1,27850,7163,27840,6500,27835,10054
2020-06-12 09:47:51.33,27885.4,27850,1463,27855,5700,27845,6499,27840,11254
2020-06-12 09:47:52.39,27885.4,27850,8063,27855,20053,27845,1199,27840,6500
2020-06-12 09:47:53.45,27885.4,27850,7163,27860,10644,27845,6459,27840,11254
2020-06-12 09:47:54.50,27885.4,27850,7163,27860,10644,27845,1159,27840,16554
2020-06-12 09:47:55.56,27885.4,27855,6600,27865,40053,27845,16913,27840,11199
2020-06-12 09:47:56.61,27885.4,27855,6500,27860,10644,27850,60,27845,6859
2020-06-12 09:47:58.09,27885.4,27855,6499,27860,10644,27850,60,27845,6859
2020-06-12 09:47:59.26,27885.4,27855,5639,27860,10644,27845,6859,27840,11254
2020-06-12 09:47:59.79,27885.4,27855,6539,27860,10644,27845,6859,27840,11254
2020-06-12 09:48:00.86,27887.64,27850,5639,27855,10954,27845,1159,27840,6900
2020-06-12 09:48:01.92,27887.64,27850,6539,27855,20053,27845,1159,27840,6900
2020-06-12 09:48:02.98,27887.64,27850,5603,27860,10644,27845,1159,27840,16954
2020-06-12 09:48:03.56,27887.64,27855,5603,27865,20053,27850,5700,27845,11213
2020-06-12 09:48:04.62,27887.64,27855,5603,27865,20053,27850,5700,27845,11213
2020-06-12 09:48:05.57,27887.64,27855,900,27860,5603,27850,5700,27845,11213
2020-06-12 09:48:06.69,27887.64,27855,6503,27865,20053,27845,16923,27840,11199
2020-06-12 09:48:07.74,27887.64,27860,5603,27865,20053,27850,5700,27845,11223
2020-06-12 09:48:08.80,27887.64,27860,6503,27865,20053,27850,5700,27845,11223
2020-06-12 09:48:09.85,27887.64,27855,5658,27860,11544,27845,6869,27840,11254
2020-06-12 09:48:10.36,27887.64,27850,5603,27855,955,27845,6869,27840,11254
2020-06-12 09:48:11.19,27887.84,27855,6558,27860,10644,27845,6869,27840,11254
2020-06-12 09:48:12.49,27887.84,27850,88,27855,6558,27845,6869,27840,11254
2020-06-12 09:48:12.89,27887.84,27850,88,27855,5658,27845,6869,27840,11254
2020-06-12 09:48:13.77,27887.84,27855,55,27860,5603,27850,5700,27845,11223
2020-06-12 09:48:14.86,27887.84,27855,5700,27860,16544,27845,6781,27840,11254
2020-06-12 09:48:16.09,27887.84,27855,5700,27865,25053,27850,5612,27845,1169
2020-06-12 09:48:17.37,27887.84,27855,5700,27865,25053,27850,5612,27845,11225
2020-06-12 09:48:18.44,27887.84,27855,5700,27865,25053,27850,5612,27845,11225
2020-06-12 09:48:19.48,27887.84,27860,5700,27865,25053,27850,5612,27845,11225
2020-06-12 09:48:20.54,27895.43,27865,5700,27870,15644,27855,5612,27850,10054
2020-06-12 09:48:21.61,27895.43,27865,6600,27870,15644,27855,5591,27850,10054
2020-06-12 09:48:22.67,27895.43,27860,5700,27865,25953,27855,5,27850,5591
2020-06-12 09:48:23.72,27895.43,27860,6600,27865,25053,27855,5,27850,5591
2020-06-12 09:48:24.75,27895.43,27860,6600,27865,15054,27855,5,27850,5591
2020-06-12 09:48:25.26,27895.43,27865,5700,27870,15644,27855,5596,27850,10054
2020-06-12 09:48:26.06,27895.43,27860,5700,27865,25953,27855,5,27850,5591
2020-06-12 09:48:26.96,27895.43,27860,5700,27865,25053,27850,5591,27845,11225
2020-06-12 09:48:27.79,27895.43,27860,6600,27865,25053,27850,5591,27845,11225
2020-06-12 09:48:28.99,27895.43,27860,28,27865,5700,27855,5591,27850,10054
2020-06-12 09:48:29.46,27895.43,27860,28,27865,5700,27855,5591,27850,10054
2020-06-12 09:48:30.58,27895.43,27860,6628,27870,15644,27855,5591,27845,18066
2020-06-12 09:48:31.65,27898.63,27865,5700,27870,15644,27855,5591,27850,10064
2020-06-12 09:48:32.16,27898.63,27865,6577,27870,15644,27855,5591,27850,10064
2020-06-12 09:48:32.99,27898.63,27865,6577,27870,15644,27855,5591,27850,10064
2020-06-12 09:48:34.77,27898.63,27870,5677,27875,25053,27860,5591,27855,10054
2020-06-12 09:48:35.69,27898.63,27870,6577,27875,25053,27860,5591,27855,10054
2020-06-12 09:48:36.86,27898.63,27870,6277,27875,25053,27865,5591,27855,10054
2020-06-12 09:48:37.91,27898.63,27865,5677,27870,15644,27855,5591,27850,10064
2020-06-12 09:48:38.97,27898.63,27865,5677,27870,15644,27855,5591,27850,10064
2020-06-12 09:48:40.03,27898.63,27875,15676,27880,35644,27865,5591,27860,10054
2020-06-12 09:48:41.10,27915.12,27875,5677,27880,35644,27865,5541,27860,10054
2020-06-12 09:48:41.60,27915.12,27875,5677,27880,15644,27865,5541,27860,10054
2020-06-12 09:48:42.67,27915.12,27875,5677,27880,15054,27865,5541,27860,10054
2020-06-12 09:48:43.72,27915.12,27875,5677,27880,15054,27865,5537,27860,10054
2020-06-12 09:48:45.16,27915.12,27875,5677,27880,15054,27865,5527,27860,10054
2020-06-12 09:48:46.09,27915.12,27875,5677,27880,15054,27865,5527,27860,10054
2020-06-12 09:48:47.36,27915.12,27880,5677,27885,15054,27870,5527,27865,10054
2020-06-12 09:48:48.41,27915.12,27870,28,27875,5677,27865,5527,27860,10054
2020-06-12 09:48:48.70,27915.12,27870,28,27875,5677,27865,5527,27860,10054
2020-06-12 09:48:49.98,27915.12,27870,5705,27880,15054,27860,5527,27855,10054
2020-06-12 09:48:50.56,27915.12,27870,27,27875,5677,27865,5527,27860,10054
2020-06-12 09:48:51.55,27897.3,27880,5677,27885,15054,27870,5500,27865,10054
2020-06-12 09:48:52.59,27897.3,27875,5677,27880,15054,27865,5500,27860,10054
2020-06-12 09:48:53.65,27897.3,27875,5677,27880,15054,27865,5500,27860,10054
2020-06-12 09:48:54.76,27897.3,27880,5677,27885,15054,27870,5500,27865,10054
2020-06-12 09:48:55.75,27897.3,27880,5677,27885,15054,27870,5500,27865,10054
2020-06-12 09:48:56.76,27897.3,27875,5677,27880,15054,27865,5500,27860,10054
2020-06-12 09:48:57.29,27897.3,27870,5677,27875,15054,27860,5500,27855,10054
2020-06-12 09:48:58.34,27897.3,27865,5677,27875,15054,27860,5500,27855,10054
2020-06-12 09:48:59.37,27897.3,27870,5677,27875,15054,27860,5500,27855,10054
2020-06-12 09:49:00.43,27897.3,27870,5677,27880,15054,27865,5500,27860,10054
2020-06-12 09:49:00.96,27920.17,27870,5677,27875,15054,27860,5500,27855,10054
2020-06-12 09:49:01.90,27920.17,27870,10677,27875,15054,27860,5500,27855,10054
2020-06-12 09:49:02.87,27920.17,27870,10677,27875,15054,27860,5500,27855,10054
2020-06-12 09:49:03.71,27920.17,27865,5677,27870,5000,27855,5500,27850,10064
2020-06-12 09:49:04.57,27920.17,27865,5677,27870,5000,27860,5500,27850,10064
2020-06-12 09:49:05.79,27920.17,27865,5677,27870,5000,27860,5500,27855,10054
2020-06-12 09:49:06.29,27920.17,27865,10677,27870,14637,27855,5500,27850,10064
2020-06-12 09:49:07.36,27920.17,27865,10677,27870,14637,27855,5500,27850,10064
2020-06-12 09:49:08.41,27920.17,27860,5678,27865,5000,27850,5510,27845,11225
2020-06-12 09:49:09.47,27920.17,27860,1,27865,10677,27855,5500,27850,10064
2020-06-12 09:49:09.96,27920.17,27860,10261,27865,15054,27850,5310,27845,11225
2020-06-12 09:49:11.03,27903.14,27860,10261,27865,15054,27850,5310,27845,11225
2020-06-12 09:49:12.10,27903.14,27860,10261,27865,15054,27850,5310,27845,11225
2020-06-12 09:49:13.16,27903.14,27860,1,27865,10677,27855,5300,27850,10234
2020-06-12 09:49:13.66,27903.14,27860,1,27865,10677,27855,5300,27850,10234
2020-06-12 09:49:15.80,27903.14,27860,5678,27865,5000,27855,5300,27850,10234
2020-06-12 09:49:16.36,27903.14,27860,10261,27865,15054,27850,5480,27845,11225
2020-06-12 09:49:17.30,27903.14,27860,10261,27865,15054,27850,5480,27845,11225
2020-06-12 09:49:18.41,27903.14,27860,10261,27865,15054,27850,5480,27845,11225
2020-06-12 09:49:19.47,27903.14,27860,10261,27865,15054,27850,5480,27845,11225
2020-06-12 09:49:21.05,27924.16,27860,5678,27865,5000,27855,5300,27850,10234
2020-06-12 09:49:21.66,27924.16,27860,1,27865,10677,27855,5300,27850,10234
2020-06-12 09:49:23.70,27924.16,27860,1,27865,10677,27855,5300,27850,10234
2020-06-12 09:49:24.19,27924.16,27865,10677,27870,14637,27860,5300,27850,10234
2020-06-12 09:49:25.28,27924.16,27870,10260,27875,15054,27860,5300,27855,10054
2020-06-12 09:49:26.76,27924.16,27870,5677,27875,5000,27865,5300,27855,10054
2020-06-12 09:49:27.92,27924.16,27870,10260,27875,15054,27860,5300,27855,10054
2020-06-12 09:49:29.50,27924.16,27870,5677,27875,5000,27860,15354,27850,180
2020-06-12 09:49:30.56,27924.16,27870,10260,27875,15054,27860,5300,27855,10054
2020-06-12 09:49:31.62,27913.12,27865,10677,27870,14637,27855,5300,27850,10234
2020-06-12 09:49:32.67,27913.12,27875,10677,27880,14637,27865,5300,27860,10055
2020-06-12 09:49:33.20,27913.12,27875,10677,27880,14637,27865,5300,27860,10055
2020-06-12 09:49:34.26,27913.12,27875,10677,27880,14637,27865,5300,27860,10055
2020-06-12 09:49:34.76,27913.12,27875,9477,27880,14637,27865,5300,27860,10055
2020-06-12 09:49:35.84,27913.12,27870,10260,27875,13854,27860,5301,27855,10054
2020-06-12 09:49:36.35,27913.12,27870,10260,27875,13854,27860,5301,27855,10054
2020-06-12 09:49:37.42,27913.12,27865,9477,27870,14637,27860,1,27855,5300
2020-06-12 09:49:38.46,27913.12,27865,5677,27870,4583,27860,5300,27855,10054
2020-06-12 09:49:38.96,27913.12,27870,10260,27875,13854,27860,5300,27855,10054
2020-06-12 09:49:40.04,27913.12,27870,10260,27875,13854,27860,5300,27855,10054
2020-06-12 09:49:40.67,27908.45,27870,10260,27875,13854,27860,5300,27855,10054
2020-06-12 09:49:41.67,27908.45,27875,9477,27880,14637,27865,5300,27860,10054
2020-06-12 09:49:42.67,27908.45,27875,9477,27880,14637,27865,5300,27860,10054
2020-06-12 09:49:43.70,27908.45,27875,9477,27880,14637,27865,5300,27860,10054
2020-06-12 09:49:44.76,27908.45,27870,10260,27875,13854,27860,5300,27855,10054
2020-06-12 09:49:45.26,27908.45,27870,10260,27875,13854,27860,5300,27855,10054
2020-06-12 09:49:47.38,27908.45,27865,9477,27870,14637,27855,5300,27850,10254
2020-06-12 09:49:47.87,27908.45,27870,10260,27875,13854,27860,5300,27855,10054
2020-06-12 09:49:48.96,27908.45,27870,10260,27875,13854,27860,5300,27855,10054
2020-06-12 09:49:49.46,27908.45,27870,10260,27875,13854,27860,5300,27855,10054
2020-06-12 09:49:50.87,27930.22,27870,10260,27875,13854,27860,5300,27855,10054
2020-06-12 09:49:52.63,27930.22,27870,10260,27875,13854,27860,5305,27855,10054
2020-06-12 09:49:54.10,27930.22,27870,10260,27875,13854,27860,5308,27855,10054
2020-06-12 09:49:55.25,27930.22,27875,9477,27880,14637,27865,5300,27860,10064
2020-06-12 09:49:55.75,27930.22,27870,10260,27875,13854,27860,5090,27855,10054
2020-06-12 09:49:56.79,27930.22,27870,10260,27875,13854,27860,5090,27855,10054
2020-06-12 09:49:57.85,27930.22,27870,10260,27875,13854,27860,5110,27855,10054
2020-06-12 09:49:58.27,27930.22,27870,10260,27875,13854,27860,5280,27855,10054
2020-06-12 09:49:59.43,27930.22,27870,10260,27875,13854,27860,4685,27855,10064
2020-06-12 09:50:00.47,27930.22,27865,9477,27870,14637,27860,190,27855,4505
2020-06-12 09:50:01.53,27905.72,27870,10260,27875,13854,27860,4685,27855,10064
2020-06-12 09:50:02.58,27905.72,27865,9477,27870,14637,27860,190,27855,4505
2020-06-12 09:50:02.96,27905.72,27865,9477,27870,14637,27860,190,27855,4505
2020-06-12 09:50:04.14,27905.72,27860,10260,27865,13854,27855,10,27850,4525
2020-06-12 09:50:05.17,27905.72,27860,5677,27865,3800,27855,4505,27850,10084
2020-06-12 09:50:05.66,27905.72,27860,10260,27865,13854,27855,10,27850,4525
2020-06-12 09:50:06.74,27905.72,27860,5677,27865,3800,27855,4485,27850,10084
2020-06-12 09:50:07.78,27905.72,27860,10260,27865,13854,27850,4515,27845,11225
2020-06-12 09:50:08.16,27905.72,27865,9477,27870,14637,27855,4485,27850,10084
2020-06-12 09:50:09.39,27905.72,27865,9477,27870,14637,27855,4485,27850,10084
2020-06-12 09:50:09.89,27905.72,27860,10260,27865,13854,27850,4515,27845,11225
2020-06-12 09:50:10.98,27909.41,27860,10260,27865,13854,27850,4515,27845,11225
2020-06-12 09:50:13.62,27909.41,27855,10677,27860,15054,27850,30,27845,5656
2020-06-12 09:50:14.00,27909.41,27855,10677,27860,15124,27845,5656,27840,11254
2020-06-12 09:50:14.97,27909.41,27855,10655,27860,15124,27845,5656,27840,11254
2020-06-12 09:50:16.06,27909.41,27855,13,27860,5725,27850,14529,27845,1171
2020-06-12 09:50:17.26,27909.41,27860,5725,27865,5000,27855,4462,27850,10054
2020-06-12 09:50:18.31,27909.41,27860,70,27865,10655,27855,4462,27850,10054
2020-06-12 09:50:18.86,27909.41,27860,70,27865,10655,27855,4462,27850,10054
2020-06-12 09:50:20.39,27909.41,27860,350,27865,10655,27855,4462,27850,10054
2020-06-12 09:50:21.43,27911.34,27865,10655,27870,15054,27855,4462,27850,10054
2020-06-12 09:50:22.48,27911.34,27870,5696,27875,15054,27860,4462,27855,10054
2020-06-12 09:50:23.06,27911.34,27875,10655,27880,10095,27865,4462,27860,10054
2020-06-12 09:50:23.96,27911.34,27875,5655,27880,41,27865,14516,27850,30
2020-06-12 09:50:25.15,27911.34,27875,10655,27880,10095,27865,4462,27860,10054
2020-06-12 09:50:26.20,27911.34,27870,5655,27875,5000,27865,4462,27855,10054
2020-06-12 09:50:26.70,27911.34,27870,5696,27875,15054,27860,4462,27855,10054
2020-06-12 09:50:28.35,27911.34,27870,5655,27875,5000,27860,4462,27855,10054
2020-06-12 09:50:29.17,27911.34,27870,5655,27875,5000,27860,14516,27850,30
2020-06-12 09:50:30.43,27911.34,27875,10655,27880,10095,27865,4462,27860,10054
2020-06-12 09:50:30.79,27911.34,27870,200,27875,10655,27865,4462,27860,10054
2020-06-12 09:50:31.76,27911.26,27870,5896,27875,15054,27860,4462,27855,10054
2020-06-12 09:50:32.66,27911.26,27870,200,27875,10655,27865,4462,27860,10054
2020-06-12 09:50:33.60,27911.26,27870,5855,27875,5000,27860,4462,27855,10054
2020-06-12 09:50:34.67,27911.26,27870,5872,27875,15054,27860,4462,27855,10054
2020-06-12 09:50:35.72,27911.26,27870,176,27875,10655,27865,4462,27860,10054
2020-06-12 09:50:36.75,27911.26,27880,5696,27885,15054,27870,4286,27865,10054
2020-06-12 09:50:37.27,27911.26,27880,5655,27885,5000,27875,4286,27870,10054
2020-06-12 09:50:38.47,27911.26,27885,10655,27890,10095,27875,4286,27870,10054
2020-06-12 09:50:39.56,27911.26,27885,10655,27890,10095,27875,4286,27870,10054
2020-06-12 09:50:40.55,27920.74,27880,5655,27885,5000,27870,14340,27860,7500
2020-06-12 09:50:41.40,27920.74,27885,10655,27890,10095,27875,4286,27870,10054
2020-06-12 09:50:42.58,27920.74,27885,5655,27890,41,27880,4286,27875,10054
2020-06-12 09:50:43.65,27920.74,27885,5107,27890,41,27875,4286,27870,10054
2020-06-12 09:50:44.71,27920.74,27890,5148,27895,14971,27880,4286,27875,10054
2020-06-12 09:50:45.77,27920.74,27895,10024,27900,10131,27885,4591,27880,10054
2020-06-12 09:50:46.83,27920.74,27895,10024,27900,10131,27885,4591,27880,10054
2020-06-12 09:50:47.88,27920.74,27900,5184,27905,14971,27890,4286,27885,10359
2020-06-12 09:50:48.36,27920.74,27900,36,27905,10024,27895,4286,27890,10054
2020-06-12 09:50:49.44,27920.74,27905,10017,27910,10095,27895,4286,27890,10054
2020-06-12 09:50:50.50,27920.74,27905,10225,27910,10095,27895,4286,27890,10054
2020-06-12 09:50:50.96,27942.46,27900,172,27905,10225,27895,4286,27890,10054
2020-06-12 09:50:52.08,27942.46,27905,208,27910,5058,27900,5700,27895,10054
2020-06-12 09:50:54.46,27942.46,27915,10700,27920,10095,27905,5492,27900,10054
2020-06-12 09:50:55.47,27942.46,27910,5742,27915,15054,27900,5492,27895,10054
2020-06-12 09:50:56.47,27942.46,27905,10700,27910,10096,27895,5492,27890,10054
2020-06-12 09:50:57.47,27942.46,27895,10700,27900,10095,27885,5797,27880,10054
2020-06-12 09:50:58.51,27942.46,27895,10700,27900,10095,27885,5797,27880,10054
2020-06-12 09:50:59.54,27942.46,27895,10700,27900,10095,27885,5797,27880,10054
2020-06-12 09:51:00.59,27956.48,27895,10700,27900,10095,27885,5797,27880,10054
2020-06-12 09:51:01.00,27956.48,27895,10700,27900,10095,27885,5492,27880,10054
2020-06-12 09:51:02.15,27956.48,27890,5741,27895,15054,27880,5372,27875,10054
2020-06-12 09:51:03.18,27956.48,27885,5700,27890,41,27880,5372,27875,10054
2020-06-12 09:51:03.76,27956.48,27885,10700,27890,10095,27875,5372,27870,10079
2020-06-12 09:51:04.68,27956.48,27885,10700,27890,10095,27875,5372,27870,10079
2020-06-12 09:51:05.81,27956.48,27885,10700,27890,10095,27875,5372,27870,10079
2020-06-12 09:51:06.87,27956.48,27885,10700,27890,10095,27875,5372,27870,10079
2020-06-12 09:51:07.29,27956.48,27880,5741,27885,15054,27870,5397,27865,10054
2020-06-12 09:51:08.48,27956.48,27880,5741,27885,15054,27870,5397,27865,10054
2020-06-12 09:51:08.87,27956.48,27885,10700,27890,10095,27875,5372,27870,10079
2020-06-12 09:51:10.04,27956.48,27880,5700,27885,5000,27875,5372,27870,10079
2020-06-12 09:51:10.56,27956.48,27880,5741,27885,15054,27870,5397,27865,10054
2020-06-12 09:51:11.62,27942.04,27875,10700,27880,10095,27870,25,27865,5372
2020-06-12 09:51:12.66,27942.04,27870,5741,27875,15054,27860,5475,27855,10054
2020-06-12 09:51:13.73,27942.04,27875,10675,27880,10095,27865,5372,27860,10157
2020-06-12 09:51:14.16,27942.04,27875,10675,27880,10095,27865,5372,27860,10157
2020-06-12 09:51:15.29,27942.04,27880,5716,27885,15054,27870,5372,27865,10054
2020-06-12 09:51:16.34,27942.04,27880,5665,27885,5000,27875,5372,27870,10054
2020-06-12 09:51:16.87,27942.04,27880,5626,27885,5000,27875,5372,27870,10054
2020-06-12 09:51:17.79,27942.04,27885,10700,27890,10095,27880,5626,27875,5372
2020-06-12 09:51:18.99,27942.04,27890,5741,27895,15054,27885,4991,27880,10998
2020-06-12 09:51:20.05,27942.04,27885,9541,27890,15054,27880,5626,27875,5372
2020-06-12 09:51:21.11,27949.11,27890,9541,27895,15054,27880,10998,27875,10054
2020-06-12 09:51:22.18,27949.11,27895,4541,27900,5000,27885,5372,27880,15680
2020-06-12 09:51:22.76,27949.11,27900,9541,27905,15054,27890,5372,27885,10054
2020-06-12 09:51:23.66,27949.11,27900,9541,27905,15054,27890,5372,27885,10054
2020-06-12 09:51:24.83,27949.11,27905,9541,27910,15055,27895,5247,27890,10054
2020-06-12 09:51:25.88,27949.11,27900,9541,27905,15054,27890,5247,27885,10059
2020-06-12 09:51:26.36,27949.11,27900,9541,27905,15054,27890,5247,27885,10059
2020-06-12 09:51:27.44,27949.11,27900,9541,27905,15054,27890,5247,27885,10059
2020-06-12 09:51:27.99,27949.11,27900,9541,27905,15054,27890,5247,27885,10059
2020-06-12 09:51:28.86,27949.11,27900,9541,27905,15054,27890,5205,27885,10059
2020-06-12 09:51:30.49,27949.11,27900,9541,27905,15054,27890,5205,27885,10059
2020-06-12 09:51:31.36,27950.42,27900,9541,27905,15054,27890,5205,27885,10059
2020-06-12 09:51:32.26,27950.42,27900,9541,27905,15054,27890,5002,27885,10059
2020-06-12 09:51:33.00,27950.42,27910,9542,27915,35054,27895,15056,27885,7505
2020-06-12 09:51:34.26,27950.42,27910,9542,27915,35054,27900,5002,27895,10054
2020-06-12 09:51:34.86,27950.42,27905,9541,27910,15055,27895,4824,27890,10054
2020-06-12 09:51:35.84,27950.42,27910,9542,27915,15054,27900,4826,27895,10054
2020-06-12 09:51:36.90,27950.42,27905,4541,27910,5001,27900,4826,27890,10054
2020-06-12 09:51:37.96,27950.42,27900,4486,27905,9541,27895,4824,27890,10054
2020-06-12 09:51:38.56,27950.42,27905,9541,27910,15055,27895,4824,27890,10054
2020-06-12 09:51:40.60,27950.42,27900,9518,27905,15054,27890,4824,27885,10059
2020-06-12 09:51:41.09,27954.83,27895,9518,27900,15054,27885,4829,27880,15985
2020-06-12 09:51:42.18,27954.83,27895,9518,27900,15054,27885,4829,27880,15985
2020-06-12 09:51:42.70,27954.83,27895,9518,27900,15054,27885,4829,27880,15985
2020-06-12 09:51:43.74,27954.83,27895,9518,27900,15054,27885,4824,27880,15985
2020-06-12 09:51:44.79,27954.83,27885,9518,27890,15054,27880,5931,27875,4825
2020-06-12 09:51:45.26,27954.83,27880,5000,27885,19572,27875,4825,27870,11
2020-06-12 09:51:46.34,27954.83,27875,10394,27880,15054,27870,11,27865,4824
2020-06-12 09:51:47.38,27954.83,27880,9518,27885,15054,27870,4835,27865,10054
2020-06-12 09:51:47.87,27954.83,27880,9518,27885,15054,27870,4825,27865,10054
2020-06-12 09:51:49.46,27954.83,27880,9518,27885,15054,27870,4825,27865,10054
2020-06-12 09:51:50.29,27950.54,27875,9518,27880,15054,27870,1,27865,4824
2020-06-12 09:51:51.54,27950.54,27880,9518,27885,15054,27870,4825,27865,10054
2020-06-12 09:51:52.58,27950.54,27875,9718,27880,15054,27870,1,27865,4824
2020-06-12 09:51:53.05,27950.54,27875,9718,27880,15054,27870,1,27865,4824
2020-06-12 09:51:55.21,27950.54,27875,9718,27880,15054,27865,4824,27860,10197
2020-06-12 09:51:56.19,27950.54,27875,9688,27880,15054,27865,4824,27860,10197
2020-06-12 09:51:57.66,27950.54,27870,9518,27875,15224,27860,4967,27855,10054
2020-06-12 09:51:58.83,27950.54,27870,9688,27875,15054,27860,4967,27855,10054
2020-06-12 09:51:59.97,27950.54,27870,9688,27875,15054,27860,4967,27855,10054
2020-06-12 09:52:01.39,27927.26,27870,9687,27875,15054,27865,4824,27860,143
2020-06-12 09:52:02.53,27927.26,27870,169,27875,9518,27865,4824,27860,10197
2020-06-12 09:52:03.60,27927.26,27875,9518,27880,15054,27870,4824,27860,10197
2020-06-12 09:52:04.07,27927.26,27880,9518,27885,15054,27870,4824,27865,10054
2020-06-12 09:52:05.19,27927.26,27880,9518,27885,15054,27870,4824,27865,10054
2020-06-12 09:52:06.24,27927.26,27885,9518,27890,35054,27875,4824,27870,10054
2020-06-12 09:52:06.69,27927.26,27885,5701,27890,25000,27880,4824,27870,10054
2020-06-12 09:52:07.80,27927.26,27885,10209,27890,15054,27875,4824,27870,10054
2020-06-12 09:52:08.36,27927.26,27880,5700,27885,4509,27875,4824,27865,10054
2020-06-12 09:52:09.16,27927.26,27885,10209,27890,15054,27875,4824,27870,10054
2020-06-12 09:52:09.92,27927.26,27880,10800,27885,14563,27875,4824,27870,25
2020-06-12 09:52:10.95,27927.26,27880,10800,27885,14563,27875,4824,27870,25
2020-06-12 09:52:12.00,27933.41,27880,100,27885,10209,27875,4824,27870,10079
2020-06-12 09:52:13.27,27933.41,27880,10800,27885,14563,27875,4824,27870,25
2020-06-12 09:52:14.11,27933.41,27880,10800,27885,14563,27875,4824,27870,25
2020-06-12 09:52:15.17,27933.41,27880,100,27885,10209,27875,4824,27870,10079
2020-06-12 09:52:16.22,27933.41,27880,10800,27885,14563,27875,4824,27870,25
2020-06-12 09:52:16.78,27933.41,27880,100,27885,10209,27875,4824,27870,10079
2020-06-12 09:52:17.59,27933.41,27880,100,27885,10209,27875,4824,27870,10079
2020-06-12 09:52:19.68,27933.41,27880,100,27885,10217,27875,4824,27870,10079
2020-06-12 09:52:21.06,27926.5,27885,8,27890,10700,27880,4724,27875,10054
2020-06-12 09:52:22.03,27926.5,27885,8,27890,10700,27880,4724,27875,10054
2020-06-12 09:52:23.56,27926.5,27885,8,27890,10700,27880,4724,27875,10054
2020-06-12 09:52:24.68,27926.5,27885,8,27890,10700,27880,4724,27875,10054
2020-06-12 09:52:25.09,27926.5,27890,10700,27895,14562,27885,56,27880,4724
2020-06-12 09:52:26.25,27926.5,27890,10700,27895,14562,27880,4724,27875,10054
2020-06-12 09:52:26.67,27926.5,27890,10700,27895,14562,27880,4724,27875,10054
2020-06-12 09:52:30.38,27948.6,27895,10208,27900,15439,27885,4724,27880,10054
2020-06-12 09:52:31.26,27948.6,27890,5700,27895,4508,27885,4724,27875,10054
2020-06-12 09:52:32.11,27948.6,27895,10208,27900,15439,27885,4724,27880,10054
2020-06-12 09:52:32.96,27948.6,27895,10208,27900,15439,27885,4720,27880,10054
2020-06-12 09:52:34.49,27948.6,27890,10700,27895,14562,27880,4720,27875,10054
2020-06-12 09:52:35.36,27948.6,27890,10700,27895,14562,27880,4720,27875,10054
2020-06-12 09:52:36.09,27948.6,27890,10700,27895,14562,27880,4720,27875,10054
2020-06-12 09:52:36.86,27948.6,27890,10700,27895,14562,27880,4720,27875,10054
2020-06-12 09:52:37.59,27948.6,27885,10208,27890,15054,27875,4720,27870,10104
2020-06-12 09:52:39.47,27948.6,27880,10700,27885,14562,27870,4770,27865,10054
2020-06-12 09:52:40.65,27948.6,27880,10700,27885,14562,27870,4770,27865,10054
2020-06-12 09:52:41.54,27945.5,27880,10700,27885,14562,27870,4770,27865,10054
2020-06-12 09:52:42.59,27945.5,27875,10209,27880,15054,27870,50,27865,4720
2020-06-12 09:52:43.62,27945.5,27875,1,27880,10700,27870,4770,27865,10054
2020-06-12 09:52:44.09,27945.5,27875,10209,27880,15054,27870,4770,27860,10202
2020-06-12 09:52:45.21,27945.5,27875,10209,27880,15054,27870,50,27865,4720
2020-06-12 09:52:45.76,27945.5,27870,10700,27875,14563,27860,4868,27855,10055
2020-06-12 09:52:46.59,27945.5,27875,10209,27880,15054,27865,4720,27860,10202
2020-06-12 09:52:47.82,27945.5,27875,1,27880,10700,27870,4720,27865,10054
2020-06-12 09:52:48.17,27945.5,27875,1,27880,10700,27870,4720,27865,10054
2020-06-12 09:52:49.59,27945.5,27875,10209,27880,15054,27865,4720,27860,10202
2020-06-12 09:52:50.46,27945.5,27875,10209,27880,15054,27865,4720,27860,10202
2020-06-12 09:52:52.06,27946.87,27875,10209,27880,15054,27865,4720,27860,10202
2020-06-12 09:52:52.87,27946.87,27875,1,27880,10700,27870,4720,27865,10054
2020-06-12 09:52:55.16,27946.87,27875,10209,27880,15054,27870,4720,27860,10202
2020-06-12 09:52:56.24,27946.87,27870,14936,27875,14563,27865,4720,27860,148
2020-06-12 09:52:56.66,27946.87,27870,5000,27875,20263,27865,4720,27860,148
2020-06-12 09:52:57.83,27946.87,27870,10700,27875,14563,27860,4868,27855,10055
2020-06-12 09:52:59.01,27946.87,27870,10700,27875,14563,27865,4720,27860,148
2020-06-12 09:52:59.93,27946.87,27875,10209,27880,15054,27865,4720,27860,10202
2020-06-12 09:53:01.02,27946.87,27875,10209,27880,15054,27865,4720,27860,10202
2020-06-12 09:53:02.08,27931.71,27870,10700,27875,14563,27860,4868,27855,10055
2020-06-12 09:53:02.57,27931.71,27860,10552,27865,14562,27855,1,27850,4887
2020-06-12 09:53:03.69,27931.71,27860,9352,27865,14562,27855,1,27850,4887
2020-06-12 09:53:04.25,27931.71,27865,10208,27870,13706,27855,4721,27850,10221
2020-06-12 09:53:05.25,27931.71,27860,9352,27865,14562,27850,4887,27845,11225
2020-06-12 09:53:06.33,27931.71,27855,5700,27860,3652,27850,4887,27845,11225
2020-06-12 09:53:07.39,27931.71,27855,10208,27860,13539,27845,5891,27840,1200
2020-06-12 09:53:08.46,27931.71,27850,9185,27855,14562,27845,1171,27840,5920
2020-06-12 09:53:09.07,27931.71,27850,9185,27855,14562,27840,5920,27835,10210
2020-06-12 09:53:11.26,27905.71,27845,10208,27850,13539,27840,1200,27835,4876
2020-06-12 09:53:12.26,27905.71,27845,10208,27850,13539,27835,4876,27830,12667
2020-06-12 09:53:13.20,27905.71,27845,10208,27850,13539,27835,4876,27830,12667
2020-06-12 09:53:14.26,27905.71,27845,10208,27850,13539,27835,4876,27830,12667
2020-06-12 09:53:14.86,27905.71,27850,9185,27855,14562,27840,4720,27835,10210
2020-06-12 09:53:15.84,27905.71,27850,9185,27855,14562,27840,4720,27835,10210
2020-06-12 09:53:16.90,27905.71,27845,10208,27850,13664,27840,4720,27835,156
2020-06-12 09:53:17.36,27905.71,27845,10208,27850,13664,27835,4876,27830,12667
2020-06-12 09:53:18.48,27905.71,27845,10208,27850,13664,27835,4866,27830,12667
2020-06-12 09:53:18.89,27905.71,27845,10208,27850,13664,27835,4866,27830,12767
2020-06-12 09:53:19.67,27905.71,27845,10208,27850,13664,27835,4866,27830,12767
2020-06-12 09:53:20.62,27918.29,27850,9310,27855,14562,27840,4720,27835,10200
2020-06-12 09:53:20.96,27918.29,27845,10208,27850,13664,27835,4866,27830,12767
2020-06-12 09:53:21.70,27918.29,27845,10208,27850,13664,27840,4720,27835,146
2020-06-12 09:53:22.76,27918.29,27845,10208,27850,13664,27835,4866,27830,12767
2020-06-12 09:53:27.26,27918.29,27845,10208,27850,13664,27835,4866,27830,12767
2020-06-12 09:53:27.96,27918.29,27840,9185,27845,14562,27835,146,27830,7433
2020-06-12 09:53:29.12,27918.29,27840,9135,27845,14562,27835,96,27830,7433
2020-06-12 09:53:29.49,27918.29,27840,9135,27845,14562,27835,96,27830,7433
2020-06-12 09:53:30.68,27918.29,27830,8022,27835,14562,27825,4729,27820,2103
2020-06-12 09:53:31.74,27913.42,27830,8022,27835,14562,27825,9,27820,6823
2020-06-12 09:53:32.79,27913.42,27830,8022,27835,14562,27820,5223,27815,11567
2020-06-12 09:53:33.83,27913.42,27830,8022,27835,14562,27820,5223,27815,11567
2020-06-12 09:53:34.37,27913.42,27835,9045,27840,13539,27825,4720,27820,10557
2020-06-12 09:53:35.29,27913.42,27835,9040,27840,13539,27825,4720,27820,10557
2020-06-12 09:53:36.96,27913.42,27830,8022,27835,14557,27825,4720,27820,503
2020-06-12 09:53:38.02,27913.42,27830,8022,27835,14557,27825,2,27820,5223
2020-06-12 09:53:38.57,27913.42,27830,8022,27835,14557,27825,2,27820,5223
2020-06-12 09:53:39.25,27913.42,27830,8198,27835,14557,27825,2,27820,5223
2020-06-12 09:53:40.11,27913.42,27825,9016,27830,13739,27820,503,27815,6233
2020-06-12 09:53:41.16,27888.96,27830,8198,27835,14557,27820,5223,27815,11567
2020-06-12 09:53:42.21,27888.96,27830,7998,27835,14557,27820,5223,27815,11567
2020-06-12 09:53:42.75,27888.96,27830,8198,27835,14557,27820,5223,27815,11567
2020-06-12 09:53:43.66,27888.96,27830,8198,27835,14557,27820,5223,27815,11567
2020-06-12 09:53:44.85,27888.96,27825,9016,27830,13739,27820,503,27815,6233
2020-06-12 09:53:45.89,27888.96,27825,9016,27830,13539,27820,5223,27815,1513
2020-06-12 09:53:46.16,27888.96,27830,7998,27835,14557,27820,5223,27815,11567
2020-06-12 09:53:46.96,27888.96,27825,9016,27830,13739,27820,5223,27815,1513
2020-06-12 09:53:48.00,27888.96,27830,4513,27835,14557,27820,5223,27815,1513
2020-06-12 09:53:49.06,27888.96,27825,4513,27830,13639,27820,503,27815,6233
2020-06-12 09:53:49.36,27888.96,27830,4613,27835,14557,27820,5223,27815,11567
2020-06-12 09:53:50.09,27888.96,27830,4713,27835,14557,27820,5223,27815,11567
2020-06-12 09:53:51.14,27888.96,27830,4613,27835,14557,27820,5223,27815,11567
2020-06-12 09:53:51.59,27885.21,27835,4513,27840,13539,27825,4720,27820,10557
2020-06-12 09:53:52.72,27885.21,27835,4513,27840,13539,27830,4720,27820,10557
2020-06-12 09:53:53.77,27885.21,27830,4513,27835,14657,27825,4720,27820,503
2020-06-12 09:53:54.80,27885.21,27825,4513,27830,13539,27820,5223,27815,1513
2020-06-12 09:53:55.36,27885.21,27825,4513,27830,13539,27820,503,27815,6233
2020-06-12 09:53:56.06,27885.21,27825,4513,27830,13539,27820,503,27815,6233
2020-06-12 09:53:56.92,27885.21,27820,4010,27825,14557,27815,4733,27810,123
2020-06-12 09:53:57.98,27885.21,27815,5687,27820,15054,27810,123,27805,4730
2020-06-12 09:53:58.47,27885.21,27820,5686,27825,15054,27815,2,27810,4843
2020-06-12 09:53:59.54,27885.21,27820,5686,27825,15054,27815,2,27810,4846
2020-06-12 09:54:00.06,27885.21,27820,5686,27825,15054,27815,2,27810,4846
2020-06-12 09:54:00.86,27885.21,27820,5895,27825,15054,27810,4846,27805,10068
2020-06-12 09:54:02.59,27902.08,27820,5895,27825,15054,27810,4846,27805,10068
2020-06-12 09:54:03.76,27902.08,27820,5895,27825,15054,27815,5,27810,4846
2020-06-12 09:54:04.80,27902.08,27820,5895,27825,15054,27815,4725,27810,126
2020-06-12 09:54:05.26,27902.08,27820,5895,27825,15054,27815,4725,27810,126
2020-06-12 09:54:06.38,27902.08,27815,270,27820,5895,27810,4846,27805,10068
2020-06-12 09:54:07.41,27902.08,27815,5686,27820,15263,27810,126,27805,4734
2020-06-12 09:54:07.96,27902.08,27815,6286,27820,15263,27805,4734,27800,15465
2020-06-12 09:54:08.96,27902.08,27815,600,27820,5895,27810,4720,27805,10068
2020-06-12 09:54:10.04,27902.08,27820,5895,27825,15054,27810,5700,27805,10068
2020-06-12 09:54:11.10,27892.98,27820,5895,27825,15054,27810,5700,27805,10068
2020-06-12 09:54:12.16,27892.98,27815,5686,27820,209,27810,5700,27805,10068
2020-06-12 09:54:12.60,27892.98,27815,5686,27820,15263,27805,5714,27800,15465
2020-06-12 09:54:13.75,27892.98,27820,5895,27825,15054,27810,5700,27805,10068
2020-06-12 09:54:14.36,27892.98,27820,209,27825,5686,27815,5700,27810,10054
2020-06-12 09:54:15.33,27892.98,27825,5686,27830,15054,27820,5491,27810,10054
2020-06-12 09:54:16.38,27892.98,27825,5686,27830,15054,27820,5391,27815,1
2020-06-12 09:54:16.75,27892.98,27820,3739,27825,5686,27815,5392,27810,10054
2020-06-12 09:54:17.97,27892.98,27825,5686,27830,15054,27815,5361,27810,10054
2020-06-12 09:54:18.19,27892.98,27825,5686,27830,15054,27815,4977,27810,10054
2020-06-12 09:54:19.02,27892.98,27830,5686,27835,15054,27820,4977,27815,10054
2020-06-12 09:54:20.05,27892.98,27830,5686,27835,15054,27820,4977,27815,10054
2020-06-12 09:54:20.46,27886.91,27830,5686,27835,15054,27825,4977,27815,10054
2020-06-12 09:54:21.63,27886.91,27830,5686,27835,15054,27820,4977,27815,10054
2020-06-12 09:54:22.10,27886.91,27830,5686,27835,15054,27820,4977,27815,10054
2020-06-12 09:54:23.19,27886.91,27835,5686,27840,15054,27825,4977,27815,10054
2020-06-12 09:54:23.69,27886.91,27835,5686,27840,15054,27825,4977,27820,10054
2020-06-12 09:54:24.77,27886.91,27830,5686,27835,15054,27825,4977,27815,10054
2020-06-12 09:54:25.36,27886.91,27835,5686,27840,15054,27825,4977,27820,10054
2020-06-12 09:54:28.44,27886.91,27835,5686,27840,15054,27825,4977,27820,10054
2020-06-12 09:54:29.48,27886.91,27840,5686,27845,15208,27835,4976,27825,10054
2020-06-12 09:54:30.00,27886.91,27840,5686,27845,15208,27835,4976,27825,10054
2020-06-12 09:54:31.05,27886.91,27840,5686,27845,15208,27830,4976,27825,10054
2020-06-12 09:54:31.36,27900.17,27840,5686,27845,15208,27835,4976,27825,10054
2020-06-12 09:54:32.15,27900.17,27840,5686,27845,15208,27830,4976,27825,10054
2020-06-12 09:54:33.14,27900.17,27845,154,27850,5811,27840,4976,27835,10054
2020-06-12 09:54:33.76,27900.17,27845,154,27850,5811,27840,4776,27835,10054
2020-06-12 09:54:34.70,27900.17,27850,5811,27855,15054,27845,9634,27835,10054
2020-06-12 09:54:35.75,27900.17,27850,5811,27855,15054,27845,9634,27835,10054
2020-06-12 09:54:36.09,27900.17,27850,125,27855,5686,27845,9634,27840,10054
2020-06-12 09:54:37.34,27900.17,27860,5686,27865,35054,27850,4497,27845,15066
2020-06-12 09:54:37.86,27900.17,27860,5686,27865,15054,27850,4497,27845,15066
2020-06-12 09:54:38.59,27900.17,27855,5686,27860,15054,27845,9509,27840,10054
2020-06-12 09:54:39.45,27900.17,27850,5686,27860,15054,27845,9509,27835,10054
2020-06-12 09:54:40.48,27900.17,27850,5686,27855,15054,27845,9509,27835,10054
2020-06-12 09:54:41.00,27886.09,27850,5686,27855,15054,27845,5012,27840,4497
2020-06-12 09:54:42.03,27886.09,27845,4800,27850,15054,27835,4497,27830,10054
2020-06-12 09:54:43.07,27886.09,27845,5700,27850,14907,27835,4497,27830,10054
2020-06-12 09:54:44.12,27886.09,27845,20607,27850,5000,27835,4497,27825,10054
2020-06-12 09:54:45.18,27886.09,27840,5700,27845,14907,27830,4497,27825,10054
2020-06-12 09:54:45.59,27886.09,27840,5700,27845,14907,27830,4497,27825,10054
2020-06-12 09:54:46.74,27886.09,27835,5700,27840,14907,27830,4497,27820,10054
2020-06-12 09:54:47.06,27886.09,27835,5700,27840,14907,27825,4497,27820,10054
2020-06-12 09:54:48.35,27886.09,27830,4500,27835,14907,27820,4497,27815,10054
2020-06-12 09:54:48.85,27886.09,27830,4477,27835,14907,27820,4497,27815,10054
2020-06-12 09:54:49.93,27886.09,27830,4477,27835,14907,27820,4487,27815,10054
2020-06-12 09:54:50.26,27902.76,27830,4477,27835,14907,27820,4487,27815,10054
2020-06-12 09:54:51.01,27902.76,27835,4477,27840,14907,27825,4487,27820,10054
2020-06-12 09:54:52.07,27902.76,27835,4477,27840,14907,27825,4487,27820,10054
2020-06-12 09:54:52.37,27902.76,27840,4477,27845,14907,27835,4487,27825,10054
2020-06-12 09:54:53.63,27902.76,27845,4477,27850,34907,27840,5037,27835,4487
2020-06-12 09:54:54.05,27902.76,27845,4477,27850,14907,27840,5037,27835,4487
2020-06-12 09:54:54.90,27902.76,27845,4477,27850,14907,27840,9524,27830,10054
2020-06-12 09:54:55.74,27902.76,27840,4477,27845,14907,27830,4487,27825,10054
2020-06-12 09:54:56.80,27902.76,27840,4477,27845,14907,27830,4487,27825,10054
2020-06-12 09:54:57.26,27902.76,27840,4477,27845,14907,27835,4487,27825,10054
2020-06-12 09:54:58.38,27902.76,27840,4477,27845,14907,27830,4487,27825,10054
2020-06-12 09:54:59.96,27902.76,27845,4477,27850,14907,27835,4487,27830,10054
2020-06-12 09:55:01.52,27889.18,27845,19384,27850,5000,27835,4487,27825,10054
2020-06-12 09:55:02.58,27889.18,27845,19384,27850,5000,27835,4487,27825,10054
2020-06-12 09:55:03.00,27889.18,27845,4477,27850,14907,27835,4487,27830,10054
2020-06-12 09:55:04.19,27889.18,27850,4477,27855,14907,27840,4487,27835,10054
2020-06-12 09:55:04.75,27889.18,27850,4477,27855,14907,27840,4487,27835,10054
2020-06-12 09:55:05.75,27889.18,27845,4477,27850,14907,27840,4487,27830,10054
2020-06-12 09:55:06.82,27889.18,27850,4477,27855,14907,27840,4487,27835,10054
2020-06-12 09:55:08.38,27889.18,27850,4602,27855,14907,27840,4487,27835,10054
2020-06-12 09:55:08.75,27889.18,27850,4602,27855,14907,27840,4487,27835,10054
2020-06-12 09:55:10.11,27901.52,27850,125,27855,4477,27845,4487,27835,10054
2020-06-12 09:55:11.02,27901.52,27850,4602,27855,14907,27840,4487,27835,10054
2020-06-12 09:55:12.08,27901.52,27850,4602,27855,14907,27845,4487,27835,10054
2020-06-12 09:55:12.45,27901.52,27850,4602,27855,14907,27845,4487,27835,10054
2020-06-12 09:55:13.98,27901.52,27850,4602,27855,14907,27840,4487,27835,10054
2020-06-12 09:55:14.77,27901.52,27850,125,27855,4477,27845,4487,27840,10054
2020-06-12 09:55:15.78,27901.52,27850,125,27855,4477,27845,4487,27840,10054
2020-06-12 09:55:16.86,27901.52,27850,125,27855,4477,27845,4487,27840,10054
2020-06-12 09:55:17.56,27901.52,27850,125,27855,4477,27845,4487,27840,10054
2020-06-12 09:55:19.47,27901.52,27855,5700,27860,14907,27850,4362,27840,10054
2020-06-12 09:55:20.53,27901.52,27855,3303,27860,14907,27845,4362,27840,10054
2020-06-12 09:55:22.62,27885.49,27855,3303,27860,14907,27850,4362,27840,10054
2020-06-12 09:55:23.09,27885.49,27855,3303,27860,14907,27845,4362,27840,10054
2020-06-12 09:55:24.56,27885.49,27860,20607,27865,5000,27850,4362,27840,10054
2020-06-12 09:55:25.26,27885.49,27860,5700,27865,14907,27850,4362,27845,10054
2020-06-12 09:55:26.06,27885.49,27860,5700,27865,14907,27855,4362,27845,10054
2020-06-12 09:55:27.29,27885.49,27870,5700,27875,14958,27860,10062,27855,10054
2020-06-12 09:55:28.36,27885.49,27865,5700,27870,14907,27860,10062,27850,10054
2020-06-12 09:55:29.40,27885.49,27865,5700,27870,14907,27860,10062,27850,10054
2020-06-12 09:55:29.89,27885.49,27860,11400,27865,14907,27850,4362,27845,10054
2020-06-12 09:55:30.98,27885.49,27855,20607,27860,5000,27845,5700,27840,1
2020-06-12 09:55:32.04,27908.0,27850,5700,27855,14907,27845,5700,27840,1
2020-06-12 09:55:33.07,27908.0,27845,7038,27850,14907,27840,5701,27835,1
2020-06-12 09:55:33.56,27908.0,27845,5700,27850,14907,27840,5701,27835,1
2020-06-12 09:55:34.63,27908.0,27845,5700,27850,14907,27835,5701,27825,10054
2020-06-12 09:55:34.99,27908.0,27845,5700,27850,14907,27840,5700,27835,1
2020-06-12 09:55:37.09,27908.0,27850,5700,27855,14957,27840,5700,27835,10055
2020-06-12 09:55:37.79,27908.0,27845,5700,27850,14907,27840,5710,27835,1
2020-06-12 09:55:38.84,27908.0,27845,5700,27850,14907,27840,5710,27835,1
2020-06-12 09:55:39.16,27908.0,27845,5700,27850,14907,27840,5710,27835,1
2020-06-12 09:55:39.88,27908.0,27845,5700,27850,14907,27840,250,27835,5701
2020-06-12 09:55:40.96,27908.0,27850,20607,27855,5050,27840,5950,27835,1
2020-06-12 09:55:41.29,27896.25,27850,20607,27855,5050,27840,5950,27835,1
2020-06-12 09:55:42.05,27896.25,27855,5750,27860,14907,27845,5700,27840,10304
2020-06-12 09:55:44.07,27896.25,27855,20657,27860,5000,27845,5700,27840,250
2020-06-12 09:55:44.46,27896.25,27855,20657,27860,5000,27845,5700,27840,250
2020-06-12 09:55:45.63,27896.25,27850,5700,27855,14957,27845,5700,27840,250
2020-06-12 09:55:45.90,27896.25,27850,5700,27855,14957,27845,5700,27840,250
2020-06-12 09:55:46.69,27896.25,27845,1327,27850,20607,27840,5950,27835,1
2020-06-12 09:55:47.74,27896.25,27850,5700,27855,14957,27840,5950,27835,10055
2020-06-12 09:55:48.08,27896.25,27845,5700,27850,14907,27840,5950,27835,1
2020-06-12 09:55:48.86,27896.25,27840,6777,27845,14907,27835,5701,27825,10054
2020-06-12 09:55:49.82,27896.25,27845,5700,27850,14907,27835,5701,27830,10054
2020-06-12 09:55:50.29,27896.25,27845,5700,27850,14907,27835,5701,27825,10054
2020-06-12 09:55:51.07,27892.41,27845,5700,27850,14907,27835,5701,27830,10054
2020-06-12 09:55:53.25,27892.41,27850,20607,27855,5050,27840,5700,27835,1
2020-06-12 09:55:54.03,27892.41,27845,5700,27850,14907,27840,5700,27835,1
2020-06-12 09:55:55.08,27892.41,27850,5700,27855,14957,27840,5500,27835,10055
2020-06-12 09:55:55.66,27892.41,27850,20607,27855,5050,27840,5500,27835,1
2020-06-12 09:55:56.63,27892.41,27845,5700,27850,14907,27835,5501,27830,10054
2020-06-12 09:55:57.10,27892.41,27845,20607,27850,5000,27835,5501,27825,10054
2020-06-12 09:55:58.21,27892.41,27845,20607,27850,5000,27835,5501,27825,10054
2020-06-12 09:55:58.56,27892.41,27840,5700,27845,14907,27835,5501,27825,10054
2020-06-12 09:55:59.78,27892.41,27845,5700,27850,14907,27835,5501,27825,10054
2020-06-12 09:55:59.99,27892.41,27845,5700,27850,14907,27835,5501,27830,10054
2020-06-12 09:56:00.83,27884.9,27845,5700,27850,14907,27835,5501,27830,10054
2020-06-12 09:56:02.00,27884.9,27845,5700,27850,14907,27840,5500,27835,1
2020-06-12 09:56:02.95,27884.9,27845,5700,27850,14907,27835,5501,27830,10054
2020-06-12 09:56:03.45,27884.9,27845,5700,27850,14907,27835,5501,27830,10054
2020-06-12 09:56:04.53,27884.9,27845,5700,27850,14907,27840,5500,27835,1
2020-06-12 09:56:05.58,27884.9,27845,5700,27850,14907,27840,5500,27835,1
2020-06-12 09:56:06.69,27884.9,27840,6777,27845,14907,27835,5501,27830,112
2020-06-12 09:56:07.69,27884.9,27840,5699,27845,14907,27835,5501,27830,112
2020-06-12 09:56:08.75,27884.9,27845,5699,27850,24906,27835,5501,27830,10111
2020-06-12 09:56:09.09,27884.9,27845,30605,27850,14999,27835,5501,27830,112
2020-06-12 09:56:09.89,27884.9,27845,5699,27850,24906,27840,5500,27835,1
2020-06-12 09:56:10.86,27884.9,27845,5699,27850,24906,27840,5500,27835,1
2020-06-12 09:56:11.29,27887.18,27845,5699,27850,24906,27840,5500,27835,1
2020-06-12 09:56:12.42,27887.18,27845,5699,27850,24906,27835,5501,27830,10517
2020-06-12 09:56:12.79,27887.18,27845,5699,27850,24906,27835,15500,27830,10517
2020-06-12 09:56:14.00,27887.18,27845,5699,27850,24906,27835,15500,27830,20571
2020-06-12 09:56:16.15,27887.18,27840,1,27845,5699,27835,15500,27830,20571
2020-06-12 09:56:16.79,27887.18,27850,15698,27855,24956,27840,5500,27835,20054
2020-06-12 09:56:17.70,27887.18,27850,5699,27855,24956,27845,5500,27840,9999
2020-06-12 09:56:18.76,27887.18,27855,5749,27860,24906,27850,11199,27845,9999
2020-06-12 09:56:19.26,27887.18,27855,5701,27860,24906,27850,5500,27845,9999
2020-06-12 09:56:20.34,27887.18,27855,2,27860,30605,27850,5490,27845,9999
2020-06-12 09:56:20.79,27889.79,27855,30607,27860,14999,27845,5490,27840,9999
2020-06-12 09:56:21.93,27889.79,27855,5701,27860,24906,27845,15489,27840,20053
2020-06-12 09:56:22.35,27889.79,27855,2,27860,5699,27850,15489,27845,9999
2020-06-12 09:56:23.13,27889.79,27855,2,27860,30605,27850,5490,27845,9999
2020-06-12 09:56:24.06,27889.79,27855,5701,27860,24906,27850,5490,27845,9999
2020-06-12 09:56:24.59,27889.79,27855,5701,27860,24906,27850,5526,27845,9999
2020-06-12 09:56:25.65,27889.79,27850,6741,27855,24908,27845,5490,27840,9999
2020-06-12 09:56:26.16,27889.79,27855,30607,27860,14999,27845,5490,27840,9999
2020-06-12 09:56:27.23,27889.79,27855,30607,27860,14999,27845,5490,27840,9999
2020-06-12 09:56:27.59,27889.79,27850,30605,27855,15001,27840,5490,27835,10000
2020-06-12 09:56:28.46,27889.79,27845,5699,27850,24906,27840,5490,27835,10000
2020-06-12 09:56:29.35,27889.79,27840,1042,27845,30605,27835,5491,27830,10519
2020-06-12 09:56:30.40,27889.79,27845,30605,27850,14999,27835,5491,27830,10519
2020-06-12 09:56:30.79,27889.79,27840,5699,27845,24906,27835,5491,27830,10519
2020-06-12 09:56:31.98,27896.77,27840,5699,27845,24906,27835,5491,27830,10519
2020-06-12 09:56:32.12,27896.77,27840,4499,27845,24906,27835,1,27830,16009
2020-06-12 09:56:33.49,27896.77,27850,4499,27855,24908,27840,19988,27835,10000
2020-06-12 09:56:34.65,27896.77,27850,29405,27855,15001,27840,5490,27835,10000
2020-06-12 09:56:34.90,27896.77,27845,4484,27850,24906,27840,5490,27835,10000
2020-06-12 09:56:35.71,27896.77,27845,19391,27850,14999,27835,15490,27830,10519
2020-06-12 09:56:37.29,27896.77,27845,29390,27850,14999,27835,5491,27830,10519
2020-06-12 09:56:37.55,27896.77,27845,4484,27850,24906,27835,15486,27830,10519
2020-06-12 09:56:38.33,27896.77,27845,4484,27850,24906,27835,15486,27830,20573
2020-06-12 09:56:39.39,27896.77,27845,4484,27850,24906,27840,5487,27835,9999
2020-06-12 09:56:39.66,27896.77,27850,29390,27855,15001,27840,5487,27835,9999
2020-06-12 09:56:40.46,27896.77,27850,29390,27855,15001,27840,5487,27835,9999
2020-06-12 09:56:41.05,27910.79,27845,4484,27850,24906,27840,5487,27835,9999
2020-06-12 09:56:42.03,27910.79,27840,5526,27845,24906,27835,5487,27830,10519
2020-06-12 09:56:43.07,27910.79,27840,4484,27845,24906,27835,5487,27830,10519
2020-06-12 09:56:43.57,27910.79,27840,4484,27845,24906,27830,16006,27825,20053
2020-06-12 09:56:44.64,27910.79,27845,14459,27850,24906,27835,5487,27830,10519
2020-06-12 09:56:44.99,27910.79,27845,4460,27850,24906,27835,15486,27830,20573
2020-06-12 09:56:45.69,27910.79,27845,4287,27850,24906,27835,15486,27830,20573
2020-06-12 09:56:46.74,27910.79,27845,4287,27850,24906,27835,15486,27830,20573
2020-06-12 09:56:47.25,27910.79,27845,3787,27850,24906,27835,15486,27830,20573
2020-06-12 09:56:47.99,27910.79,27850,5700,27855,24908,27840,15495,27835,9999
2020-06-12 09:56:48.84,27910.79,27855,5702,27860,44906,27845,15486,27840,20062
2020-06-12 09:56:49.91,27910.79,27850,5700,27855,24908,27845,5487,27840,10008
2020-06-12 09:56:50.36,27912.15,27855,15701,27860,24906,27845,5487,27840,20062
2020-06-12 09:56:51.48,27912.15,27855,5702,27860,24906,27845,15486,27840,20062
2020-06-12 09:56:51.98,27912.15,27855,5702,27860,24906,27845,15486,27840,10008
2020-06-12 09:56:53.05,27912.15,27855,30608,27860,14999,27845,5487,27840,10008
2020-06-12 09:56:53.39,27912.15,27855,5702,27860,24906,27850,60,27845,15486
2020-06-12 09:56:54.16,27912.15,27855,5702,27860,24906,27845,15146,27840,20062
2020-06-12 09:56:55.14,27912.15,27855,2,27860,5700,27850,15146,27845,20053
2020-06-12 09:56:56.19,27912.15,27860,5700,27865,24906,27850,15146,27845,20053
2020-06-12 09:56:56.39,27912.15,27860,5700,27865,24906,27855,5147,27850,9999
2020-06-12 09:56:57.23,27912.15,27860,5700,27865,24906,27855,5147,27850,9999
2020-06-12 09:56:57.69,27912.15,27865,30606,27870,14999,27855,5147,27850,9999
2020-06-12 09:56:59.33,27912.15,27865,30606,27870,14999,27855,5147,27850,9999
2020-06-12 09:56:59.58,27912.15,27860,5700,27865,24906,27855,5147,27850,9999
2020-06-12 09:57:00.45,27912.15,27860,5825,27865,24906,27855,5147,27850,9999
2020-06-12 09:57:01.16,27894.1,27860,30731,27865,14999,27850,5147,27845,9999
2020-06-12 09:57:01.98,27894.1,27860,5825,27865,24906,27855,5147,27850,9999
2020-06-12 09:57:02.85,27894.1,27860,5825,27865,14907,27855,15066,27850,9999
2020-06-12 09:57:04.09,27894.1,27860,5825,27865,24906,27855,5067,27850,9999
2020-06-12 09:57:04.38,27894.1,27860,5825,27865,24906,27855,5067,27850,9999
2020-06-12 09:57:05.13,27894.1,27855,6744,27860,25031,27845,15066,27840,20062
2020-06-12 09:57:06.16,27894.1,27855,6744,27860,25031,27845,15066,27840,20062
2020-06-12 09:57:07.22,27894.1,27850,5700,27855,24906,27845,5067,27840,10008
2020-06-12 09:57:07.58,27894.1,27855,30606,27860,15124,27845,5067,27840,10008
2020-06-12 09:57:08.47,27894.1,27850,181,27855,5700,27845,15066,27840,20062
2020-06-12 09:57:09.10,27894.1,27850,181,27855,5950,27845,15066,27840,20062
2020-06-12 09:57:09.86,27894.1,27850,181,27855,5950,27845,15066,27840,20062
2020-06-12 09:57:11.44,27894.95,27850,208,27855,5950,27845,15066,27840,20062
2020-06-12 09:57:12.47,27894.95,27855,250,27860,5825,27850,4859,27845,20053
2020-06-12 09:57:12.80,27894.95,27855,250,27860,30731,27850,4859,27845,9999
2020-06-12 09:57:13.50,27894.95,27855,5950,27860,25031,27845,14858,27840,20062
2020-06-12 09:57:14.16,27894.95,27855,5950,27860,25031,27845,14858,27840,20062
2020-06-12 09:57:14.89,27894.95,27855,30856,27860,15124,27845,4859,27840,10008
2020-06-12 09:57:15.67,27894.95,27850,200,27855,5950,27845,14858,27840,20062
2020-06-12 09:57:16.70,27894.95,27850,200,27855,30856,27845,4859,27840,10008
2020-06-12 09:57:17.06,27894.95,27850,5900,27855,25158,27845,4859,27840,10008
2020-06-12 09:57:18.28,27894.95,27850,200,27855,5952,27845,14858,27840,10008
2020-06-12 09:57:18.69,27894.95,27850,5900,27855,25158,27845,4859,27840,10008
2020-06-12 09:57:19.84,27894.95,27845,1044,27850,30806,27840,4868,27835,9999
2020-06-12 09:57:20.26,27894.95,27845,1,27850,30606,27840,4668,27835,9999
2020-06-12 09:57:21.43,27898.13,27840,5691,27845,24906,27835,4659,27830,10519
2020-06-12 09:57:21.89,27898.13,27840,5691,27845,24906,27835,4659,27830,10519
2020-06-12 09:57:23.00,27898.13,27840,5691,27845,24906,27830,15178,27825,20053
2020-06-12 09:57:23.26,27898.13,27840,5691,27845,24906,27830,15178,27825,20053
2020-06-12 09:57:25.64,27898.13,27835,5691,27840,24906,27830,520,27825,14658
2020-06-12 09:57:26.09,27898.13,27835,5691,27840,24906,27830,520,27825,14658
2020-06-12 09:57:27.73,27898.13,27835,5691,27840,24906,27830,5179,27825,9999
2020-06-12 09:57:28.15,27898.13,27840,5691,27845,24906,27835,10350,27830,10519
2020-06-12 09:57:29.28,27898.13,27845,30597,27850,34999,27835,4659,27830,10519
2020-06-12 09:57:29.59,27898.13,27845,30597,27850,34999,27835,4659,27830,10519
2020-06-12 09:57:30.26,27898.13,27840,5691,27845,24906,27830,15178,27825,20053
2020-06-12 09:57:31.38,27893.74,27840,2,27845,5691,27835,14658,27830,20573
2020-06-12 09:57:31.59,27893.74,27845,5691,27850,24906,27835,14658,27830,20573
2020-06-12 09:57:32.43,27893.74,27845,5691,27850,24906,27840,4659,27835,9999
2020-06-12 09:57:35.04,27893.74,27845,5691,27850,24906,27835,14658,27830,20583
2020-06-12 09:57:35.29,27893.74,27845,5691,27850,24906,27840,4659,27835,9999
2020-06-12 09:57:36.59,27893.74,27855,5941,27860,25195,27845,20229,27840,20054
2020-06-12 09:57:37.66,27893.74,27850,5691,27855,25156,27845,10230,27840,10000
2020-06-12 09:57:37.99,27893.74,27850,30597,27855,15249,27845,5571,27840,4660
2020-06-12 09:57:38.76,27893.74,27850,30597,27855,15249,27840,1,27835,14658
2020-06-12 09:57:39.40,27893.74,27845,30597,27850,14999,27835,4659,27830,10529
2020-06-12 09:57:40.30,27893.74,27840,5691,27845,24906,27830,15188,27825,20053
2020-06-12 09:57:41.37,27898.06,27845,30597,27850,14999,27835,4659,27830,10529
2020-06-12 09:57:41.58,27898.06,27845,5691,27850,24906,27835,14658,27830,10529
2020-06-12 09:57:42.43,27898.06,27845,30597,27850,14999,27835,4659,27830,10529
2020-06-12 09:57:43.46,27898.06,27840,5691,27845,24906,27830,15188,27825,20053
2020-06-12 09:57:43.69,27898.06,27840,5691,27845,24906,27830,15188,27825,20053
2020-06-12 09:57:44.52,27898.06,27840,30597,27845,14999,27830,5189,27825,9999
2020-06-12 09:57:45.05,27898.06,27835,5691,27840,24906,27830,530,27825,14658
2020-06-12 09:57:45.96,27898.06,27825,6326,27830,24906,27820,512,27815,14708
2020-06-12 09:57:47.11,27898.06,27825,5161,27830,24906,27815,14708,27810,10109
2020-06-12 09:57:48.18,27898.06,27820,5161,27825,24906,27815,50,27810,14768
2020-06-12 09:57:49.22,27898.06,27820,5161,27825,24906,27815,50,27810,14768
2020-06-12 09:57:49.58,27898.06,27820,5161,27825,24906,27815,50,27810,14768
2020-06-12 09:57:50.82,27900.36,27820,30067,27825,14999,27810,4769,27805,10013
2020-06-12 09:57:51.25,27900.36,27820,30067,27825,14999,27810,4759,27805,10013
2020-06-12 09:57:52.38,27900.36,27820,5161,27825,24906,27810,14758,27805,20067
2020-06-12 09:57:53.42,27900.36,27820,5161,27825,24906,27815,4659,27810,10099
2020-06-12 09:57:53.78,27900.36,27825,30067,27830,14999,27815,4659,27810,10099
2020-06-12 09:57:55.00,27900.36,27825,30067,27830,14999,27815,4659,27810,10099
2020-06-12 09:57:55.28,27900.36,27825,30067,27830,14999,27815,4659,27810,10099
2020-06-12 09:57:56.06,27900.36,27825,5161,27830,24906,27815,14658,27810,20153
2020-06-12 09:57:56.66,27900.36,27825,5138,27830,24906,27820,4659,27815,9999
2020-06-12 09:57:57.66,27900.36,27825,5138,27830,24906,27820,4659,27815,9999
2020-06-12 09:57:57.86,27900.36,27825,5138,27830,24906,27820,4659,27815,9999
2020-06-12 09:57:58.72,27900.36,27825,5138,27830,24906,27820,4659,27815,9999
2020-06-12 09:57:59.09,27900.36,27825,5138,27830,24906,27820,4659,27815,9999
2020-06-12 09:58:00.31,27900.36,27820,1115,27825,30044,27815,4659,27810,10099
2020-06-12 09:58:00.66,27900.36,27820,30044,27825,14999,27810,4759,27805,10013
2020-06-12 09:58:01.89,27897.28,27820,30044,27825,15009,27810,4759,27805,10013
2020-06-12 09:58:02.30,27897.28,27820,30044,27825,15009,27810,4759,27805,10013
2020-06-12 09:58:03.48,27897.28,27815,1,27820,30044,27810,4759,27805,10013
2020-06-12 09:58:03.69,27897.28,27820,30044,27825,15009,27810,4759,27805,10013
2020-06-12 09:58:04.53,27897.28,27810,29944,27815,14999,27800,10114,27795,10036
2020-06-12 09:58:05.59,27897.28,27810,29894,27815,14999,27800,10114,27795,10036
2020-06-12 09:58:06.09,27897.28,27810,29894,27815,14999,27800,10114,27795,10036
2020-06-12 09:58:07.19,27897.28,27810,29894,27815,14999,27800,10114,27795,10036
2020-06-12 09:58:08.22,27897.28,27810,4988,27815,24906,27800,20113,27795,20090
2020-06-12 09:58:09.26,27897.28,27810,4988,27815,24906,27800,20113,27795,20090
2020-06-12 09:58:09.59,27897.28,27810,4988,27815,24906,27805,4659,27800,15454
2020-06-12 09:58:10.29,27897.28,27815,29894,27820,14999,27805,4659,27800,15454
2020-06-12 09:58:11.39,27878.78,27810,4988,27815,24906,27805,4659,27800,15454
2020-06-12 09:58:11.97,27878.78,27810,4988,27815,24906,27805,4659,27800,15454
2020-06-12 09:58:13.50,27878.78,27810,4988,27815,24906,27805,4679,27800,15454
2020-06-12 09:58:14.76,27878.78,27815,29894,27820,14999,27805,4679,27800,15454
2020-06-12 09:58:15.62,27878.78,27815,29894,27820,14999,27805,4679,27800,15454
2020-06-12 09:58:16.67,27878.78,27815,28694,27820,14999,27805,4679,27800,15454
2020-06-12 09:58:17.00,27878.78,27815,28694,27820,14999,27805,4679,27800,15454
2020-06-12 09:58:18.78,27878.78,27815,4988,27820,24906,27810,4659,27805,10019
2020-06-12 09:58:19.18,27878.78,27815,28694,27820,14999,27805,4679,27800,15454
2020-06-12 09:58:20.34,27878.78,27815,4988,27820,24906,27810,4659,27805,10019
2020-06-12 09:58:20.68,27877.14,27825,28704,27830,34999,27815,9647,27810,9999
2020-06-12 09:58:21.90,27877.14,27820,4988,27825,23716,27815,9647,27810,9999
2020-06-12 09:58:22.20,27877.14,27820,4988,27825,23706,27815,4978,27810,14658
2020-06-12 09:58:23.48,27877.14,27820,4988,27825,23706,27815,9637,27810,9999
2020-06-12 09:58:23.79,27877.14,27825,4988,27830,24906,27820,4988,27815,19566
2020-06-12 09:58:25.07,27877.14,27825,3820,27830,24906,27820,9647,27815,14907
2020-06-12 09:58:26.16,27877.14,27830,30606,27835,13989,27820,9647,27815,14907
2020-06-12 09:58:26.82,27877.14,27825,5700,27830,24906,27820,9647,27815,14907
2020-06-12 09:58:27.71,27877.14,27830,30606,27835,13989,27820,9647,27815,15907
2020-06-12 09:58:28.76,27877.14,27825,29406,27830,14999,27820,4988,27815,10567
2020-06-12 09:58:29.16,27877.14,27820,30606,27825,13799,27815,6208,27810,4659
2020-06-12 09:58:30.32,27877.14,27820,30606,27825,13799,27815,6208,27810,4659
2020-06-12 09:58:30.76,27877.14,27820,20607,27825,13799,27815,6208,27810,14658
2020-06-12 09:58:31.88,27879.29,27820,30606,27825,13799,27815,6208,27810,4659
2020-06-12 09:58:32.46,27879.29,27820,30606,27825,13801,27810,4659,27805,10033
2020-06-12 09:58:33.29,27879.29,27820,30606,27825,13801,27810,4659,27805,10033
2020-06-12 09:58:35.08,27879.29,27820,30606,27825,13801,27810,4659,27805,10033
2020-06-12 09:58:35.58,27879.29,27820,30606,27825,13801,27810,4659,27805,10033
2020-06-12 09:58:36.66,27879.29,27815,200,27820,30606,27810,4659,27805,10033
2020-06-12 09:58:37.08,27879.29,27815,200,27820,30606,27810,4659,27805,10033
2020-06-12 09:58:40.49,27879.29,27815,200,27820,30606,27810,4659,27805,10033
2020-06-12 09:58:43.19,27872.32,27820,5700,27825,23708,27810,14658,27805,10033
2020-06-12 09:58:44.05,27872.32,27820,30606,27825,13801,27810,4659,27805,10033
2020-06-12 09:58:46.10,27872.32,27825,5702,27830,24906,27815,14658,27810,9999
2020-06-12 09:58:46.36,27872.32,27825,29408,27830,14999,27815,4159,27810,9999
2020-06-12 09:58:47.14,27872.32,27820,5700,27825,23708,27815,4159,27810,9999
2020-06-12 09:58:48.19,27872.32,27820,5700,27825,23708,27815,4159,27810,9999
2020-06-12 09:58:48.49,27872.32,27820,30606,27825,13801,27810,5700,27805,10033
2020-06-12 09:58:49.31,27872.32,27820,20607,27825,13801,27810,15699,27805,10033
2020-06-12 09:58:50.06,27872.32,27820,5700,27825,23708,27815,5700,27810,9999
2020-06-12 09:58:50.79,27884.62,27825,29408,27830,14999,27815,5700,27810,9999
2020-06-12 09:58:51.89,27884.62,27825,29408,27830,14999,27815,5700,27810,9999
2020-06-12 09:58:52.31,27884.62,27825,29533,27830,14999,27815,5700,27810,9999
2020-06-12 09:58:52.98,27884.62,27825,5827,27830,24906,27815,15699,27810,20053
2020-06-12 09:58:53.99,27884.62,27825,127,27830,15699,27820,5700,27815,9999
2020-06-12 09:58:54.35,27884.62,27830,5700,27835,43896,27825,5700,27820,9999
2020-06-12 09:58:55.57,27884.62,27830,30606,27835,13989,27820,5700,27815,10009
2020-06-12 09:58:56.62,27884.62,27830,30606,27835,13989,27820,5700,27815,10009
2020-06-12 09:58:57.66,27884.62,27830,30606,27835,13989,27820,5700,27815,10009
2020-06-12 09:58:57.96,27884.62,27830,5700,27835,23896,27820,15699,27815,10009
2020-06-12 09:58:58.70,27884.62,27830,30606,27835,13989,27820,5700,27815,10009
2020-06-12 09:58:59.74,27884.62,27825,5700,27830,24906,27815,15709,27810,20053
2020-06-12 09:59:00.26,27884.62,27825,5700,27830,24906,27820,5700,27815,10009
2020-06-12 09:59:01.34,27893.4,27825,29406,27830,14999,27815,5710,27810,9999
2020-06-12 09:59:01.96,27893.4,27815,5690,27820,24906,27810,5700,27805,10033
2020-06-12 09:59:02.91,27893.4,27820,30596,27825,13799,27810,5700,27805,10033
2020-06-12 09:59:04.19,27893.4,27820,30596,27825,13799,27810,5714,27805,10033
2020-06-12 09:59:05.02,27893.4,27815,1,27820,30596,27810,5714,27805,10033
2020-06-12 09:59:06.07,27893.4,27815,29397,27820,14999,27810,14,27805,5734
2020-06-12 09:59:06.46,27893.4,27810,5690,27815,23707,27805,5734,27800,15476
2020-06-12 09:59:07.68,27893.4,27815,29397,27820,14999,27805,5734,27800,15476
2020-06-12 09:59:07.86,27893.4,27810,30596,27815,13800,27805,34,27800,11177
2020-06-12 09:59:08.46,27893.4,27810,30596,27815,13800,27800,11177,27795,10065
2020-06-12 09:59:09.08,27893.4,27810,30596,27815,13800,27800,11177,27795,10065
2020-06-12 09:59:09.77,27893.4,27810,30596,27815,13800,27800,11177,27795,10065
2020-06-12 09:59:11.00,27888.67,27805,5690,27810,24906,27800,5477,27795,15765
2020-06-12 09:59:11.78,27888.67,27805,15589,27810,24906,27800,5477,27795,5766
2020-06-12 09:59:13.06,27888.67,27800,6669,27805,23706,27795,66,27790,15818
2020-06-12 09:59:14.11,27888.67,27795,5524,27800,23706,27790,119,27785,15758
2020-06-12 09:59:15.15,27888.67,27805,30430,27810,33799,27795,11224,27790,10118
2020-06-12 09:59:16.20,27888.67,27805,30530,27810,33799,27795,11224,27790,10118
2020-06-12 09:59:16.69,27888.67,27805,30530,27810,13799,27795,11221,27790,10118
2020-06-12 09:59:17.78,27888.67,27805,30530,27810,13799,27795,11221,27790,10118
2020-06-12 09:59:18.11,27888.67,27805,15623,27810,23706,27795,21220,27790,10118
2020-06-12 09:59:18.86,27888.67,27800,5524,27805,25006,27795,11221,27790,10118
2020-06-12 09:59:19.64,27888.67,27805,30530,27810,13799,27795,11221,27790,10118
2020-06-12 09:59:20.45,27888.67,27805,30530,27810,13799,27795,11221,27790,10118
2020-06-12 09:59:20.97,27869.13,27805,5624,27810,23706,27800,5697,27795,15523
2020-06-12 09:59:22.04,27869.13,27805,5624,27810,23706,27795,21220,27790,20172
2020-06-12 09:59:22.36,27869.13,27805,100,27810,29230,27800,5687,27795,15523
2020-06-12 09:59:23.11,27869.13,27805,5624,27810,23706,27800,5687,27795,15523
2020-06-12 09:59:23.65,27869.13,27805,5624,27810,23706,27800,5687,27795,15523
2020-06-12 09:59:24.31,27869.13,27810,29230,27815,15000,27805,5624,27800,5587
2020-06-12 09:59:25.23,27869.13,27810,29230,27815,15000,27800,5587,27795,15523
2020-06-12 09:59:26.29,27869.13,27810,29230,27815,15000,27800,5587,27795,15523
2020-06-12 09:59:26.59,27869.13,27810,5524,27815,24907,27800,15586,27795,25577
2020-06-12 09:59:27.96,27869.13,27810,5524,27815,24907,27805,5587,27800,9999
2020-06-12 09:59:28.62,27869.13,27810,5524,27815,24907,27805,5587,27800,9999
2020-06-12 09:59:29.49,27869.13,27810,29230,27815,15000,27800,5587,27795,15523
2020-06-12 09:59:29.79,27869.13,27810,29230,27815,15000,27800,5587,27795,15523
2020-06-12 09:59:30.56,27869.13,27810,29230,27815,15000,27800,5587,27795,15523
2020-06-12 09:59:31.09,27843.38,27810,29230,27815,15000,27800,5537,27795,15523
2020-06-12 09:59:32.38,27843.38,27810,29230,27815,15000,27800,5537,27795,15525
2020-06-12 09:59:33.76,27843.38,27810,29230,27815,15000,27800,6537,27795,15525
2020-06-12 09:59:34.35,27843.38,27810,29230,27815,15000,27800,6537,27795,15525
2020-06-12 09:59:35.30,27843.38,27805,5524,27810,23706,27800,6537,27795,15525
2020-06-12 09:59:35.79,27843.38,27810,29230,27815,15000,27800,6537,27795,15525
2020-06-12 09:59:36.87,27843.38,27810,29230,27815,15000,27800,6537,27795,15525
2020-06-12 09:59:37.04,27843.38,27810,29230,27815,15000,27800,6537,27795,15525
2020-06-12 09:59:38.99,27843.38,27810,15523,27815,24907,27800,6417,27795,25579
2020-06-12 09:59:39.29,27843.38,27810,29230,27815,15000,27800,6417,27795,15525
2020-06-12 09:59:40.07,27843.38,27810,29230,27815,15000,27800,6253,27795,15525
2020-06-12 09:59:41.63,27854.49,27815,30431,27820,33799,27805,5253,27800,10999
2020-06-12 09:59:41.88,27854.49,27810,15523,27815,24907,27805,5253,27800,1000
2020-06-12 09:59:42.69,27854.49,27815,30431,27820,33799,27805,5253,27800,10999
2020-06-12 09:59:43.72,27854.49,27815,30431,27820,13799,27805,5253,27800,10999
2020-06-12 09:59:46.08,27854.49,27815,30431,27820,13799,27805,5253,27800,10999
2020-06-12 09:59:48.58,27854.49,27815,30431,27820,13799,27805,5253,27800,10999
2020-06-12 09:59:49.78,27854.49,27820,29230,27825,14976,27810,5253,27805,9999
2020-06-12 09:59:50.39,27854.49,27815,1,27820,29230,27810,5253,27805,9999
2020-06-12 09:59:51.58,27850.58,27825,30407,27830,33799,27815,5253,27810,9999
2020-06-12 09:59:52.05,27850.58,27830,25524,27835,45073,27820,20292,27815,20053
2020-06-12 09:59:53.17,27850.58,27835,190,27840,29730,27830,5253,27825,9999
2020-06-12 09:59:54.22,27850.58,27840,6024,27845,44883,27835,5253,27830,9999
2020-06-12 09:59:55.27,27850.58,27840,6024,27845,24883,27835,190,27830,5063
2020-06-12 09:59:56.31,27850.58,27840,29730,27845,14976,27830,5063,27820,25093
2020-06-12 09:59:57.34,27850.58,27840,29730,27845,14976,27830,5063,27820,25093
2020-06-12 09:59:57.66,27850.58,27840,500,27845,30407,27835,4863,27830,9999
2020-06-12 09:59:58.45,27850.58,27840,500,27845,30407,27835,4863,27830,9999
2020-06-12 09:59:59.78,27850.58,27840,19731,27845,14976,27830,14862,27825,9999
2020-06-12 10:00:01.02,27858.86,27840,28530,27845,14976,27830,4863,27825,9999
2020-06-12 10:00:01.39,27858.86,27845,29707,27850,13799,27835,4863,27830,9999
2020-06-12 10:00:02.56,27858.86,27840,28530,27845,14976,27830,4863,27825,9999
2020-06-12 10:00:03.62,27858.86,27840,28530,27845,14976,27830,4863,27825,9999
2020-06-12 10:00:04.65,27858.86,27840,4824,27845,24883,27830,14862,27825,20053
2020-06-12 10:00:05.15,27858.86,27845,29707,27850,13799,27835,4863,27830,9999
2020-06-12 10:00:06.23,27858.86,27845,4824,27850,23706,27835,14862,27830,20053
2020-06-12 10:00:07.29,27858.86,27850,28530,27855,15226,27840,4863,27835,9999
2020-06-12 10:00:08.34,27858.86,27845,4824,27850,23706,27835,14862,27830,20053
2020-06-12 10:00:09.39,27858.86,27845,4824,27850,23706,27835,14862,27830,9999
2020-06-12 10:00:10.47,27858.86,27845,29707,27850,13799,27835,4863,27830,9999
2020-06-12 10:00:11.51,27880.61,27845,4824,27850,23706,27840,4863,27835,9999
2020-06-12 10:00:12.56,27880.61,27845,29707,27850,13799,27835,4863,27830,9999
2020-06-12 10:00:14.14,27880.61,27835,19708,27840,13799,27825,4863,27820,15059
2020-06-12 10:00:14.59,27880.61,27840,28530,27845,34976,27830,4863,27825,9999
2020-06-12 10:00:15.71,27880.61,27835,29707,27840,13799,27825,4863,27820,15059
2020-06-12 10:00:16.26,27880.61,27835,29707,27840,13799,27825,4863,27820,15059
2020-06-12 10:00:16.99,27880.61,27825,4824,27830,23706,27820,9923,27815,9999
2020-06-12 10:00:17.81,27880.61,27825,29707,27830,13799,27820,5060,27815,4863
2020-06-12 10:00:18.85,27880.61,27820,4824,27825,24883,27815,4863,27810,9999
2020-06-12 10:00:19.92,27880.61,27815,30495,27820,13799,27805,4863,27800,10999
2020-06-12 10:00:20.96,27880.61,27815,30495,27820,13799,27805,4863,27800,10999
2020-06-12 10:00:21.35,27882.55,27810,29318,27815,14976,27800,5863,27795,15525
2020-06-12 10:00:22.29,27882.55,27805,30495,27810,14007,27800,1000,27795,10389
2020-06-12 10:00:23.59,27882.55,27800,28308,27805,14976,27795,5526,27790,4987
2020-06-12 10:00:23.99,27882.55,27805,29485,27810,14007,27795,10389,27790,10123
2020-06-12 10:00:25.16,27882.55,27805,29485,27810,14007,27795,10389,27790,10123
2020-06-12 10:00:25.62,27882.55,27805,29485,27810,14007,27795,10389,27790,10123
2020-06-12 10:00:26.74,27882.55,27805,29485,27810,14007,27795,10389,27790,10123
2020-06-12 10:00:27.08,27882.55,27805,29485,27810,14007,27795,10389,27790,10123
2020-06-12 10:00:28.30,27882.55,27800,28308,27805,14976,27795,5526,27790,4987
2020-06-12 10:00:28.68,27882.55,27800,28308,27805,14976,27795,5526,27790,4997
2020-06-12 10:00:29.87,27882.55,27795,24795,27800,18489,27790,134,27785,4923
2020-06-12 10:00:30.26,27882.55,27795,29485,27800,13799,27790,134,27785,4923
2020-06-12 10:00:31.41,27879.62,27790,28174,27795,14976,27785,60,27780,5101
2020-06-12 10:00:32.47,27879.62,27785,4496,27790,24818,27780,5101,27775,10234
2020-06-12 10:00:33.52,27879.62,27785,29314,27790,14999,27780,238,27775,5098
2020-06-12 10:00:34.55,27879.62,27790,4496,27795,44818,27785,29314,27780,15100
2020-06-12 10:00:35.60,27879.62,27790,29314,27795,34999,27785,32528,27780,5100
2020-06-12 10:00:36.63,27879.62,27785,26100,27790,14999,27780,237,27775,5098
2020-06-12 10:00:37.68,27879.62,27775,27069,27780,14999,27770,101,27765,4966
2020-06-12 10:00:38.74,27879.62,27780,30283,27785,11785,27770,4863,27765,10102
2020-06-12 10:00:39.80,27879.62,27780,30283,27785,11785,27770,4863,27765,10102
2020-06-12 10:00:40.85,27879.62,27780,30283,27785,11785,27770,4863,27765,10102
2020-06-12 10:00:41.89,27860.11,27770,2,27775,27069,27765,4966,27760,10117
2020-06-12 10:00:42.92,27860.11,27780,50283,27785,31785,27770,4833,27765,9999
2020-06-12 10:00:43.45,27860.11,27780,50283,27785,31785,27770,4843,27765,9999
2020-06-12 10:00:44.36,27860.11,27780,20409,27785,11785,27775,4833,27770,10009
2020-06-12 10:00:45.58,27860.11,27780,30408,27785,11785,27770,4843,27765,9999
2020-06-12 10:00:46.63,27860.11,27780,20409,27785,11785,27770,14842,27765,9999
2020-06-12 10:00:47.09,27860.11,27780,30408,27785,11785,27770,4843,27765,9999
2020-06-12 10:00:48.19,27860.11,27780,125,27785,27069,27775,4828,27770,10009
2020-06-12 10:00:49.25,27860.11,27780,125,27785,27069,27775,4828,27770,10009
2020-06-12 10:00:49.69,27860.11,27780,125,27785,27069,27775,4828,27770,10009
2020-06-12 10:00:50.81,27860.11,27790,30283,27795,11785,27780,4828,27775,9999
2020-06-12 10:00:51.30,27867.99,27785,27069,27790,14999,27775,4828,27770,10009
2020-06-12 10:00:52.37,27867.99,27790,30283,27795,11785,27780,4828,27775,9999
2020-06-12 10:00:52.95,27867.99,27795,27069,27800,14999,27785,4828,27780,9999
2020-06-12 10:00:53.95,27867.99,27790,30283,27795,11785,27785,4818,27775,9999
2020-06-12 10:00:54.56,27867.99,27790,20284,27795,11785,27780,14817,27775,9999
2020-06-12 10:00:55.53,27867.99,27785,27069,27790,5000,27780,4818,27775,9999
2020-06-12 10:00:56.59,27867.99,27785,27069,27790,14999,27775,4818,27770,10009
2020-06-12 10:00:56.98,27867.99,27785,27069,27790,14999,27775,4818,27770,10009
2020-06-12 10:00:58.18,27867.99,27780,20284,27785,11785,27770,14827,27765,9999
2020-06-12 10:00:58.48,27867.99,27780,30283,27785,11785,27770,4828,27765,9999
2020-06-12 10:00:59.30,27867.99,27770,30283,27775,11785,27760,4946,27755,10124
2020-06-12 10:01:00.26,27867.99,27765,27069,27770,14999,27760,128,27755,4943
2020-06-12 10:01:01.38,27861.51,27765,27069,27770,14999,27760,13,27755,4943
2020-06-12 10:01:02.44,27861.51,27765,17070,27770,14999,27760,4831,27755,125
2020-06-12 10:01:03.05,27861.51,27755,16945,27760,14999,27750,5638,27745,10149
2020-06-12 10:01:04.20,27861.51,27745,9999,27750,18848,27740,4968,27735,364
2020-06-12 10:01:05.56,27861.51,27750,24548,27755,9999,27745,23,27740,4968
2020-06-12 10:01:06.75,27861.51,27740,18698,27745,15699,27735,5182,27730,253
2020-06-12 10:01:07.86,27861.51,27750,24398,27755,9999,27740,23516,27735,10363
2020-06-12 10:01:08.95,27861.51,27745,24398,27750,9999,27740,18698,27735,5182
2020-06-12 10:01:09.95,27861.51,27740,9999,27745,24696,27735,5182,27730,253
2020-06-12 10:01:11.00,27853.98,27745,1700,27750,24398,27740,4818,27735,10363
2020-06-12 10:01:12.03,27853.98,27755,24396,27760,29999,27745,6518,27740,9999
2020-06-12 10:01:13.09,27853.98,27755,24396,27760,29999,27745,6518,27740,9999
2020-06-12 10:01:13.65,27853.98,27760,24398,27765,9997,27750,4818,27745,11699
2020-06-12 10:01:14.48,27853.98,27770,44398,27775,29997,27755,14175,27750,20053
2020-06-12 10:01:15.72,27853.98,27770,20000,27775,44396,27765,10797,27760,9999
2020-06-12 10:01:16.76,27853.98,27780,5700,27785,18696,27770,15699,27765,25150
2020-06-12 10:01:17.36,27853.98,27785,24396,27790,9999,27775,5700,27770,9999
2020-06-12 10:01:18.34,27853.98,27790,24398,27795,9997,27780,5700,27775,9999
2020-06-12 10:01:19.40,27853.98,27790,24398,27795,9997,27780,5700,27775,9999
2020-06-12 10:01:20.46,27853.98,27790,5700,27795,18696,27785,5700,27780,9999
2020-06-12 10:01:20.79,27846.28,27795,5700,27800,18698,27790,5591,27785,9999
2020-06-12 10:01:22.03,27846.28,27790,5591,27795,7700,27785,15590,27780,20053
2020-06-12 10:01:23.07,27846.28,27795,7700,27800,18698,27790,60,27785,15590
2020-06-12 10:01:23.49,27846.28,27795,7700,27800,18698,27790,5651,27785,9999
2020-06-12 10:01:24.67,27846.28,27800,24398,27805,9997,27790,5651,27785,9999
2020-06-12 10:01:24.99,27846.28,27800,5700,27805,18696,27790,15650,27785,20053
2020-06-12 10:01:26.24,27846.28,27800,2000,27805,24396,27795,5591,27790,10059
2020-06-12 10:01:26.49,27846.28,27800,7700,27805,18696,27790,15757,27785,20053
2020-06-12 10:01:27.31,27846.28,27795,24396,27800,11999,27780,15699,27775,20053
2020-06-12 10:01:28.38,27846.28,27785,5700,27790,18698,27780,5700,27775,9999
2020-06-12 10:01:29.43,27846.28,27785,7600,27790,18698,27775,15699,27770,20053
2020-06-12 10:01:30.48,27846.28,27785,7600,27790,18698,27775,15699,27770,9999
2020-06-12 10:01:30.96,27828.1,27785,26296,27790,9999,27775,5700,27770,9999
2020-06-12 10:01:32.05,27828.1,27775,5700,27780,18698,27770,5700,27765,15096
2020-06-12 10:01:32.55,27828.1,27780,24398,27785,9997,27770,5700,27765,15096
2020-06-12 10:01:33.63,27828.1,27785,15697,27790,38698,27775,5700,27770,9999
2020-06-12 10:01:34.68,27828.1,27785,5700,27790,38698,27780,5700,27775,9999
2020-06-12 10:01:35.05,27828.1,27790,5950,27795,18696,27780,15699,27775,20053
2020-06-12 10:01:36.29,27828.1,27780,24398,27785,9997,27770,5781,27765,15096
2020-06-12 10:01:36.69,27828.1,27780,24398,27785,9997,27770,5781,27765,15096
2020-06-12 10:01:37.88,27828.1,27775,1,27780,5700,27770,15779,27765,15096
2020-06-12 10:01:38.29,27828.1,27785,24396,27790,32049,27775,5720,27770,10080
2020-06-12 10:01:39.10,27828.1,27785,5700,27790,40748,27775,15719,27770,20134
2020-06-12 10:01:39.97,27828.1,27785,7082,27790,18973,27780,5699,27775,10020
2020-06-12 10:01:41.02,27827.77,27780,5682,27785,18696,27775,5720,27770,10080
2020-06-12 10:01:42.07,27827.77,27780,7382,27785,18696,27775,5720,27770,10080
2020-06-12 10:01:43.13,27827.77,27775,24378,27780,11799,27770,81,27765,10796
2020-06-12 10:01:44.16,27827.77,27775,5601,27780,20498,27765,20795,27760,20053
2020-06-12 10:01:44.66,27827.77,27775,16100,27780,9999,27765,20795,27760,9999
2020-06-12 10:01:45.74,27827.77,27765,4401,27770,18698,27755,15698,27750,9999
2020-06-12 10:01:46.78,27827.77,27755,5700,27760,18192,27745,17400,27740,20053
2020-06-12 10:01:47.83,27827.77,27760,5700,27765,18190,27755,5699,27750,9999
2020-06-12 10:01:48.88,27827.77,27760,5700,27765,18190,27755,5699,27750,9999
2020-06-12 10:01:49.36,27827.77,27765,23890,27770,9999,27755,5699,27750,9999
2020-06-12 10:01:50.42,27827.77,27765,23890,27770,9999,27755,5699,27750,9999
2020-06-12 10:01:51.49,27834.63,27760,23155,27765,9997,27750,5699,27745,11701
2020-06-12 10:01:52.05,27834.63,27760,5700,27765,18190,27750,15698,27745,11701
2020-06-12 10:01:52.95,27834.63,27760,25592,27765,9997,27750,5699,27745,11701
2020-06-12 10:01:55.19,27834.63,27760,23892,27765,9997,27750,5699,27745,11701
2020-06-12 10:01:56.25,27834.63,27760,23892,27765,9997,27750,5699,27745,11701
2020-06-12 10:01:56.69,27834.63,27765,23890,27770,9999,27755,5699,27750,9999
2020-06-12 10:01:57.80,27834.63,27760,23892,27765,11697,27750,5699,27745,11701
2020-06-12 10:01:58.84,27834.63,27765,1700,27770,23892,27755,15698,27750,20053
2020-06-12 10:01:59.89,27834.63,27760,5700,27765,19890,27755,5699,27750,9999
2020-06-12 10:02:00.36,27824.71,27760,15593,27765,9997,27750,5699,27745,11701
2020-06-12 10:02:01.48,27824.71,27760,25592,27765,9997,27750,5699,27745,11701
2020-06-12 10:02:02.53,27824.71,27760,14143,27765,9997,27750,15698,27745,11701
2020-06-12 10:02:02.98,27824.71,27770,43892,27775,29997,27755,15698,27750,20053
2020-06-12 10:02:03.95,27824.71,27770,23892,27775,29997,27760,5699,27755,9999
2020-06-12 10:02:05.15,27824.71,27775,43890,27780,29999,27765,5699,27760,9999
2020-06-12 10:02:05.76,27824.71,27770,5700,27775,38190,27760,15698,27755,9999
2020-06-12 10:02:06.73,27824.71,27775,23890,27780,9999,27765,5699,27760,9999
2020-06-12 10:02:07.78,27824.71,27780,23892,27785,30029,27770,5699,27765,9999
2020-06-12 10:02:08.26,27824.71,27780,23892,27785,30029,27770,5699,27765,9999
2020-06-12 10:02:09.37,27824.71,27780,23892,27785,10029,27770,5699,27765,9999
2020-06-12 10:02:09.95,27824.71,27775,23890,27780,11499,27765,5699,27760,9999
2020-06-12 10:02:10.93,27837.54,27775,5700,27780,18392,27765,15698,27760,20113
2020-06-12 10:02:11.98,27837.54,27775,1,27780,25092,27770,4871,27765,9999
2020-06-12 10:02:13.03,27837.54,27775,1,27780,25092,27770,4871,27765,9999
2020-06-12 10:02:13.56,27837.54,27780,5700,27785,18222,27770,14870,27765,20053
2020-06-12 10:02:14.46,27837.54,27780,25092,27785,10029,27775,4869,27765,9999
2020-06-12 10:02:15.67,27837.54,27775,7666,27780,18192,27765,15699,27760,10059
2020-06-12 10:02:16.71,27837.54,27775,5700,27780,18192,27770,5700,27765,9999
2020-06-12 10:02:17.26,27837.54,27785,23922,27790,30405,27775,5680,27770,9999
2020-06-12 10:02:18.15,27837.54,27785,23922,27790,30405,27775,5680,27770,9999
2020-06-12 10:02:19.34,27837.54,27785,23922,27790,10405,27775,5680,27770,9999
2020-06-12 10:02:19.79,27837.54,27785,23922,27790,10405,27775,5680,27770,9999
2020-06-12 10:02:20.91,27837.54,27785,23922,27790,10405,27775,5680,27770,9999
2020-06-12 10:02:21.98,27826.28,27785,32,27790,24298,27780,5680,27775,9999
2020-06-12 10:02:22.35,27826.28,27785,5732,27790,18598,27775,15679,27770,20053
2020-06-12 10:02:23.52,27826.28,27785,23922,27790,10405,27775,5680,27770,9999
2020-06-12 10:02:24.58,27826.28,27785,5732,27790,18598,27780,5670,27775,9999
2020-06-12 10:02:24.96,27826.28,27790,6106,27795,38190,27785,5630,27780,9999
2020-06-12 10:02:26.13,27826.28,27790,406,27795,5700,27785,15619,27780,20053
2020-06-12 10:02:27.18,27826.28,27790,5701,27795,18190,27785,5200,27780,9999
2020-06-12 10:02:27.58,27826.28,27785,8278,27790,18192,27775,5200,27770,20053
2020-06-12 10:02:28.74,27826.28,27785,26468,27790,9999,27775,5200,27770,9999
2020-06-12 10:02:29.08,27826.28,27785,5700,27790,18192,27780,5200,27775,9999
2020-06-12 10:02:29.79,27826.28,27785,23890,27790,9999,27775,5200,27770,9999
2020-06-12 10:02:30.80,27826.28,27785,13893,27790,9999,27775,5200,27770,10099
2020-06-12 10:02:31.25,27825.48,27785,5700,27790,18192,27780,5107,27775,9999
2020-06-12 10:02:32.38,27825.48,27785,5700,27790,18192,27780,5117,27775,9999
2020-06-12 10:02:32.85,27825.48,27780,2568,27785,23890,27775,5107,27770,10099
2020-06-12 10:02:33.94,27825.48,27790,23892,27795,9997,27780,5107,27775,9999
2020-06-12 10:02:35.00,27825.48,27785,15697,27790,18192,27775,5107,27770,20153
2020-06-12 10:02:35.49,27825.48,27780,23892,27785,9997,27770,5207,27765,9999
2020-06-12 10:02:36.57,27825.48,27775,5700,27780,18317,27770,5207,27765,9999
2020-06-12 10:02:37.63,27825.48,27775,23890,27780,10124,27765,5107,27760,10059
2020-06-12 10:02:37.99,27825.48,27775,23890,27780,10124,27765,5107,27760,10059
2020-06-12 10:02:39.19,27825.48,27775,23890,27780,10124,27765,5107,27760,10059
2020-06-12 10:02:39.41,27825.48,27775,23890,27780,10124,27765,5107,27760,10059
2020-06-12 10:02:40.24,27825.48,27775,5700,27780,18317,27770,5107,27765,9999
2020-06-12 10:02:40.75,27820.4,27775,5700,27780,18327,27770,5107,27765,9999
2020-06-12 10:02:41.49,27820.4,27775,5700,27780,18327,27765,15106,27760,10059
2020-06-12 10:02:42.40,27820.4,27775,23890,27780,10134,27765,5107,27760,10059
2020-06-12 10:02:43.26,27820.4,27775,23890,27780,10134,27765,5107,27760,10059
2020-06-12 10:02:44.48,27820.4,27780,24027,27785,9997,27770,5127,27765,9999
2020-06-12 10:02:44.86,27820.4,27780,5835,27785,18190,27775,5107,27770,10019
2020-06-12 10:02:46.09,27820.4,27780,5835,27785,18190,27770,15126,27765,9999
2020-06-12 10:02:46.65,27820.4,27780,135,27785,23890,27775,5107,27770,10019
2020-06-12 10:02:47.35,27820.4,27785,15697,27790,18192,27780,4972,27770,10019
2020-06-12 10:02:48.20,27820.4,27780,23892,27785,9997,27770,4992,27765,9999
2020-06-12 10:02:49.24,27820.4,27775,23890,27780,9999,27770,15,27765,4972
2020-06-12 10:02:49.79,27820.4,27775,23885,27780,9999,27765,4972,27760,10059
2020-06-12 10:02:50.85,27820.48,27775,23885,27780,9999,27765,4972,27760,10059
2020-06-12 10:02:51.92,27820.48,27770,23892,27775,9992,27760,5032,27755,9999
2020-06-12 10:02:52.26,27820.48,27770,5700,27775,18185,27765,4972,27760,10059
2020-06-12 10:02:53.26,27820.48,27770,23892,27775,9992,27760,5032,27755,9999
2020-06-12 10:02:54.19,27820.48,27770,23892,27775,9992,27760,5032,27755,9999
2020-06-12 10:02:55.05,27820.48,27780,23892,27785,29992,27770,24,27765,14971
2020-06-12 10:02:56.24,27820.48,27780,23892,27785,29992,27770,4996,27765,9999
2020-06-12 10:02:56.86,27820.48,27785,23885,27790,9999,27775,4972,27770,10023
2020-06-12 10:02:57.83,27820.48,27780,5700,27785,18185,27775,4972,27770,10023
2020-06-12 10:02:58.88,27820.48,27785,15692,27790,18192,27780,4972,27770,20077
2020-06-12 10:02:59.46,27820.48,27780,1700,27785,23885,27775,4972,27770,10023
2020-06-12 10:03:00.46,27825.97,27785,23885,27790,9999,27775,4972,27770,10023
2020-06-12 10:03:01.52,27825.97,27775,23885,27780,9999,27770,24,27765,4972
2020-06-12 10:03:02.05,27825.97,27775,23885,27780,9999,27765,4972,27760,10081
2020-06-12 10:03:02.96,27825.97,27770,23882,27775,9992,27760,5054,27755,9999
2020-06-12 10:03:04.16,27825.97,27770,5659,27775,18185,27765,4972,27760,10081
2020-06-12 10:03:05.20,27825.97,27770,5659,27775,18185,27765,4975,27760,10081
2020-06-12 10:03:05.69,27825.97,27770,5659,27775,18185,27765,4975,27760,10081
2020-06-12 10:03:06.78,27825.97,27770,5659,27775,18185,27765,4975,27760,10081
2020-06-12 10:03:07.36,27825.97,27770,5659,27775,18185,27765,4975,27760,10081
2020-06-12 10:03:08.09,27825.97,27770,5659,27775,18185,27765,4975,27760,10081
2020-06-12 10:03:08.89,27825.97,27770,23851,27775,9992,27765,3,27760,5054
2020-06-12 10:03:09.91,27825.97,27765,13852,27770,9999,27760,82,27755,14971
2020-06-12 10:03:10.45,27825.97,27770,23851,27775,9992,27760,5054,27755,9999
2020-06-12 10:03:11.36,27819.36,27760,23769,27765,9992,27750,5018,27745,11705
2020-06-12 10:03:12.55,27819.36,27760,23769,27765,9992,27750,5018,27745,11705
2020-06-12 10:03:14.09,27819.36,27765,23762,27770,29999,27755,4972,27750,10045
2020-06-12 10:03:15.19,27819.36,27765,23762,27770,29999,27755,4972,27750,10045
2020-06-12 10:03:15.59,27819.36,27770,43769,27775,29992,27760,4972,27755,9999
2020-06-12 10:03:16.78,27819.36,27765,13770,27770,9999,27755,14971,27750,10045
2020-06-12 10:03:17.36,27819.36,27765,23762,27770,9999,27755,4972,27750,10045
2020-06-12 10:03:18.29,27819.36,27765,23762,27770,10006,27755,4972,27750,10045
2020-06-12 10:03:19.89,27819.36,27770,23776,27775,9992,27760,4972,27755,9999
2020-06-12 10:03:20.97,27819.36,27770,7,27775,23762,27765,4972,27760,9999
2020-06-12 10:03:21.45,27814.31,27780,43769,27785,29992,27770,9992,27765,9999
2020-06-12 10:03:22.57,27814.31,27780,23769,27785,9992,27770,9992,27765,9999
2020-06-12 10:03:23.62,27814.31,27780,9999,27785,23762,27775,4972,27770,5020
2020-06-12 10:03:24.15,27814.31,27790,43769,27795,29992,27780,4971,27775,9999
2020-06-12 10:03:25.26,27814.31,27790,23769,27795,29992,27780,4971,27775,9999
2020-06-12 10:03:26.18,27814.31,27790,23769,27795,29992,27780,4971,27775,9999
2020-06-12 10:03:27.32,27814.31,27785,23762,27790,9999,27775,4821,27770,15019
2020-06-12 10:03:27.79,27814.31,27780,23769,27785,9992,27770,9841,27765,9999
2020-06-12 10:03:28.88,27814.31,27780,23769,27785,9992,27770,9841,27760,20053
2020-06-12 10:03:29.38,27814.31,27780,22569,27785,9992,27770,9841,27760,20053
2020-06-12 10:03:30.48,27814.31,27775,22562,27780,9999,27770,5020,27765,4821
2020-06-12 10:03:30.96,27819.5,27775,22562,27780,9999,27770,5020,27765,4821
2020-06-12 10:03:32.04,27819.5,27775,22562,27780,9999,27770,2597,27765,4821
2020-06-12 10:03:32.56,27819.5,27775,209,27780,22569,27770,7418,27760,20053
2020-06-12 10:03:33.38,27819.5,27775,22771,27780,9999,27770,2597,27765,4821
2020-06-12 10:03:35.73,27819.5,27775,22771,27780,9999,27770,2597,27765,4821
2020-06-12 10:03:36.74,27819.5,27765,23885,27770,9999,27755,4821,27750,10100
2020-06-12 10:03:37.35,27819.5,27765,23885,27770,9999,27755,4821,27750,10100
2020-06-12 10:03:38.33,27819.5,27765,23885,27770,9999,27755,4821,27750,10100
2020-06-12 10:03:38.79,27819.5,27765,23885,27770,9999,27755,4821,27750,10100
2020-06-12 10:03:39.91,27819.5,27760,171,27765,23885,27755,4821,27750,10100
2020-06-12 10:03:40.26,27819.5,27760,24063,27765,9992,27750,4867,27745,11760
2020-06-12 10:03:41.47,27835.98,27760,24062,27765,9992,27750,4867,27745,11760
2020-06-12 10:03:41.85,27835.98,27760,24062,27765,9992,27750,4867,27745,11760
2020-06-12 10:03:43.04,27835.98,27760,24226,27765,9992,27755,4821,27750,46
2020-06-12 10:03:43.46,27835.98,27760,24226,27765,9992,27750,4867,27745,11760
2020-06-12 10:03:44.63,27835.98,27755,13893,27760,10333,27750,4867,27745,1706
2020-06-12 10:03:45.08,27835.98,27760,334,27765,23885,27755,18714,27750,10100
2020-06-12 10:03:46.21,27835.98,27760,24226,27765,9992,27755,13893,27750,4867
2020-06-12 10:03:46.75,27835.98,27760,26087,27765,9992,27750,4867,27745,11760
2020-06-12 10:03:47.58,27835.98,27760,26087,27765,9992,27750,4867,27745,11760
2020-06-12 10:03:48.28,27835.98,27755,25746,27760,10333,27750,46,27745,6527
2020-06-12 10:03:49.38,27835.98,27755,25746,27760,10333,27750,46,27745,6527
2020-06-12 10:03:50.42,27835.98,27755,25746,27760,10333,27750,100,27745,6527
2020-06-12 10:03:50.78,27822.61,27755,25742,27760,10333,27745,4827,27740,10069
2020-06-12 10:03:51.58,27822.61,27755,25742,27760,10333,27745,6027,27740,10069
2020-06-12 10:03:52.53,27822.61,27755,25742,27760,10333,27745,4827,27740,10069
2020-06-12 10:03:53.58,27822.61,27755,25742,27760,10333,27750,4821,27745,1806
2020-06-12 10:03:54.63,27822.61,27755,25742,27760,10333,27745,6627,27740,20068
2020-06-12 10:03:55.05,27822.61,27755,25742,27760,10333,27750,4811,27745,6
2020-06-12 10:03:55.83,27822.61,27755,25742,27760,10333,27745,5706,27740,20068
2020-06-12 10:03:56.75,27822.61,27760,26083,27765,29992,27750,5700,27745,20064
2020-06-12 10:03:57.80,27822.61,27755,25742,27760,10333,27745,5711,27740,20068
2020-06-12 10:03:58.25,27822.61,27755,25742,27760,10333,27745,5711,27740,20068
2020-06-12 10:03:59.37,27822.61,27750,25749,27755,9992,27745,11,27740,5715
2020-06-12 10:03:59.69,27822.61,27750,25749,27755,9992,27745,11,27740,5715
2020-06-12 10:04:00.45,27822.61,27750,25746,27755,9992,27740,5715,27735,20428
2020-06-12 10:04:01.28,27831.19,27750,25746,27755,9992,27740,5700,27735,20428
2020-06-12 10:04:02.51,27831.19,27760,46080,27765,29992,27745,25753,27740,9999
2020-06-12 10:04:02.98,27831.19,27760,26080,27765,29992,27750,5700,27745,20053
2020-06-12 10:04:04.08,27831.19,27760,26080,27765,29992,27750,5700,27745,20053
2020-06-12 10:04:05.11,27831.19,27755,15747,27760,10333,27745,15628,27740,20058
2020-06-12 10:04:05.65,27831.19,27760,26080,27765,9992,27750,5629,27745,20053
2020-06-12 10:04:06.48,27831.19,27755,25739,27760,10333,27745,5629,27740,20058
2020-06-12 10:04:07.70,27831.19,27755,25739,27760,10333,27745,5629,27740,20058
2020-06-12 10:04:08.15,27831.19,27755,25739,27760,10333,27745,5629,27740,20058
2020-06-12 10:04:09.28,27831.19,27750,30746,27755,14992,27740,5634,27735,20268
2020-06-12 10:04:09.79,27831.19,27745,30739,27750,14999,27735,5844,27730,20279
2020-06-12 10:04:10.84,27831.19,27745,30739,27750,14999,27735,5844,27730,20280
2020-06-12 10:04:11.29,27819.25,27740,30746,27745,14992,27735,215,27730,5856
2020-06-12 10:04:12.39,27819.25,27745,25537,27750,14999,27735,5844,27730,20280
2020-06-12 10:04:13.43,27819.25,27740,118,27745,25537,27735,5844,27730,20280
2020-06-12 10:04:14.48,27819.25,27745,5700,27750,25058,27740,5629,27735,10214
2020-06-12 10:04:14.89,27819.25,27745,30746,27750,15004,27740,96,27735,5749
2020-06-12 10:04:16.07,27819.25,27745,30746,27750,15004,27735,5749,27730,20280
2020-06-12 10:04:16.65,27819.25,27750,30758,27755,34992,27740,5534,27735,20268
2020-06-12 10:04:17.63,27819.25,27750,5,27755,50746,27745,5534,27740,20053
2020-06-12 10:04:18.68,27819.25,27755,20000,27760,51087,27750,5516,27745,20053
2020-06-12 10:04:19.09,27819.25,27755,30746,27760,15333,27750,1,27745,5515
2020-06-12 10:04:20.23,27819.25,27755,30746,27760,15333,27745,5515,27740,20053
2020-06-12 10:04:20.65,27819.25,27760,31087,27765,14992,27750,5515,27745,20053
2020-06-12 10:04:21.79,27813.42,27755,30746,27760,15333,27745,5515,27740,20053
2020-06-12 10:04:22.26,27813.42,27755,30746,27760,15333,27745,5515,27740,20053
2020-06-12 10:04:23.38,27813.42,27755,30746,27760,15333,27745,5515,27740,20053
2020-06-12 10:04:23.76,27813.42,27755,30746,27760,15333,27745,5515,27740,20053
2020-06-12 10:04:24.55,27813.42,27755,5700,27760,25387,27750,5515,27745,9999
2020-06-12 10:04:25.39,27813.42,27760,31087,27765,34992,27750,5515,27745,20053
2020-06-12 10:04:26.58,27813.42,27760,31087,27765,14992,27755,5515,27745,20053
2020-06-12 10:04:27.05,27813.42,27760,31087,27765,14992,27750,5515,27745,20053
2020-06-12 10:04:28.17,27813.42,27760,31087,27765,14992,27750,5517,27745,20053
2020-06-12 10:04:28.55,27813.42,27755,20754,27760,15458,27750,2,27745,5515
2020-06-12 10:04:29.75,27813.42,27755,30746,27760,15458,27745,5515,27740,20053
2020-06-12 10:04:30.16,27813.42,27755,30746,27760,15458,27745,5515,27740,20053
2020-06-12 10:04:30.86,27814.91,27750,30753,27755,14992,27740,5515,27735,20270
2020-06-12 10:04:31.84,27814.91,27750,30753,27755,14992,27740,5515,27735,20270
2020-06-12 10:04:32.89,27814.91,27745,30746,27750,14999,27735,5732,27730,20285
2020-06-12 10:04:33.28,27814.91,27755,30746,27760,35458,27740,15514,27735,20270
2020-06-12 10:04:34.48,27814.91,27750,30753,27755,14992,27740,5515,27735,20270
2020-06-12 10:04:34.89,27814.91,27745,30746,27750,14999,27735,5732,27730,20285
2020-06-12 10:04:36.09,27814.91,27740,30753,27745,14992,27735,217,27730,5747
2020-06-12 10:04:36.39,27814.91,27740,30753,27745,14992,27730,5747,27725,20063
2020-06-12 10:04:37.67,27814.91,27735,30746,27740,14999,27730,232,27725,5525
2020-06-12 10:04:38.09,27814.91,27735,30746,27740,14999,27725,5525,27720,20389
2020-06-12 10:04:39.25,27814.91,27735,30746,27740,14999,27725,5525,27720,20389
2020-06-12 10:04:39.59,27814.91,27735,30746,27740,14999,27725,5525,27720,20389
2020-06-12 10:04:40.36,27814.91,27735,30746,27740,14999,27725,5525,27720,20389
2020-06-12 10:04:41.34,27800.21,27735,30746,27740,14999,27725,5525,27720,20389
2020-06-12 10:04:42.40,27800.21,27735,30741,27740,34999,27725,5525,27720,20389
2020-06-12 10:04:43.45,27800.21,27735,30741,27740,34999,27725,5525,27720,20389
2020-06-12 10:04:44.06,27800.21,27735,30741,27740,14999,27725,5525,27720,20389
2020-06-12 10:04:45.03,27800.21,27735,30741,27740,14999,27730,5515,27725,16
2020-06-12 10:04:46.09,27800.21,27735,30741,27740,14999,27725,5531,27720,20389
2020-06-12 10:04:46.45,27800.21,27730,30748,27735,14992,27725,5531,27720,336
2020-06-12 10:04:47.68,27800.21,27735,30741,27740,34999,27725,5531,27720,20389
2020-06-12 10:04:48.06,27800.21,27735,30741,27740,34999,27730,5515,27725,16
2020-06-12 10:04:49.26,27800.21,27740,50748,27745,34992,27735,7400,27730,5525
2020-06-12 10:04:49.68,27800.21,27745,30741,27750,34999,27735,12915,27730,20063
2020-06-12 10:04:50.84,27800.21,27740,30748,27745,14992,27735,7400,27730,5525
2020-06-12 10:04:51.29,27816.96,27740,30748,27745,14992,27730,5535,27725,10015
2020-06-12 10:04:52.43,27816.96,27740,5700,27745,25041,27735,5515,27730,20073
2020-06-12 10:04:52.98,27816.96,27735,2805,27740,30748,27730,5535,27725,20069
2020-06-12 10:04:54.02,27816.96,27735,30741,27740,14999,27730,5535,27725,16
2020-06-12 10:04:55.09,27816.96,27735,30741,27740,34999,27725,5531,27720,20389
2020-06-12 10:04:55.49,27816.96,27735,30741,27740,34999,27725,5531,27720,20389
2020-06-12 10:04:56.68,27816.96,27735,30741,27740,34999,27725,5531,27720,20389
2020-06-12 10:04:57.09,27816.96,27735,30741,27740,14999,27725,5531,27720,20389
2020-06-12 10:04:58.49,27816.96,27735,30741,27740,14999,27730,3,27725,5531
2020-06-12 10:04:59.30,27816.96,27735,30741,27740,14999,27725,5536,27720,20389
2020-06-12 10:05:00.68,27816.96,27730,31133,27735,14992,27725,21,27720,5851
2020-06-12 10:05:01.94,27807.58,27725,20728,27730,15384,27720,336,27715,15525
2020-06-12 10:05:02.55,27807.58,27730,31112,27735,14992,27720,5851,27715,20064
2020-06-12 10:05:03.54,27807.58,27730,31112,27735,14992,27720,5851,27715,20064
2020-06-12 10:05:04.58,27807.58,27730,10384,27735,30720,27725,5515,27720,336
2020-06-12 10:05:05.05,27807.58,27740,30727,27745,34992,27730,5130,27725,20053
2020-06-12 10:05:06.15,27807.58,27740,30727,27745,34992,27730,5130,27725,20053
2020-06-12 10:05:07.21,27807.58,27745,50720,27750,34999,27735,5130,27730,20053
2020-06-12 10:05:07.75,27807.58,27740,30727,27745,14992,27730,5130,27725,20064
2020-06-12 10:05:08.69,27807.58,27740,30727,27745,14992,27730,5130,27725,20064
2020-06-12 10:05:09.80,27807.58,27740,5679,27745,25041,27735,5126,27730,20053
2020-06-12 10:05:10.25,27811.63,27745,30720,27750,14999,27735,5126,27730,20053
2020-06-12 10:05:11.38,27811.63,27740,30728,27745,14992,27730,5126,27725,20064
2020-06-12 10:05:11.78,27811.63,27740,30728,27745,14992,27730,5126,27725,20064
2020-06-12 10:05:12.94,27811.63,27740,30728,27745,14992,27730,5126,27725,20064
2020-06-12 10:05:13.38,27811.63,27740,1,27745,30720,27735,5126,27730,20053
2020-06-12 10:05:14.19,27811.63,27740,29564,27745,14992,27730,5126,27725,20064
2020-06-12 10:05:15.58,27811.63,27735,14508,27740,25048,27725,5137,27720,20389
2020-06-12 10:05:16.61,27811.63,27745,29557,27750,34999,27735,5126,27730,20053
2020-06-12 10:05:17.05,27811.63,27740,29564,27745,14992,27735,5126,27725,20064
2020-06-12 10:05:18.17,27811.63,27745,29557,27750,34999,27735,5126,27730,20053
2020-06-12 10:05:19.22,27811.63,27745,29557,27750,14999,27735,5126,27730,20053
2020-06-12 10:05:19.55,27811.63,27745,29557,27750,14999,27735,5126,27730,20053
2020-06-12 10:05:20.28,27811.63,27745,29557,27750,14999,27735,4906,27730,20053
2020-06-12 10:05:22.48,27812.08,27745,29557,27750,14999,27735,4906,27730,20053
2020-06-12 10:05:24.48,27812.08,27745,29557,27750,14999,27735,4906,27730,20053
2020-06-12 10:05:24.78,27812.08,27750,29564,27755,14992,27740,4906,27735,20053
2020-06-12 10:05:25.65,27812.08,27750,29564,27755,14992,27740,4906,27735,20053
2020-06-12 10:05:26.56,27812.08,27745,4,27750,29564,27740,4896,27735,9999
2020-06-12 10:05:27.65,27812.08,27740,32310,27745,14996,27735,1,27730,4896
2020-06-12 10:05:28.15,27812.08,27740,29564,27745,14996,27730,4896,27725,20064
2020-06-12 10:05:29.23,27812.08,27735,29556,27740,14999,27725,4907,27720,20384
2020-06-12 10:05:30.27,27812.08,27730,29463,27735,14992,27725,4907,27720,331
2020-06-12 10:05:30.76,27812.08,27730,29463,27735,14992,27720,5227,27715,20064
2020-06-12 10:05:31.88,27806.01,27735,29456,27740,14999,27725,4896,27720,20384
2020-06-12 10:05:32.93,27806.01,27735,29456,27740,14999,27725,4896,27720,20384
2020-06-12 10:05:33.98,27806.01,27735,29456,27740,14999,27725,4896,27720,20384
2020-06-12 10:05:35.02,27806.01,27735,29456,27740,14999,27725,4896,27720,20384
2020-06-12 10:05:36.07,27806.01,27730,9999,27735,29456,27725,4896,27720,10385
2020-06-12 10:05:36.49,27806.01,27730,29463,27735,14992,27720,5227,27715,20064
2020-06-12 10:05:37.65,27806.01,27735,29456,27740,14999,27725,4896,27720,20374
2020-06-12 10:05:37.99,27806.01,27725,29452,27730,14999,27720,321,27715,4907
2020-06-12 10:05:39.21,27806.01,27725,14460,27730,14999,27720,321,27715,14906
2020-06-12 10:05:39.69,27806.01,27725,29452,27730,14999,27715,4907,27710,20615
2020-06-12 10:05:40.55,27806.01,27725,29452,27730,14999,27720,4896,27715,11
2020-06-12 10:05:41.39,27802.82,27725,29452,27730,14999,27715,4907,27710,20615
2020-06-12 10:05:42.16,27802.82,27725,29452,27730,14999,27715,4907,27710,20615
2020-06-12 10:05:43.97,27802.82,27725,29452,27730,14999,27715,4908,27710,20615
2020-06-12 10:05:44.36,27802.82,27730,29459,27735,14992,27720,4896,27715,20065
2020-06-12 10:05:45.55,27802.82,27725,29452,27730,14999,27720,4896,27715,12
2020-06-12 10:05:46.06,27802.82,27725,29452,27730,14999,27715,4908,27710,20615
2020-06-12 10:05:46.89,27802.82,27725,29452,27730,14999,27715,4908,27710,20615
2020-06-12 10:05:47.70,27802.82,27730,29459,27735,34992,27720,4896,27715,20065
2020-06-12 10:05:48.59,27802.82,27730,29459,27735,34992,27720,4896,27715,20065
2020-06-12 10:05:49.77,27802.82,27740,29459,27745,34996,27730,4896,27725,20053
2020-06-12 10:05:50.84,27802.82,27740,29459,27745,34996,27735,4956,27725,20053
2020-06-12 10:05:51.88,27782.04,27740,4511,27745,24945,27735,4956,27730,9999
2020-06-12 10:05:52.29,27782.04,27745,29456,27750,14999,27735,4956,27730,9999
2020-06-12 10:05:53.48,27782.04,27745,29456,27750,14999,27735,4956,27730,20053
2020-06-12 10:05:53.99,27782.04,27745,29456,27750,34999,27735,4896,27730,9999
2020-06-12 10:05:55.07,27782.04,27745,29456,27750,34999,27740,4896,27730,20053
2020-06-12 10:05:55.65,27782.04,27740,29459,27745,14996,27730,5700,27725,20054
2020-06-12 10:05:56.63,27782.04,27740,29459,27745,14996,27735,5700,27725,20054
2020-06-12 10:05:57.66,27782.04,27745,29456,27750,14999,27735,5700,27730,20053
2020-06-12 10:05:58.69,27782.04,27745,29456,27750,14999,27735,5700,27730,20053
2020-06-12 10:05:59.76,27782.04,27735,3,27740,29459,27730,5700,27725,20054
2020-06-12 10:06:00.18,27782.04,27740,29459,27745,14996,27735,21,27730,5700
2020-06-12 10:06:01.33,27800.04,27735,29431,27740,14999,27725,5701,27720,20058
2020-06-12 10:06:01.96,27800.04,27730,29437,27735,14992,27720,5705,27715,20065
2020-06-12 10:06:02.88,27800.04,27735,29430,27740,14999,27725,5700,27720,20058
2020-06-12 10:06:03.94,27800.04,27740,29437,27745,34996,27730,5700,27725,20053
2020-06-12 10:06:05.00,27800.04,27740,29437,27745,14996,27730,5700,27725,20053
2020-06-12 10:06:06.05,27800.04,27740,29437,27745,14996,27730,5700,27725,20053
2020-06-12 10:06:06.66,27800.04,27740,30016,27745,14996,27730,5700,27725,20053
2020-06-12 10:06:07.63,27800.04,27740,30071,27745,14996,27730,5700,27725,20053
2020-06-12 10:06:08.69,27800.04,27745,9996,27750,29437,27735,15754,27730,9999
2020-06-12 10:06:09.25,27800.04,27745,4,27750,29437,27740,5700,27735,20053
2020-06-12 10:06:10.08,27800.04,27745,4,27750,29437,27740,5700,27735,20053
2020-06-12 10:06:10.86,27777.3,27745,4,27750,29437,27740,5700,27735,20053
2020-06-12 10:06:12.89,27777.3,27745,4,27750,29437,27740,5700,27735,20053
2020-06-12 10:06:13.39,27777.3,27760,29896,27765,34992,27750,19896,27745,20057
2020-06-12 10:06:14.49,27777.3,27760,29896,27765,34992,27750,19896,27745,20057
2020-06-12 10:06:15.55,27777.3,27755,29430,27760,15458,27750,14067,27745,5700
2020-06-12 10:06:15.98,27777.3,27755,19482,27760,25406,27745,5700,27740,20053
2020-06-12 10:06:17.14,27777.3,27760,29896,27765,34992,27750,5696,27745,20057
2020-06-12 10:06:17.75,27777.3,27760,459,27765,49430,27755,5696,27750,20053
2020-06-12 10:06:18.72,27777.3,27755,133,27760,29896,27750,5696,27745,20057
2020-06-12 10:06:19.78,27777.3,27760,29896,27765,14992,27750,5696,27745,20057
2020-06-12 10:06:20.84,27777.3,27755,4490,27760,25531,27750,5696,27745,20057
2020-06-12 10:06:21.89,27800.86,27755,14482,27760,25531,27750,5696,27745,10058
2020-06-12 10:06:22.95,27800.86,27750,133,27755,29430,27745,5700,27740,20053
2020-06-12 10:06:23.56,27800.86,27760,30021,27765,14992,27750,5563,27745,20057
2020-06-12 10:06:24.54,27800.86,27755,9992,27760,30021,27750,5563,27745,10058
2020-06-12 10:06:25.61,27800.86,27760,30021,27765,14992,27750,5563,27745,20057
