time,nav,sell1,sell1_cnt,sell2,sell2_cnt,buy1,buy1_cnt,buy2,buy2_cnt
2020-06-02 10:07:51.600000,0.0,27480,100,27485,29556,27475,10696,27470,22301
2020-06-02 10:07:52.310000,0.0,27485,29556,27490,6993,27475,10596,27470,22301
2020-06-02 10:07:54.700000,0.0,27485,29556,27490,6993,27475,10596,27470,22301
2020-06-02 10:07:55.200000,0.0,27485,31756,27490,6993,27475,10596,27470,22301
2020-06-02 10:07:55.600000,0.0,27485,29556,27490,6993,27475,10596,27470,22301
2020-06-02 10:07:56.010000,0.0,27485,30856,27490,6993,27475,10596,27470,22301
2020-06-02 10:07:56.370000,0.0,27480,29498,27485,7249,27470,10596,27465,22301
2020-06-02 10:07:56.930000,0.0,27480,29498,27485,7249,27470,10596,27465,22301
2020-06-02 10:07:58.640000,0.0,27480,29498,27485,7249,27470,10596,27465,22301
2020-06-02 10:07:59.820000,0.0,27480,29498,27485,7249,27470,10596,27465,22301
2020-06-02 10:08:02.140000,27541.62,27485,32756,27490,6993,27475,10596,27470,22301
2020-06-02 10:08:02.700000,27541.62,27485,29556,27490,6993,27475,10596,27470,22301
2020-06-02 10:08:03.740000,27541.62,27480,29498,27485,7249,27470,10596,27465,22301
2020-06-02 10:08:04.340000,27541.62,27480,29498,27485,7249,27470,10596,27465,22301
2020-06-02 10:08:04.820000,27541.62,27480,29498,27485,7249,27470,10596,27465,22301
2020-06-02 10:08:05.320000,27541.62,27485,32756,27490,6993,27475,10596,27470,22301
2020-06-02 10:08:05.730000,27541.62,27485,29556,27490,6993,27475,10596,27470,22301
2020-06-02 10:08:06.150000,27541.62,27480,29498,27485,7249,27470,10596,27465,22301
2020-06-02 10:08:06.530000,27541.62,27480,29498,27485,7249,27470,10596,27465,22301
2020-06-02 10:08:07.530000,27541.62,27485,32756,27490,6993,27475,10596,27470,22301
2020-06-02 10:08:08.280000,27541.62,27485,29556,27490,6993,27475,10596,27470,22301
2020-06-02 10:08:08.780000,27541.62,27490,32500,27495,5163,27480,10596,27475,22301
2020-06-02 10:08:09.480000,27541.62,27490,29500,27495,5163,27480,10596,27475,22301
2020-06-02 10:08:10.120000,27541.62,27490,29700,27495,5163,27480,10596,27475,22301
2020-06-02 10:08:10.370000,27541.62,27490,31200,27495,5163,27480,10596,27475,22301
2020-06-02 10:08:10.680000,27541.62,27490,30400,27495,5163,27480,10596,27475,22301
2020-06-02 10:08:10.950000,27558.48,27490,32800,27495,5163,27480,10596,27475,22301
2020-06-02 10:08:11.950000,27558.48,27490,29500,27495,5163,27480,10596,27475,22301
2020-06-02 10:08:12.920000,27558.48,27490,29505,27495,5163,27480,10596,27475,22301
2020-06-02 10:08:14.870000,27558.48,27485,5688,27490,27117,27480,10596,27475,5000
2020-06-02 10:08:15.260000,27558.48,27485,32856,27490,7298,27475,10596,27470,22301
2020-06-02 10:08:15.780000,27558.48,27485,32856,27490,7298,27475,10596,27470,22301
2020-06-02 10:08:16.530000,27558.48,27480,5688,27485,27168,27475,5000,27470,10596
2020-06-02 10:08:17.090000,27558.48,27485,32856,27490,7298,27475,10596,27470,22301
2020-06-02 10:08:17.620000,27558.48,27485,32855,27490,7298,27475,10596,27470,22301
2020-06-02 10:08:21.320000,27562.43,27485,32855,27490,7298,27475,10596,27470,22313
2020-06-02 10:08:22.010000,27562.43,27485,32855,27490,7298,27475,10596,27470,22313
2020-06-02 10:08:23.730000,27562.43,27485,32855,27490,7298,27475,10596,27470,22313
2020-06-02 10:08:26.060000,27562.43,27485,9737,27490,27117,27480,5596,27475,22301
2020-06-02 10:08:26.230000,27562.43,27490,32805,27495,5163,27480,10596,27475,22301
2020-06-02 10:08:27.120000,27562.43,27490,29505,27495,5163,27480,10596,27475,22301
2020-06-02 10:08:27.280000,27562.43,27490,29505,27495,5163,27480,10591,27475,22301
2020-06-02 10:08:28.730000,27562.43,27490,29505,27495,5163,27480,10591,27475,22301
2020-06-02 10:08:31.340000,27564.16,27490,29505,27495,5163,27480,10591,27475,22301
2020-06-02 10:08:32.450000,27564.16,27490,29505,27495,5163,27480,10591,27475,22301
2020-06-02 10:08:33.450000,27564.16,27490,29505,27495,5163,27480,10591,27475,22301
2020-06-02 10:08:33.630000,27564.16,27485,29556,27490,7298,27475,10591,27470,42313
2020-06-02 10:08:34.510000,27564.16,27485,29556,27490,7298,27475,10591,27470,42313
2020-06-02 10:08:35.020000,27564.16,27490,32805,27495,5163,27480,10591,27475,22301
2020-06-02 10:08:35.550000,27564.16,27490,29505,27495,5163,27480,10591,27475,22301
2020-06-02 10:08:36.820000,27564.16,27490,29505,27495,5163,27480,10591,27475,22301
2020-06-02 10:08:37.010000,27564.16,27485,25507,27490,7398,27480,10591,27475,5000
2020-06-02 10:08:37.430000,27564.16,27485,29556,27490,7398,27475,10591,27470,42313
2020-06-02 10:08:37.820000,27564.16,27485,29556,27490,7398,27480,5591,27475,5000
2020-06-02 10:08:38.100000,27564.16,27485,29556,27490,7398,27480,5601,27475,5000
2020-06-02 10:08:38.740000,27564.16,27485,29556,27490,7398,27480,5601,27475,5000
2020-06-02 10:08:39.900000,27564.16,27490,32905,27495,5163,27480,10601,27475,22301
2020-06-02 10:08:40.380000,27564.16,27490,29505,27495,5163,27480,10601,27475,22301
2020-06-02 10:08:40.720000,27564.16,27490,32705,27495,5163,27480,10601,27475,22301
2020-06-02 10:08:41.460000,27555.26,27485,5688,27490,27017,27480,10601,27475,5000
2020-06-02 10:08:41.710000,27555.26,27485,32956,27490,7198,27480,10,27475,10591
2020-06-02 10:08:42.500000,27555.26,27490,32705,27495,5163,27480,10601,27475,22301
2020-06-02 10:08:42.720000,27555.26,27490,29505,27495,5163,27480,10601,27475,22301
2020-06-02 10:08:43.440000,27555.26,27490,32905,27495,5163,27480,10601,27475,22301
2020-06-02 10:08:43.580000,27555.26,27490,32905,27495,5163,27480,10601,27475,22301
2020-06-02 10:08:43.970000,27555.26,27485,29556,27490,7398,27480,5601,27475,5000
2020-06-02 10:08:44.300000,27555.26,27485,29556,27490,7398,27480,5601,27475,5000
2020-06-02 10:08:44.800000,27555.26,27485,29556,27490,7398,27480,10,27475,10591
2020-06-02 10:08:45.580000,27555.26,27485,5688,27490,27217,27480,10601,27475,22301
2020-06-02 10:08:46.030000,27555.26,27485,5688,27490,27217,27480,10601,27475,22301
2020-06-02 10:08:46.830000,27555.26,27485,32856,27490,7398,27480,5601,27475,5000
2020-06-02 10:08:47.660000,27555.26,27485,30956,27490,7398,27480,10,27475,10591
2020-06-02 10:08:48.670000,27555.26,27485,30956,27490,7398,27475,10591,27470,22313
2020-06-02 10:08:48.880000,27555.26,27480,29498,27485,7449,27470,10603,27465,22301
2020-06-02 10:08:49.420000,27555.26,27480,29498,27485,7449,27470,10603,27465,22301
2020-06-02 10:08:49.890000,27555.26,27480,29498,27485,7449,27470,10603,27465,22301
2020-06-02 10:08:50.920000,27570.28,27480,29498,27485,7449,27475,5591,27470,5012
2020-06-02 10:08:51.310000,27570.28,27480,29498,27485,7449,27470,10603,27465,22301
2020-06-02 10:08:52.420000,27570.28,27480,29498,27485,8540,27470,10603,27465,22301
2020-06-02 10:08:53.130000,27570.28,27485,34047,27490,7398,27475,10591,27470,22313
2020-06-02 10:08:54.000000,27570.28,27485,32047,27490,7398,27475,10591,27470,22313
2020-06-02 10:08:54.420000,27570.28,27485,32047,27490,7398,27475,10591,27470,22313
2020-06-02 10:08:56.080000,27570.28,27480,29498,27485,8540,27470,10603,27465,42301
2020-06-02 10:08:56.480000,27570.28,27480,29419,27485,8545,27470,10603,27465,22301
2020-06-02 10:08:56.800000,27570.28,27480,29419,27485,8545,27470,10603,27465,22301
2020-06-02 10:08:58.000000,27570.28,27475,29477,27480,7391,27470,12,27465,10591
2020-06-02 10:08:58.420000,27570.28,27475,29477,27480,7391,27470,12,27465,10591
2020-06-02 10:08:59.790000,27570.28,27475,5609,27480,27210,27470,10603,27465,22301
2020-06-02 10:09:00.320000,27570.28,27480,32819,27485,8545,27470,10603,27465,22301
2020-06-02 10:09:00.820000,27564.49,27480,29419,27485,8545,27470,10603,27465,22301
2020-06-02 10:09:01.310000,27564.49,27480,29419,27485,8545,27475,5591,27470,5012
2020-06-02 10:09:01.900000,27564.49,27480,6,27485,33973,27475,10591,27470,22313
2020-06-02 10:09:02.430000,27564.49,27480,6,27485,33973,27475,10591,27470,22313
2020-06-02 10:09:02.900000,27564.49,27480,6,27485,33973,27475,10591,27470,22313
2020-06-02 10:09:03.620000,27564.49,27480,6,27485,33973,27475,10591,27470,22313
2020-06-02 10:09:06.090000,27564.49,27480,6,27485,33973,27475,10591,27470,22313
2020-06-02 10:09:06.990000,27564.49,27480,6,27485,33973,27475,10591,27470,22313
2020-06-02 10:09:07.600000,27564.49,27480,2306,27485,33973,27475,10591,27470,22313
2020-06-02 10:09:08.630000,27564.49,27480,6,27485,33973,27475,10591,27470,22313
2020-06-02 10:09:08.760000,27564.49,27480,6,27485,33973,27475,10591,27470,22313
2020-06-02 10:09:09.320000,27564.49,27480,6,27485,33973,27475,10591,27470,22313
2020-06-02 10:09:09.680000,27564.49,27485,31973,27490,7398,27480,441,27475,10591
2020-06-02 10:09:10.090000,27564.49,27485,31973,27490,7398,27475,10591,27470,22313
2020-06-02 10:09:11.090000,27543.65,27485,31973,27490,7398,27475,10591,27470,22313
2020-06-02 10:09:11.680000,27543.65,27485,31973,27490,7398,27475,10596,27470,22313
2020-06-02 10:09:13.230000,27543.65,27485,31973,27490,7398,27475,10596,27470,22313
2020-06-02 10:09:15.130000,27543.65,27480,29419,27485,8045,27475,5,27470,10603
2020-06-02 10:09:15.600000,27543.65,27480,29419,27485,8045,27475,5596,27470,5012
2020-06-02 10:09:16.350000,27543.65,27480,29419,27485,8045,27475,5,27470,10603
2020-06-02 10:09:16.990000,27543.65,27480,29419,27485,8045,27475,5,27470,10603
2020-06-02 10:09:17.510000,27543.65,27475,25428,27480,5891,27470,10603,27465,5000
2020-06-02 10:09:17.760000,27543.65,27480,31319,27485,8045,27470,10603,27465,22301
2020-06-02 10:09:18.230000,27543.65,27480,29419,27485,8045,27470,10603,27465,22301
2020-06-02 10:09:18.970000,27543.65,27480,29419,27485,8045,27475,5591,27470,5012
2020-06-02 10:09:19.120000,27543.65,27480,29419,27485,8045,27475,5591,27470,5012
2020-06-02 10:09:19.380000,27543.65,27480,5609,27485,27864,27475,10591,27470,22313
2020-06-02 10:09:19.630000,27543.65,27485,33473,27490,7398,27475,10591,27470,22313
2020-06-02 10:09:20.020000,27543.65,27485,31973,27490,7398,27475,10591,27470,22313
2020-06-02 10:09:21.070000,27543.54,27480,29419,27485,8045,27475,5591,27470,5012
2020-06-02 10:09:22.110000,27543.54,27480,29419,27485,8045,27470,10603,27465,42301
2020-06-02 10:09:22.300000,27543.54,27480,29419,27485,8045,27470,10603,27465,22301
2020-06-02 10:09:22.830000,27543.54,27480,29419,27485,8045,27475,5591,27470,5012
2020-06-02 10:09:23.680000,27543.54,27485,33473,27490,7398,27475,10591,27470,22313
2020-06-02 10:09:23.930000,27543.54,27485,31973,27490,7398,27475,10591,27470,22313
2020-06-02 10:09:24.190000,27543.54,27485,31973,27490,7398,27475,10591,27470,22313
2020-06-02 10:09:25.250000,27543.54,27485,31973,27490,17398,27475,10591,27470,22313
2020-06-02 10:09:25.930000,27543.54,27485,31973,27490,17398,27480,4000,27475,10591
2020-06-02 10:09:26.220000,27543.54,27485,31973,27490,17398,27480,4000,27475,10591
2020-06-02 10:09:27.320000,27543.54,27485,1096,27490,42826,27480,14591,27475,22301
2020-06-02 10:09:29.720000,27541.42,27485,1096,27490,42826,27480,14591,27475,22301
2020-06-02 10:09:31.500000,27541.42,27485,1096,27490,42826,27480,14591,27475,22301
2020-06-02 10:09:31.640000,27541.42,27485,3796,27490,42826,27480,11591,27475,22301
2020-06-02 10:09:32.630000,27541.42,27485,1109,27490,42826,27480,11591,27475,22301
2020-06-02 10:09:33.600000,27541.42,27485,1209,27490,42826,27480,11591,27475,22301
2020-06-02 10:09:33.830000,27541.42,27485,1109,27490,42826,27480,11591,27475,22301
2020-06-02 10:09:34.660000,27541.42,27485,1109,27490,42826,27480,11591,27475,22301
2020-06-02 10:09:36.420000,27541.42,27485,2509,27490,42826,27480,11591,27475,22301
2020-06-02 10:09:37.390000,27541.42,27485,1109,27490,42826,27480,11591,27475,22301
2020-06-02 10:09:38.380000,27541.42,27485,1109,27490,42826,27480,11591,27475,22301
2020-06-02 10:09:38.890000,27541.42,27490,10007,27495,30988,27485,10482,27480,23301
2020-06-02 10:09:39.390000,27541.42,27490,10007,27495,30988,27485,10482,27480,23301
2020-06-02 10:09:40.980000,27541.42,27490,42226,27495,5560,27485,1000,27480,10482
2020-06-02 10:09:41.200000,27541.73,27490,42226,27495,5560,27480,10482,27475,22301
2020-06-02 10:09:41.590000,27541.73,27490,42226,27495,5560,27480,10482,27475,22301
2020-06-02 10:09:42.160000,27541.73,27490,42226,27495,5560,27480,10482,27475,22301
2020-06-02 10:09:42.420000,27541.73,27490,42226,27495,5560,27480,10482,27475,22301
2020-06-02 10:09:45.030000,27541.73,27490,10007,27495,30988,27485,9482,27480,23301
2020-06-02 10:09:45.420000,27541.73,27490,10007,27495,30988,27485,9482,27480,23301
2020-06-02 10:09:45.890000,27541.73,27490,10014,27495,30988,27485,9482,27480,23301
2020-06-02 10:09:46.290000,27541.73,27490,10014,27495,30988,27485,9482,27480,23301
2020-06-02 10:09:46.590000,27541.73,27490,10014,27495,30988,27485,9482,27480,23301
2020-06-02 10:09:47.370000,27541.73,27490,42133,27495,5560,27480,10482,27475,22301
2020-06-02 10:09:47.730000,27541.73,27490,42133,27495,5560,27480,10482,27475,22301
2020-06-02 10:09:49.200000,27541.73,27490,42133,27495,5560,27480,10482,27475,22301
2020-06-02 10:09:49.930000,27541.73,27490,42133,27495,5560,27480,10482,27475,22301
2020-06-02 10:09:50.140000,27541.73,27490,42133,27495,5560,27480,10482,27475,22301
2020-06-02 10:09:50.420000,27541.73,27490,14005,27495,30988,27485,4482,27480,23301
2020-06-02 10:09:50.920000,27545.03,27490,10014,27495,30988,27485,9482,27480,23301
2020-06-02 10:09:51.430000,27545.03,27490,10014,27495,30988,27485,9482,27480,23301
2020-06-02 10:09:52.000000,27545.03,27490,38342,27495,5560,27485,5000,27480,10482
2020-06-02 10:09:52.500000,27545.03,27490,35442,27495,5560,27485,9482,27480,6000
2020-06-02 10:09:53.650000,27545.03,27490,35442,27495,5560,27485,5000,27480,10482
2020-06-02 10:09:53.820000,27545.03,27490,19614,27495,25379,27485,4482,27480,23301
2020-06-02 10:09:54.670000,27545.03,27490,14005,27495,30988,27485,4482,27480,23301
2020-06-02 10:09:54.840000,27545.03,27490,10014,27495,30988,27485,9260,27480,23301
2020-06-02 10:09:55.030000,27545.03,27490,14005,27495,30988,27485,4482,27480,23301
2020-06-02 10:09:55.430000,27545.03,27490,10014,27495,30988,27485,9260,27480,23301
2020-06-02 10:09:56.230000,27545.03,27490,10014,27495,30988,27485,9260,27480,23301
2020-06-02 10:09:56.450000,27545.03,27490,10014,27495,30988,27485,9260,27480,23301
2020-06-02 10:09:57.280000,27545.03,27490,15623,27495,25379,27485,9260,27480,23301
2020-06-02 10:09:57.480000,27545.03,27490,42333,27495,5560,27480,10482,27475,42079
2020-06-02 10:09:57.620000,27545.03,27490,42333,27495,5560,27480,10482,27475,42079
2020-06-02 10:09:58.020000,27545.03,27490,42333,27495,5560,27480,10482,27475,22079
2020-06-02 10:09:58.820000,27545.03,27490,39633,27495,5560,27480,10482,27475,22079
2020-06-02 10:09:59.920000,27545.03,27490,39633,27495,5560,27480,10482,27475,22079
2020-06-02 10:10:00.120000,27545.03,27485,5,27490,39633,27480,10482,27475,22079
2020-06-02 10:10:01.120000,27545.62,27490,10014,27495,30988,27485,9255,27480,23301
2020-06-02 10:10:01.590000,27545.62,27490,10014,27495,30988,27485,9255,27480,23301
2020-06-02 10:10:02.120000,27545.62,27490,38342,27495,5560,27485,4778,27480,10477
2020-06-02 10:10:02.980000,27545.62,27490,42333,27495,5560,27480,10477,27475,22079
2020-06-02 10:10:03.230000,27545.62,27490,38342,27495,5560,27485,4778,27480,10477
2020-06-02 10:10:03.400000,27545.62,27490,10014,27495,30988,27485,9255,27480,23301
2020-06-02 10:10:03.700000,27545.62,27490,10014,27495,30988,27485,9254,27480,23301
2020-06-02 10:10:04.100000,27545.62,27490,10014,27495,30988,27485,9254,27480,23301
2020-06-02 10:10:05.600000,27545.62,27490,10014,27495,30988,27485,9254,27480,23301
2020-06-02 10:10:06.730000,27545.62,27490,15623,27495,25379,27485,9254,27480,23301
2020-06-02 10:10:07.770000,27545.62,27490,10014,27495,30988,27485,9254,27480,23301
2020-06-02 10:10:09.320000,27545.62,27490,15623,27495,25379,27485,9254,27480,23301
2020-06-02 10:10:09.460000,27545.62,27490,10014,27495,30988,27485,9254,27480,23301
2020-06-02 10:10:09.630000,27545.62,27490,10014,27495,30988,27485,9254,27480,23301
2020-06-02 10:10:10.380000,27565.78,27490,10014,27495,30988,27485,9254,27480,23301
2020-06-02 10:10:12.680000,27565.78,27490,42333,27495,5560,27480,10476,27475,22079
2020-06-02 10:10:13.020000,27565.78,27490,42333,27495,5560,27480,10476,27475,22079
2020-06-02 10:10:13.430000,27565.78,27490,42333,27495,5560,27480,10476,27475,22079
2020-06-02 10:10:14.770000,27565.78,27490,42333,27495,5560,27480,10476,27475,22079
2020-06-02 10:10:16.130000,27565.78,27485,29477,27490,16905,27480,1000,27475,9254
2020-06-02 10:10:16.520000,27565.78,27485,29477,27490,16905,27480,1000,27475,9254
2020-06-02 10:10:16.990000,27565.78,27490,42333,27495,5560,27480,10476,27475,22079
2020-06-02 10:10:18.860000,27565.78,27490,42333,27495,5560,27480,10476,27475,22079
2020-06-02 10:10:19.890000,27565.78,27485,5,27490,42333,27480,10476,27475,22079
2020-06-02 10:10:20.300000,27565.78,27485,505,27490,42333,27480,10476,27475,22079
2020-06-02 10:10:20.630000,27547.59,27485,32082,27490,16905,27480,1000,27475,9254
2020-06-02 10:10:21.500000,27547.59,27485,32082,27490,16905,27480,1000,27475,9254
2020-06-02 10:10:23.610000,27547.59,27485,5614,27490,36724,27480,10476,27475,22079
2020-06-02 10:10:25.030000,27547.59,27485,5614,27490,36724,27480,10476,27475,22079
2020-06-02 10:10:25.590000,27547.59,27485,32382,27490,16905,27480,1000,27475,9254
2020-06-02 10:10:26.030000,27547.59,27485,25433,27490,16905,27480,10476,27475,4778
2020-06-02 10:10:26.420000,27547.59,27485,5614,27490,36724,27480,10476,27475,22079
2020-06-02 10:10:26.720000,27547.59,27485,5614,27490,36724,27480,10476,27475,22079
2020-06-02 10:10:27.000000,27547.59,27485,5,27490,42333,27480,10476,27475,22079
2020-06-02 10:10:27.190000,27547.59,27485,205,27490,42333,27480,10476,27475,22079
2020-06-02 10:10:27.800000,27547.59,27485,2905,27490,42333,27480,10476,27475,22079
2020-06-02 10:10:28.140000,27547.59,27485,205,27490,42333,27480,10476,27475,22079
2020-06-02 10:10:28.840000,27547.59,27485,32382,27490,16905,27480,1000,27475,9254
2020-06-02 10:10:29.190000,27547.59,27485,9663,27490,36724,27480,5476,27475,22079
2020-06-02 10:10:29.920000,27547.59,27485,9663,27490,36724,27480,5476,27475,22079
2020-06-02 10:10:30.060000,27547.59,27485,5,27490,42333,27480,10476,27475,22079
2020-06-02 10:10:30.390000,27546.69,27485,5,27490,42333,27480,10476,27475,22079
2020-06-02 10:10:31.470000,27546.69,27490,39433,27495,5560,27480,10471,27475,22079
2020-06-02 10:10:32.920000,27546.69,27490,39433,27495,5560,27480,10471,27475,22079
2020-06-02 10:10:33.690000,27546.69,27485,29477,27490,16805,27480,1000,27475,9249
2020-06-02 10:10:35.420000,27546.69,27485,29477,27490,16805,27480,1000,27475,9249
2020-06-02 10:10:42.030000,27561.53,27485,29477,27490,16805,27480,1000,27475,9249
2020-06-02 10:10:44.700000,27561.53,27485,29477,27490,16805,27480,1000,27475,9249
2020-06-02 10:10:45.820000,27561.53,27485,29477,27490,16805,27475,9249,27470,22323
2020-06-02 10:10:46.700000,27561.53,27485,29477,27490,16805,27475,9249,27470,22323
2020-06-02 10:10:47.760000,27561.53,27485,29478,27490,16805,27475,9249,27470,22323
2020-06-02 10:10:47.900000,27561.53,27485,29478,27490,16805,27475,9249,27470,22323
2020-06-02 10:10:48.820000,27561.53,27485,29478,27490,16805,27475,9249,27470,22323
2020-06-02 10:10:50.200000,27561.53,27485,29478,27490,16798,27475,9249,27470,22323
2020-06-02 10:10:56.400000,27544.23,27485,1,27490,42226,27480,9471,27475,4778
2020-06-02 10:10:57.240000,27544.23,27485,8410,27490,36617,27480,9471,27475,4778
2020-06-02 10:10:57.440000,27544.23,27485,1,27490,42226,27480,9471,27475,22079
2020-06-02 10:10:58.880000,27544.23,27485,1,27490,42226,27480,9471,27475,22079
2020-06-02 10:10:59.220000,27544.23,27485,1,27490,39426,27480,9470,27475,22079
2020-06-02 10:10:59.630000,27544.23,27490,39426,27495,5560,27480,9470,27475,22079
2020-06-02 10:11:00.400000,27544.23,27485,29477,27490,13998,27475,9248,27470,42323
2020-06-02 10:11:00.610000,27544.23,27485,25428,27490,13998,27480,5000,27475,9248
2020-06-02 10:11:00.930000,27543.27,27485,25428,27490,13998,27480,5000,27475,9248
2020-06-02 10:11:01.320000,27543.27,27485,25428,27490,13998,27480,5000,27475,9248
2020-06-02 10:11:01.970000,27543.27,27485,29477,27490,13998,27475,9248,27470,22323
2020-06-02 10:11:02.190000,27543.27,27485,25428,27490,13998,27480,5000,27475,9248
2020-06-02 10:11:03.040000,27543.27,27485,25428,27490,13998,27480,5000,27475,9248
2020-06-02 10:11:04.070000,27543.27,27485,25428,27490,13998,27480,5000,27475,9248
2020-06-02 10:11:04.190000,27543.27,27485,29477,27490,13998,27475,9248,27470,22323
2020-06-02 10:11:04.600000,27543.27,27485,29477,27490,13998,27475,9248,27470,22323
2020-06-02 10:11:08.000000,27543.27,27485,29477,27490,13998,27475,9248,27470,22323
2020-06-02 10:11:15.650000,27544.92,27480,29419,27485,6849,27470,9492,27465,22079
2020-06-02 10:11:15.900000,27544.92,27480,29407,27485,6849,27475,4470,27470,22
2020-06-02 10:11:16.670000,27544.92,27480,29407,27485,6849,27470,4492,27465,22079
2020-06-02 10:11:16.870000,27544.92,27480,24931,27485,6849,27470,9492,27465,22079
2020-06-02 10:11:17.710000,27544.92,27480,24931,27485,6849,27470,9492,27465,22079
2020-06-02 10:11:17.850000,27544.92,27480,24931,27485,6849,27470,9492,27465,22079
2020-06-02 10:11:18.230000,27544.92,27480,28922,27485,6849,27470,4492,27465,22079
2020-06-02 10:11:20.230000,27543.58,27480,28922,27485,6849,27470,4492,27465,22079
2020-06-02 10:11:22.490000,27543.58,27485,31780,27490,13998,27475,4470,27470,22323
2020-06-02 10:11:23.210000,27543.58,27485,28980,27490,13998,27475,4470,27470,22323
2020-06-02 10:11:24.050000,27543.58,27485,24931,27490,13998,27475,9248,27470,42323
2020-06-02 10:11:24.290000,27543.58,27490,38929,27495,5560,27480,4470,27475,22079
2020-06-02 10:11:24.490000,27543.58,27490,38929,27495,5560,27480,4470,27475,22079
2020-06-02 10:11:25.690000,27543.58,27490,38929,27495,5560,27480,4570,27475,22079
2020-06-02 10:11:27.300000,27543.58,27490,38929,27495,5560,27480,4570,27475,22079
2020-06-02 10:11:28.190000,27543.58,27485,50,27490,38929,27480,4570,27475,22079
2020-06-02 10:11:28.790000,27543.58,27490,38929,27495,5560,27480,4520,27475,22079
2020-06-02 10:11:30.220000,27543.58,27490,38929,27495,5560,27480,4520,27475,22079
2020-06-02 10:11:31.800000,27556.47,27485,5112,27490,33817,27480,100,27475,26499
2020-06-02 10:11:32.500000,27556.47,27485,28980,27490,13998,27480,100,27475,4420
2020-06-02 10:11:32.830000,27556.47,27490,38929,27495,5560,27480,4520,27475,22079
2020-06-02 10:11:33.330000,27556.47,27485,24931,27490,13998,27480,100,27475,9198
2020-06-02 10:11:35.170000,27556.47,27485,28980,27490,13998,27480,100,27475,4420
2020-06-02 10:11:38.220000,27556.47,27490,38929,27495,5560,27480,4520,27475,22079
2020-06-02 10:11:38.720000,27556.47,27485,28980,27490,14898,27480,100,27475,4420
2020-06-02 10:11:39.220000,27556.47,27485,28980,27490,16098,27475,4420,27470,22333
2020-06-02 10:11:39.520000,27556.47,27485,28980,27490,16098,27475,4420,27470,22333
2020-06-02 10:11:40.220000,27565.93,27485,28980,27490,16098,27475,4420,27470,22333
2020-06-02 10:11:46.120000,27565.93,27480,5112,27485,23868,27475,4420,27470,22333
2020-06-02 10:11:47.300000,27565.93,27480,5312,27485,23868,27470,9452,27465,42079
2020-06-02 10:11:47.440000,27565.93,27480,5112,27485,23868,27475,4420,27470,22333
2020-06-02 10:11:47.720000,27565.93,27485,28980,27490,16098,27475,4420,27470,22333
2020-06-02 10:11:48.450000,27565.93,27485,5112,27490,35917,27480,4420,27475,4778
2020-06-02 10:11:48.700000,27565.93,27490,41029,27495,5560,27480,4420,27475,22079
2020-06-02 10:11:49.030000,27565.93,27490,38929,27495,5560,27480,4420,27475,22079
2020-06-02 10:11:50.980000,27565.45,27490,15119,27495,25379,27485,4420,27480,22301
2020-06-02 10:11:51.220000,27565.45,27490,41629,27495,5560,27480,4420,27475,22079
2020-06-02 10:11:52.000000,27565.45,27490,41629,27495,5560,27480,4420,27475,22079
2020-06-02 10:11:52.230000,27565.45,27490,39329,27495,5560,27480,4420,27475,22079
2020-06-02 10:11:53.790000,27565.45,27490,39329,27495,5560,27480,4434,27475,22079
2020-06-02 10:11:54.730000,27565.45,27485,28980,27490,16698,27480,14,27475,4420
2020-06-02 10:11:55.090000,27565.45,27480,28922,27485,6649,27470,4452,27465,42079
2020-06-02 10:11:55.620000,27565.45,27480,28922,27485,6649,27470,4452,27465,42079
2020-06-02 10:11:56.810000,27565.45,27480,28922,27485,6649,27470,4452,27465,22079
2020-06-02 10:11:57.010000,27565.45,27480,28922,27485,6649,27470,4452,27465,22079
2020-06-02 10:11:57.900000,27565.45,27480,24931,27485,6649,27470,9452,27465,22079
2020-06-02 10:11:58.200000,27565.45,27480,28922,27485,6649,27470,4452,27465,22079
2020-06-02 10:11:59.590000,27565.45,27480,28922,27485,6649,27475,4420,27470,32
2020-06-02 10:12:00.320000,27565.45,27480,28922,27485,6649,27470,4452,27465,22079
2020-06-02 10:12:00.790000,27546.52,27480,24931,27485,6649,27470,9452,27465,22079
2020-06-02 10:12:01.290000,27546.52,27485,31580,27490,16698,27475,4420,27470,22333
2020-06-02 10:12:01.820000,27546.52,27485,28980,27490,16698,27475,4420,27470,22333
2020-06-02 10:12:03.200000,27546.52,27485,28980,27490,16698,27475,4420,27470,22333
2020-06-02 10:12:05.090000,27546.52,27480,764,27485,28980,27475,4420,27470,22333
2020-06-02 10:12:07.150000,27546.52,27480,764,27485,28980,27475,4420,27470,22333
2020-06-02 10:12:07.490000,27546.52,27480,764,27485,28980,27475,4420,27470,22333
2020-06-02 10:12:08.240000,27546.52,27480,1464,27485,28980,27475,4420,27470,22333
2020-06-02 10:12:08.380000,27546.52,27480,32286,27485,4049,27470,4452,27465,22089
2020-06-02 10:12:09.210000,27546.52,27480,32286,27485,4049,27470,4452,27465,22089
2020-06-02 10:12:09.460000,27546.52,27480,32286,27485,4049,27470,4452,27465,22089
2020-06-02 10:12:09.730000,27546.52,27480,32286,27485,4049,27470,4452,27465,22089
2020-06-02 10:12:13.630000,27550.42,27475,4049,27480,32286,27470,4452,27465,17311
2020-06-02 10:12:15.130000,27550.42,27480,32286,27485,4049,27470,4452,27465,22089
2020-06-02 10:12:16.180000,27550.42,27480,32286,27485,4049,27470,3452,27465,22089
2020-06-02 10:12:16.350000,27550.42,27475,24931,27480,7355,27465,10488,27460,22301
2020-06-02 10:12:16.540000,27550.42,27475,24931,27480,7355,27465,10488,27460,22301
2020-06-02 10:12:16.820000,27550.42,27475,28980,27480,7355,27465,5710,27460,22301
2020-06-02 10:12:17.130000,27550.42,27475,4049,27480,32286,27470,5700,27465,17311
2020-06-02 10:12:17.430000,27550.42,27480,32286,27485,4049,27470,5700,27465,22089
2020-06-02 10:12:17.690000,27550.42,27480,32286,27485,4049,27470,5700,27465,22089
2020-06-02 10:12:18.430000,27550.42,27480,32286,27485,4049,27470,5700,27465,22089
2020-06-02 10:12:20.300000,27564.34,27475,28980,27480,7355,27465,5710,27460,22301
2020-06-02 10:12:20.540000,27564.34,27475,28980,27480,7355,27465,5710,27460,22301
2020-06-02 10:12:21.360000,27564.34,27475,28980,27480,7355,27465,5710,27460,22301
2020-06-02 10:12:22.430000,27564.34,27475,28980,27480,7355,27465,5710,27460,22301
2020-06-02 10:12:24.020000,27564.34,27470,28922,27475,6449,27465,10,27460,5700
2020-06-02 10:12:24.190000,27564.34,27470,3991,27475,31380,27465,5710,27460,17301
2020-06-02 10:12:25.020000,27564.34,27475,31380,27480,7355,27465,5710,27460,22301
2020-06-02 10:12:25.240000,27564.34,27475,28980,27480,7355,27465,5710,27460,22301
2020-06-02 10:12:27.330000,27564.34,27475,4049,27480,32286,27470,5700,27465,17311
2020-06-02 10:12:28.160000,27564.34,27480,32286,27485,4049,27470,5700,27465,22089
2020-06-02 10:12:29.390000,27564.34,27480,32286,27485,4049,27470,5700,27465,22089
2020-06-02 10:12:30.130000,27564.34,27480,764,27485,28980,27475,5700,27470,22301
2020-06-02 10:12:30.590000,27564.34,27480,764,27485,28980,27475,5700,27470,22301
2020-06-02 10:12:31.530000,27543.94,27480,32286,27485,4049,27470,5700,27465,42079
2020-06-02 10:12:32.380000,27543.94,27480,32286,27485,4049,27470,5700,27465,42079
2020-06-02 10:12:33.560000,27543.94,27480,30086,27485,4049,27470,5700,27465,22079
2020-06-02 10:12:34.550000,27543.94,27480,764,27485,28980,27475,5700,27470,22301
2020-06-02 10:12:34.800000,27543.94,27480,764,27485,28980,27475,5700,27470,22301
2020-06-02 10:12:35.670000,27543.94,27480,764,27485,28985,27475,5700,27470,22301
2020-06-02 10:12:37.090000,27543.94,27485,28985,27490,16698,27480,4936,27470,22301
2020-06-02 10:12:37.420000,27543.94,27485,5,27490,41629,27480,4936,27475,22079
2020-06-02 10:12:37.890000,27543.94,27485,31585,27490,16698,27475,4936,27470,22301
2020-06-02 10:12:38.800000,27543.94,27485,31585,27490,16698,27475,4936,27470,22301
2020-06-02 10:12:40.590000,27563.81,27485,31585,27490,16698,27475,4936,27470,22301
2020-06-02 10:12:41.330000,27563.81,27485,7717,27490,36517,27480,4936,27475,22079
2020-06-02 10:12:41.620000,27563.81,27485,7717,27490,36517,27480,4936,27475,4778
2020-06-02 10:12:42.120000,27563.81,27485,11766,27490,36517,27480,4936,27475,17301
2020-06-02 10:12:42.860000,27563.81,27485,5,27490,41629,27480,4936,27475,22079
2020-06-02 10:12:43.120000,27563.81,27485,2605,27490,41629,27480,4936,27475,22079
2020-06-02 10:12:43.890000,27563.81,27485,2605,27490,41629,27480,4936,27475,22079
2020-06-02 10:12:44.090000,27563.81,27485,2605,27490,41629,27480,4936,27475,22079
2020-06-02 10:12:44.950000,27563.81,27485,5,27490,41629,27480,4936,27475,22079
2020-06-02 10:12:46.930000,27563.81,27490,10007,27495,30491,27485,4931,27480,22301
2020-06-02 10:12:47.420000,27563.81,27490,41529,27495,5560,27480,4931,27475,42079
2020-06-02 10:12:48.680000,27563.81,27490,37538,27495,5560,27480,9931,27475,42079
2020-06-02 10:12:49.670000,27563.81,27490,10007,27495,30491,27485,4931,27480,22301
2020-06-02 10:12:50.760000,27546.93,27490,10007,27495,30491,27485,4931,27480,23301
2020-06-02 10:12:56.200000,27546.93,27490,10007,27495,30491,27485,4857,27480,23301
2020-06-02 10:12:56.590000,27546.93,27490,10007,27495,30491,27485,4857,27480,23301
2020-06-02 10:12:57.150000,27546.93,27490,15119,27495,25379,27485,4857,27480,23301
2020-06-02 10:12:57.430000,27546.93,27490,19110,27495,25379,27485,4857,27480,18301
2020-06-02 10:12:58.320000,27546.93,27490,10007,27495,30491,27485,4857,27480,23301
2020-06-02 10:13:00.210000,27546.93,27490,10007,27495,30491,27485,4857,27480,23301
2020-06-02 10:13:02.720000,27547.4,27490,10007,27495,30491,27485,3766,27480,23301
2020-06-02 10:13:03.520000,27547.4,27495,1511,27500,30296,27490,5700,27485,22079
2020-06-02 10:13:04.320000,27547.4,27495,9123,27500,25184,27490,6700,27485,22079
2020-06-02 10:13:05.930000,27547.4,27495,9123,27500,25184,27490,6700,27485,22079
2020-06-02 10:13:06.190000,27547.4,27495,4011,27500,30296,27490,6700,27485,22079
2020-06-02 10:13:06.930000,27547.4,27495,3615,27500,30296,27490,6700,27485,22079
2020-06-02 10:13:07.070000,27547.4,27495,8727,27500,25184,27490,6700,27485,22079
2020-06-02 10:13:08.050000,27547.4,27500,1374,27505,5142,27495,32891,27490,6000
2020-06-02 10:13:08.320000,27547.4,27500,1474,27505,28952,27495,10812,27490,23079
2020-06-02 10:13:08.800000,27547.4,27500,32654,27505,4021,27495,5112,27490,6700
2020-06-02 10:13:09.430000,27547.4,27495,5112,27500,27542,27490,6700,27485,42301
2020-06-02 10:13:09.820000,27562.27,27495,5112,27500,27542,27490,6700,27485,42301
2020-06-02 10:13:10.300000,27562.27,27495,5712,27500,27542,27490,1000,27485,48001
2020-06-02 10:13:10.720000,27562.27,27495,7612,27500,27542,27490,1000,27485,28001
2020-06-02 10:13:11.610000,27562.27,27495,5112,27500,27542,27490,6700,27485,22301
2020-06-02 10:13:11.720000,27562.27,27500,32654,27505,4021,27490,6700,27485,22301
2020-06-02 10:13:12.660000,27562.27,27500,8786,27505,23840,27495,5700,27490,23079
2020-06-02 10:13:12.830000,27562.27,27500,1374,27505,28952,27495,5700,27490,23079
2020-06-02 10:13:13.190000,27562.27,27500,3374,27505,28952,27495,5700,27490,23079
2020-06-02 10:13:13.860000,27562.27,27500,1374,27505,28952,27495,5700,27490,23079
2020-06-02 10:13:13.970000,27562.27,27505,30,27510,29075,27500,5675,27495,22301
2020-06-02 10:13:14.750000,27562.27,27505,2530,27510,29075,27500,5675,27495,22301
2020-06-02 10:13:14.960000,27562.27,27505,1,27510,29075,27500,5700,27495,22301
2020-06-02 10:13:15.300000,27562.27,27510,29075,27515,3997,27500,5700,27495,22301
2020-06-02 10:13:15.950000,27562.27,27510,29075,27515,3997,27500,5700,27495,22301
2020-06-02 10:13:16.200000,27562.27,27510,29875,27515,3997,27500,5700,27495,22301
2020-06-02 10:13:16.490000,27562.27,27510,29075,27515,3997,27500,5700,27495,22301
2020-06-02 10:13:16.890000,27562.27,27510,29075,27515,3997,27500,5700,27495,22301
2020-06-02 10:13:17.440000,27562.27,27510,29075,27515,3997,27500,5700,27495,22301
2020-06-02 10:13:17.690000,27562.27,27510,95,27515,28928,27505,5700,27500,22079
2020-06-02 10:13:18.890000,27562.27,27515,28928,27520,4087,27505,5700,27500,22079
2020-06-02 10:13:19.190000,27562.27,27515,5118,27520,23906,27510,5700,27505,22301
2020-06-02 10:13:19.950000,27562.27,27515,6,27520,29018,27510,5700,27505,22301
2020-06-02 10:13:20.420000,27562.27,27515,7618,27520,23906,27510,5700,27505,22301
2020-06-02 10:13:21.000000,27548.63,27515,31428,27520,4087,27505,5700,27500,42079
2020-06-02 10:13:21.730000,27548.63,27515,31428,27520,4087,27505,5700,27500,42079
2020-06-02 10:13:22.030000,27548.63,27515,6,27520,29018,27510,5700,27505,22301
2020-06-02 10:13:22.530000,27548.63,27515,6,27520,29018,27510,5700,27505,22301
2020-06-02 10:13:23.030000,27548.63,27520,9199,27525,23824,27515,5694,27510,17301
2020-06-02 10:13:24.160000,27548.63,27520,5150,27525,23824,27510,27773,27505,5000
2020-06-02 10:13:24.690000,27548.63,27520,4664,27525,23824,27515,5694,27510,22079
2020-06-02 10:13:25.420000,27548.63,27520,6064,27525,23824,27515,5694,27510,22079
2020-06-02 10:13:25.720000,27548.63,27525,28488,27530,4182,27515,5694,27510,22079
2020-06-02 10:13:26.220000,27548.63,27520,4664,27525,23824,27510,27773,27505,25000
2020-06-02 10:13:26.620000,27548.63,27520,4664,27525,23824,27515,5694,27510,22079
2020-06-02 10:13:27.030000,27548.63,27520,30932,27525,4005,27510,5694,27505,42301
2020-06-02 10:13:27.330000,27548.63,27515,4664,27520,26268,27510,5694,27505,42301
2020-06-02 10:13:27.720000,27548.63,27520,30932,27525,4005,27510,5694,27505,42301
2020-06-02 10:13:28.400000,27548.63,27515,4664,27520,26268,27510,5694,27505,22301
2020-06-02 10:13:28.610000,27548.63,27520,30932,27525,4005,27510,5694,27505,22301
2020-06-02 10:13:29.470000,27548.63,27515,4669,27520,26268,27510,5694,27505,22301
2020-06-02 10:13:29.580000,27548.63,27515,4674,27520,26268,27510,5694,27505,22301
2020-06-02 10:13:29.920000,27548.63,27515,10,27520,30932,27510,5694,27505,22301
2020-06-02 10:13:30.530000,27548.63,27515,4674,27520,26268,27510,5694,27505,22301
2020-06-02 10:13:30.830000,27560.2,27515,4674,27520,26268,27510,5694,27505,22301
2020-06-02 10:13:31.590000,27560.2,27515,4674,27520,26268,27510,5694,27505,22301
2020-06-02 10:13:31.670000,27560.2,27515,4674,27520,26468,27510,5694,27505,22301
2020-06-02 10:13:32.640000,27560.2,27515,4674,27520,26468,27510,5694,27505,22301
2020-06-02 10:13:33.030000,27560.2,27515,4674,27520,26468,27510,5694,27505,22301
2020-06-02 10:13:33.420000,27560.2,27515,4674,27520,26468,27510,5694,27505,22301
2020-06-02 10:13:34.450000,27560.2,27515,10,27520,31132,27510,5694,27505,22301
2020-06-02 10:13:34.590000,27560.2,27515,10,27520,31132,27510,5694,27505,22301
2020-06-02 10:13:34.890000,27560.2,27515,1210,27520,31132,27510,5694,27505,22301
2020-06-02 10:13:35.290000,27560.2,27515,2410,27520,31132,27510,5694,27505,22301
2020-06-02 10:13:36.000000,27560.2,27515,1208,27520,31132,27510,5694,27505,22301
2020-06-02 10:13:36.170000,27560.2,27515,8,27520,31132,27510,5694,27505,22301
2020-06-02 10:13:37.000000,27560.2,27515,26891,27520,6649,27505,10694,27500,22089
2020-06-02 10:13:37.930000,27560.2,27515,30882,27520,6649,27505,5694,27500,22089
2020-06-02 10:13:38.180000,27560.2,27515,30881,27520,6649,27505,5694,27500,22089
2020-06-02 10:13:38.350000,27560.2,27510,4662,27515,26219,27505,5694,27500,22089
2020-06-02 10:13:38.820000,27560.2,27515,30881,27520,6650,27505,5694,27500,22089
2020-06-02 10:13:39.480000,27560.2,27515,30881,27520,6650,27505,5694,27500,22089
2020-06-02 10:13:39.590000,27560.2,27515,30881,27520,6650,27505,5694,27500,22089
2020-06-02 10:13:39.730000,27560.2,27515,30881,27520,6650,27505,5694,27500,22089
2020-06-02 10:13:39.880000,27560.2,27515,30881,27520,6650,27505,5696,27500,22089
2020-06-02 10:13:41.090000,27577.79,27515,26890,27520,6650,27505,10696,27500,22089
2020-06-02 10:13:41.810000,27577.79,27515,30881,27520,6650,27505,5696,27500,22089
2020-06-02 10:13:42.040000,27577.79,27515,4671,27520,26469,27510,5694,27505,22403
2020-06-02 10:13:42.430000,27577.79,27515,4671,27520,26469,27510,5694,27505,22403
2020-06-02 10:13:42.790000,27577.79,27515,9,27520,31131,27510,5694,27505,22403
2020-06-02 10:13:43.590000,27577.79,27515,4669,27520,26469,27510,5694,27505,22403
2020-06-02 10:13:44.020000,27577.79,27520,31131,27525,4096,27515,33,27510,5694
2020-06-02 10:13:44.290000,27577.79,27520,31131,27525,4096,27510,5694,27505,22403
2020-06-02 10:13:44.910000,27577.79,27515,4662,27520,26469,27510,5694,27505,22403
2020-06-02 10:13:45.100000,27577.79,27515,4662,27520,26469,27505,28097,27500,24790
2020-06-02 10:13:45.270000,27577.79,27515,4662,27520,26469,27510,5694,27505,22403
2020-06-02 10:13:45.900000,27577.79,27520,31131,27525,4096,27510,5694,27505,22403
2020-06-02 10:13:46.380000,27577.79,27520,31131,27525,4096,27510,5694,27505,22403
2020-06-02 10:13:47.380000,27577.79,27520,31131,27525,4096,27510,5694,27505,22403
2020-06-02 10:13:48.930000,27577.79,27520,31131,27525,4096,27510,5694,27505,22403
2020-06-02 10:13:50.580000,27563.95,27515,4662,27520,26469,27510,5694,27505,22403
2020-06-02 10:13:51.160000,27563.95,27515,4662,27520,26469,27510,5694,27505,22403
2020-06-02 10:13:52.120000,27563.95,27520,31131,27525,4096,27510,5694,27505,22403
2020-06-02 10:13:52.930000,27563.95,27520,11312,27525,23915,27515,5694,27510,17301
2020-06-02 10:13:53.660000,27563.95,27520,4863,27525,23915,27515,5694,27510,22079
2020-06-02 10:13:54.880000,27563.95,27520,4863,27525,23915,27515,5694,27510,22359
2020-06-02 10:13:55.220000,27563.95,27520,8917,27525,23915,27515,5694,27510,17581
2020-06-02 10:13:55.800000,27563.95,27520,206,27525,28577,27515,5694,27510,22359
2020-06-02 10:13:57.410000,27563.95,27520,206,27525,28577,27515,5697,27510,22359
2020-06-02 10:13:57.630000,27563.95,27520,206,27525,28577,27515,5692,27510,22359
2020-06-02 10:13:58.390000,27563.95,27520,206,27525,28577,27515,5692,27510,22359
2020-06-02 10:13:58.460000,27563.95,27520,206,27525,28577,27515,5692,27510,22359
2020-06-02 10:13:59.570000,27563.95,27525,105,27530,28663,27520,5686,27515,22304
2020-06-02 10:14:00.520000,27563.95,27530,4182,27535,28514,27525,5480,27520,206
2020-06-02 10:14:01.580000,27588.52,27530,7095,27535,23852,27520,27765,27515,5003
2020-06-02 10:14:02.100000,27588.52,27530,133,27535,28514,27525,5480,27520,22285
2020-06-02 10:14:02.850000,27588.52,27530,133,27535,28514,27525,5480,27520,22285
2020-06-02 10:14:03.660000,27588.52,27530,4663,27535,23852,27525,5347,27520,22285
2020-06-02 10:14:04.020000,27588.52,27535,4704,27540,23890,27530,5342,27525,22301
2020-06-02 10:14:04.420000,27588.52,27535,42,27540,8733,27530,5342,27525,22301
2020-06-02 10:14:05.240000,27588.52,27535,42,27540,24503,27530,10120,27525,22301
2020-06-02 10:14:05.720000,27588.52,27535,42,27540,24503,27530,10120,27525,22301
2020-06-02 10:14:06.810000,27588.52,27540,4684,27545,23811,27530,27421,27525,25000
2020-06-02 10:14:07.130000,27588.52,27540,22,27545,4663,27535,27643,27530,4778
2020-06-02 10:14:07.830000,27588.52,27540,22,27545,24482,27535,10347,27530,22079
2020-06-02 10:14:08.910000,27588.52,27540,22,27545,8654,27535,22648,27530,4778
2020-06-02 10:14:09.160000,27588.52,27540,22,27545,28473,27535,5347,27530,22079
2020-06-02 10:14:09.940000,27588.52,27545,4663,27550,25588,27540,5325,27535,22306
2020-06-02 10:14:10.140000,27571.94,27540,396,27545,4663,27535,27631,27530,4778
2020-06-02 10:14:10.970000,27571.94,27545,4663,27550,25588,27540,4927,27535,22306
2020-06-02 10:14:11.390000,27571.94,27545,1,27550,6382,27540,27006,27535,5005
2020-06-02 10:14:12.550000,27571.94,27550,6382,27555,23811,27540,27005,27535,5005
2020-06-02 10:14:12.890000,27571.94,27550,6382,27555,23811,27545,4926,27540,22082
2020-06-02 10:14:13.550000,27571.94,27550,1720,27555,28473,27545,4926,27540,22082
2020-06-02 10:14:14.620000,27571.94,27550,6382,27555,23811,27545,4926,27540,22082
2020-06-02 10:14:14.840000,27571.94,27550,1720,27555,28473,27545,4926,27540,22082
2020-06-02 10:14:15.690000,27571.94,27550,1720,27555,4663,27545,27227,27540,4781
2020-06-02 10:14:16.730000,27571.94,27550,1720,27555,4663,27545,27232,27540,24781
2020-06-02 10:14:16.980000,27571.94,27555,4663,27560,24878,27550,2956,27545,22306
2020-06-02 10:14:17.760000,27571.94,27555,1,27560,29540,27550,2956,27545,22306
2020-06-02 10:14:18.220000,27571.94,27555,4663,27560,24878,27550,5695,27545,22306
2020-06-02 10:14:19.330000,27571.94,27555,1,27560,29540,27550,5695,27545,22306
2020-06-02 10:14:19.730000,27571.94,27555,4663,27560,24878,27550,5695,27545,22306
2020-06-02 10:14:20.390000,27571.94,27555,8654,27560,24878,27545,5700,27540,42082
2020-06-02 10:14:21.430000,27585.46,27555,26582,27560,5059,27545,10700,27540,42082
2020-06-02 10:14:21.820000,27585.46,27555,30573,27560,5059,27545,5700,27540,42082
2020-06-02 10:14:22.420000,27585.46,27550,4662,27555,25911,27545,5,27540,27777
2020-06-02 10:14:22.930000,27585.46,27550,6762,27555,25911,27545,5,27540,27777
2020-06-02 10:14:23.420000,27585.46,27550,6759,27555,25911,27545,5,27540,27777
2020-06-02 10:14:23.920000,27585.46,27550,26578,27555,6092,27545,5,27540,10476
2020-06-02 10:14:24.500000,27585.46,27550,10808,27555,25911,27545,5,27540,22999
2020-06-02 10:14:25.090000,27585.46,27550,4659,27555,25911,27545,5700,27540,22082
2020-06-02 10:14:25.820000,27585.46,27555,30570,27560,5059,27545,5700,27540,22082
2020-06-02 10:14:26.650000,27585.46,27555,30570,27560,5059,27550,181,27545,5700
2020-06-02 10:14:26.820000,27585.46,27555,30570,27560,5059,27550,140,27545,5700
2020-06-02 10:14:27.090000,27585.46,27555,30570,27560,5059,27545,5700,27540,22082
2020-06-02 10:14:27.530000,27585.46,27555,30570,27560,5059,27550,50,27545,5700
2020-06-02 10:14:28.200000,27585.46,27555,30570,27560,5059,27545,5700,27540,22082
2020-06-02 10:14:28.530000,27585.46,27550,4659,27555,25911,27545,5700,27540,22082
2020-06-02 10:14:28.900000,27585.46,27555,30570,27560,5059,27545,5700,27540,22082
2020-06-02 10:14:29.200000,27585.46,27550,4659,27555,25911,27545,5,27540,27777
2020-06-02 10:14:29.490000,27585.46,27550,6759,27555,25911,27545,5700,27540,22082
2020-06-02 10:14:30.260000,27585.46,27550,30627,27555,6092,27545,5,27540,5698
2020-06-02 10:14:30.490000,27585.46,27550,24478,27555,6092,27545,5,27540,10476
2020-06-02 10:14:31.290000,27596.27,27550,8708,27555,25911,27545,5,27540,22999
2020-06-02 10:14:31.520000,27596.27,27550,30527,27555,6092,27545,5,27540,5698
2020-06-02 10:14:32.320000,27596.27,27550,30527,27555,6092,27540,5698,27535,22306
2020-06-02 10:14:32.520000,27596.27,27550,30527,27555,6092,27540,5698,27535,22306
2020-06-02 10:14:33.430000,27596.27,27550,30527,27555,6092,27540,5698,27535,22306
2020-06-02 10:14:34.430000,27596.27,27545,28469,27550,6049,27540,3,27535,5700
2020-06-02 10:14:34.630000,27596.27,27545,28469,27550,6049,27540,3,27535,5700
2020-06-02 10:14:35.700000,27596.27,27550,30527,27555,6092,27540,5698,27535,22306
2020-06-02 10:14:36.540000,27596.27,27550,30527,27555,6092,27540,5698,27535,22306
2020-06-02 10:14:36.710000,27596.27,27550,30527,27555,6092,27540,5698,27535,22306
2020-06-02 10:14:37.690000,27596.27,27550,30527,27555,6092,27540,5698,27535,22306
2020-06-02 10:14:37.990000,27596.27,27550,30527,27555,6092,27540,5698,27535,22306
2020-06-02 10:14:39.730000,27596.27,27545,28469,27550,6049,27540,3,27535,5700
2020-06-02 10:14:39.930000,27596.27,27545,28469,27550,6049,27540,3,27535,5700
2020-06-02 10:14:40.120000,27596.27,27545,4659,27550,25868,27540,5698,27535,22306
2020-06-02 10:14:40.620000,27607.04,27550,30527,27555,6092,27540,5698,27535,22306
2020-06-02 10:14:41.130000,27607.04,27550,30527,27555,6092,27540,5698,27535,22306
2020-06-02 10:14:41.940000,27607.04,27545,4659,27550,25868,27540,5698,27535,22306
2020-06-02 10:14:42.130000,27607.04,27550,30527,27555,6092,27540,5698,27535,22306
2020-06-02 10:14:42.880000,27607.04,27550,30527,27555,6092,27540,5698,27535,22306
2020-06-02 10:14:43.080000,27607.04,27550,30527,27555,6092,27540,5698,27535,22306
2020-06-02 10:14:43.220000,27607.04,27550,30527,27555,6092,27540,5698,27535,22306
2020-06-02 10:14:43.930000,27607.04,27550,30527,27555,6092,27540,5978,27535,22306
2020-06-02 10:14:44.050000,27607.04,27550,30527,27555,6092,27540,5978,27535,22306
2020-06-02 10:14:44.970000,27607.04,27550,28527,27555,6092,27540,5978,27535,22306
2020-06-02 10:14:45.190000,27607.04,27550,8708,27555,25911,27540,23279,27535,5005
2020-06-02 10:14:46.040000,27607.04,27550,4659,27555,25911,27540,28057,27535,25005
2020-06-02 10:14:47.080000,27607.04,27550,4659,27555,25911,27545,5695,27540,22362
2020-06-02 10:14:47.300000,27607.04,27550,4659,27555,25911,27545,5695,27540,22362
2020-06-02 10:14:47.520000,27607.04,27550,4659,27555,25911,27545,5695,27540,22362
2020-06-02 10:14:47.990000,27607.04,27555,30570,27560,5059,27545,5695,27540,22362
2020-06-02 10:14:48.330000,27607.04,27550,4659,27555,25911,27540,28057,27535,25005
2020-06-02 10:14:49.220000,27607.04,27550,4659,27555,25911,27540,10756,27535,22306
2020-06-02 10:14:49.460000,27607.04,27555,30570,27560,5059,27545,5695,27540,22362
2020-06-02 10:14:49.640000,27607.04,27555,30570,27560,5059,27545,5695,27540,22362
2020-06-02 10:14:50.020000,27607.04,27555,30568,27560,5059,27545,5695,27540,22362
2020-06-02 10:14:51.960000,27609.05,27555,30568,27560,5059,27545,5695,27540,22367
2020-06-02 10:14:52.220000,27609.05,27555,30568,27560,5059,27545,5698,27540,22367
2020-06-02 10:14:54.420000,27609.05,27555,30568,27560,5064,27545,5698,27540,22367
2020-06-02 10:14:54.720000,27609.05,27550,8708,27555,25909,27545,3,27540,23284
2020-06-02 10:14:55.520000,27609.05,27550,26578,27555,6090,27545,3,27540,10761
2020-06-02 10:14:55.770000,27609.05,27545,3,27550,8708,27540,5983,27535,22306
2020-06-02 10:14:56.560000,27609.05,27545,3,27550,4659,27540,28062,27535,5005
2020-06-02 10:14:56.780000,27609.05,27550,4659,27555,25909,27545,5692,27540,22367
2020-06-02 10:14:57.610000,27609.05,27550,4659,27555,25909,27545,5692,27540,22367
2020-06-02 10:14:57.770000,27609.05,27555,30568,27560,5064,27545,5692,27540,22367
2020-06-02 10:14:58.420000,27609.05,27550,4659,27555,25909,27545,5692,27540,22367
2020-06-02 10:14:59.220000,27609.05,27550,4659,27555,25909,27545,5692,27540,22367
2020-06-02 10:15:00.280000,27609.05,27550,4659,27555,25909,27540,23281,27535,5005
2020-06-02 10:15:00.450000,27609.05,27555,6758,27560,24883,27545,27993,27540,5066
2020-06-02 10:15:00.720000,27608.08,27555,4659,27560,24883,27550,5692,27545,22301
2020-06-02 10:15:01.480000,27608.08,27560,29542,27565,3993,27550,5692,27545,22301
2020-06-02 10:15:02.370000,27608.08,27555,4659,27560,24883,27545,27993,27540,25066
2020-06-02 10:15:02.830000,27608.08,27555,29269,27560,5064,27545,5692,27540,42367
2020-06-02 10:15:03.950000,27608.08,27555,4659,27560,24883,27545,27993,27540,25066
2020-06-02 10:15:04.220000,27608.08,27550,4659,27555,25910,27545,5692,27540,22367
2020-06-02 10:15:04.980000,27608.08,27555,30569,27560,5064,27545,5692,27540,22367
2020-06-02 10:15:05.500000,27608.08,27555,30569,27560,5064,27545,5693,27540,22367
2020-06-02 10:15:06.230000,27608.08,27555,4659,27560,24883,27550,5691,27545,22302
2020-06-02 10:15:06.530000,27608.08,27560,29542,27565,3993,27550,5691,27545,22302
2020-06-02 10:15:08.840000,27608.08,27555,24478,27560,5064,27545,10692,27540,22367
2020-06-02 10:15:09.730000,27608.08,27550,28527,27555,5691,27545,1,27540,5979
2020-06-02 10:15:09.970000,27610.97,27550,28527,27555,5691,27545,1,27540,5979
2020-06-02 10:15:10.760000,27610.97,27550,28527,27555,5691,27545,1,27540,5979
2020-06-02 10:15:11.090000,27610.97,27545,4659,27550,23868,27540,5979,27535,22306
2020-06-02 10:15:11.810000,27610.97,27545,4659,27550,23868,27540,5979,27535,22306
2020-06-02 10:15:12.140000,27610.97,27550,28527,27555,5691,27540,5979,27535,22306
2020-06-02 10:15:12.590000,27610.97,27550,28527,27555,5691,27540,5979,27535,22306
2020-06-02 10:15:13.370000,27610.97,27545,4659,27550,23868,27540,5979,27535,22306
2020-06-02 10:15:13.570000,27610.97,27545,4654,27550,23868,27540,288,27535,27997
2020-06-02 10:15:14.400000,27610.97,27545,4654,27550,23868,27540,5979,27535,22306
2020-06-02 10:15:14.640000,27610.97,27545,4654,27550,23868,27540,5979,27535,22306
2020-06-02 10:15:15.460000,27610.97,27550,28522,27555,5691,27540,5979,27535,22306
2020-06-02 10:15:15.680000,27610.97,27550,4654,27555,25510,27540,28058,27535,5005
2020-06-02 10:15:16.490000,27610.97,27550,30622,27555,5691,27540,5979,27535,22306
2020-06-02 10:15:16.730000,27610.97,27545,4654,27550,25968,27540,5979,27535,22306
2020-06-02 10:15:16.990000,27610.97,27545,4654,27550,25968,27540,5979,27535,22306
2020-06-02 10:15:17.530000,27610.97,27545,4654,27550,35968,27540,288,27535,27997
2020-06-02 10:15:17.990000,27610.97,27550,40622,27555,5691,27540,5979,27535,22306
2020-06-02 10:15:19.020000,27610.97,27550,14654,27555,25510,27540,28058,27535,5005
2020-06-02 10:15:19.600000,27610.97,27550,34473,27555,5691,27540,5979,27535,22306
2020-06-02 10:15:20.380000,27596.39,27550,38522,27555,5691,27540,5699,27535,22306
2020-06-02 10:15:20.590000,27596.39,27550,38522,27555,5691,27540,5699,27535,22306
2020-06-02 10:15:21.620000,27596.39,27545,4654,27550,33868,27540,5699,27535,22306
2020-06-02 10:15:22.620000,27596.39,27545,4654,27550,33868,27540,5699,27535,22306
2020-06-02 10:15:23.400000,27596.39,27545,4654,27550,33868,27540,5699,27535,22306
2020-06-02 10:15:23.650000,27596.39,27545,4654,27550,33868,27540,8,27535,27997
2020-06-02 10:15:23.900000,27596.39,27545,4654,27550,33868,27540,8,27535,27997
2020-06-02 10:15:24.320000,27596.39,27545,4654,27550,33868,27540,5699,27535,22306
2020-06-02 10:15:25.520000,27596.39,27550,38522,27555,5691,27540,5699,27535,22306
2020-06-02 10:15:26.090000,27596.39,27545,4654,27550,33868,27540,5699,27535,22306
2020-06-02 10:15:26.590000,27596.39,27550,38522,27555,5691,27545,10,27540,5699
2020-06-02 10:15:27.180000,27596.39,27550,14654,27555,25510,27545,10,27540,27778
2020-06-02 10:15:28.120000,27596.39,27550,38522,27555,5691,27545,10,27540,5699
2020-06-02 10:15:28.370000,27596.39,27545,4654,27550,33873,27540,5699,27535,22306
2020-06-02 10:15:29.180000,27596.39,27545,4654,27550,33873,27540,8,27535,27997
2020-06-02 10:15:29.350000,27596.39,27545,4654,27550,33873,27540,8,27535,27997
2020-06-02 10:15:29.690000,27596.39,27545,4654,27550,33873,27540,8,27535,27997
2020-06-02 10:15:30.120000,27596.39,27545,4654,27550,33873,27540,5699,27535,22306
2020-06-02 10:15:30.490000,27596.39,27545,4654,27550,33873,27540,8,27535,27997
2020-06-02 10:15:31.270000,27600.2,27545,4654,27550,33873,27540,8,27535,27997
2020-06-02 10:15:31.490000,27600.2,27545,5954,27550,33873,27540,8,27535,27997
2020-06-02 10:15:31.610000,27600.2,27545,29979,27550,14054,27540,9,27535,5696
2020-06-02 10:15:32.190000,27600.2,27545,29979,27550,14054,27540,9,27535,10696
2020-06-02 10:15:32.720000,27600.2,27545,3991,27550,39573,27540,5700,27535,22306
2020-06-02 10:15:33.320000,27600.2,27550,39573,27555,5691,27540,5700,27535,22306
2020-06-02 10:15:33.690000,27600.2,27550,39573,27555,5691,27540,5700,27535,22306
2020-06-02 10:15:35.990000,27600.2,27545,29510,27550,14054,27540,9,27535,5696
2020-06-02 10:15:36.220000,27600.2,27545,29497,27550,14054,27540,9,27535,5696
2020-06-02 10:15:37.000000,27600.2,27540,5678,27545,23810,27535,5696,27530,22079
2020-06-02 10:15:37.190000,27600.2,27545,29488,27550,14054,27535,5696,27530,22079
2020-06-02 10:15:38.070000,27600.2,27540,5678,27545,23810,27535,5,27530,27770
2020-06-02 10:15:39.130000,27600.2,27540,7178,27545,23810,27535,5696,27530,22079
2020-06-02 10:15:39.300000,27600.2,27540,31446,27545,3991,27535,5,27530,5691
2020-06-02 10:15:39.690000,27600.2,27540,31446,27545,3991,27530,5691,27525,22301
2020-06-02 10:15:40.410000,27600.2,27540,31446,27545,3991,27530,5691,27525,22301
2020-06-02 10:15:42.360000,27613.07,27535,5678,27540,25768,27530,5691,27525,22301
2020-06-02 10:15:42.630000,27613.07,27535,31488,27540,5949,27525,5691,27520,22317
2020-06-02 10:15:43.100000,27613.07,27535,31488,27540,5949,27525,5691,27520,22317
2020-06-02 10:15:43.690000,27613.07,27535,31488,27540,5949,27525,5691,27520,22317
2020-06-02 10:15:44.630000,27613.07,27535,31488,27540,5949,27525,5691,27520,22317
2020-06-02 10:15:45.410000,27613.07,27535,29488,27540,5949,27530,5691,27520,22317
2020-06-02 10:15:45.660000,27613.07,27540,31446,27545,3991,27530,5691,27525,22301
2020-06-02 10:15:46.470000,27613.07,27540,31446,27545,3991,27530,5691,27525,22301
2020-06-02 10:15:47.020000,27613.07,27540,31446,27545,3991,27530,5691,27525,22301
2020-06-02 10:15:48.230000,27613.07,27540,31446,27545,3991,27530,5691,27525,22301
2020-06-02 10:15:49.190000,27613.07,27540,31446,27545,3991,27530,5691,27525,22301
2020-06-02 10:15:50.190000,27613.07,27540,5678,27545,23810,27535,5691,27530,22079
2020-06-02 10:15:50.900000,27616.03,27545,29488,27550,14064,27535,5691,27530,22079
2020-06-02 10:15:51.750000,27616.03,27545,29488,27550,14064,27535,5691,27530,22359
2020-06-02 10:15:52.120000,27616.03,27545,29488,27550,14064,27535,5691,27530,22359
2020-06-02 10:15:53.120000,27616.03,27545,29488,27550,14064,27535,5691,27530,22359
2020-06-02 10:15:53.690000,27616.03,27545,5678,27550,33883,27540,5691,27535,22301
2020-06-02 10:15:54.120000,27616.03,27550,39561,27555,5691,27540,5691,27535,22301
2020-06-02 10:15:54.890000,27616.03,27550,39561,27555,5691,27540,5691,27535,22301
2020-06-02 10:15:55.220000,27616.03,27545,5678,27550,33883,27540,5691,27535,22301
2020-06-02 10:15:55.720000,27616.03,27545,25497,27550,14064,27535,10691,27530,42359
2020-06-02 10:15:56.470000,27616.03,27545,9669,27550,33883,27535,22992,27530,25058
2020-06-02 10:15:56.890000,27616.03,27545,5678,27550,33883,27540,5691,27535,22301
2020-06-02 10:15:57.320000,27616.03,27550,39561,27555,5691,27540,5691,27535,22301
2020-06-02 10:15:58.320000,27616.03,27545,5678,27550,33883,27540,5691,27535,22301
2020-06-02 10:15:59.110000,27616.03,27550,39561,27555,5691,27540,5691,27535,22301
2020-06-02 10:15:59.340000,27616.03,27550,39561,27555,5691,27540,5691,27535,22301
2020-06-02 10:15:59.620000,27616.03,27545,25497,27550,14064,27535,10691,27530,22359
2020-06-02 10:16:00.030000,27596.61,27545,29488,27550,14064,27535,5691,27530,22359
2020-06-02 10:16:00.500000,27596.61,27545,29488,27550,14064,27535,5691,27530,22359
2020-06-02 10:16:01.250000,27596.61,27545,29488,27550,14064,27535,5691,27530,22359
2020-06-02 10:16:01.420000,27596.61,27540,5678,27545,23810,27535,5697,27530,22359
2020-06-02 10:16:02.310000,27596.61,27545,29488,27550,14064,27535,5697,27530,22359
2020-06-02 10:16:02.530000,27596.61,27545,25497,27550,14064,27535,10697,27530,22359
2020-06-02 10:16:02.820000,27596.61,27545,25497,27550,14064,27535,10697,27530,22359
2020-06-02 10:16:03.320000,27596.61,27545,25497,27550,14064,27535,10697,27530,22359
2020-06-02 10:16:03.730000,27596.61,27545,29488,27550,14064,27535,5697,27530,22359
2020-06-02 10:16:04.120000,27596.61,27540,5678,27545,23810,27535,5697,27530,22359
2020-06-02 10:16:04.920000,27596.61,27540,5678,27545,23810,27535,5697,27530,22359
2020-06-02 10:16:05.200000,27596.61,27540,25797,27545,3991,27535,6,27530,10749
2020-06-02 10:16:05.980000,27596.61,27540,29546,27545,3991,27530,5971,27525,42301
2020-06-02 10:16:06.230000,27596.61,27540,29546,27545,3991,27530,5971,27525,22301
2020-06-02 10:16:07.200000,27596.61,27535,5678,27540,23868,27530,5971,27525,22301
2020-06-02 10:16:08.060000,27596.61,27540,29546,27545,3991,27530,5971,27525,22301
2020-06-02 10:16:09.320000,27596.61,27540,29546,27545,3991,27530,5971,27525,22301
2020-06-02 10:16:10.130000,27596.61,27535,29488,27540,6049,27530,280,27525,5691
2020-06-02 10:16:10.400000,27596.61,27530,29546,27535,3991,27520,5929,27515,42404
2020-06-02 10:16:11.180000,27608.59,27530,25497,27535,3991,27520,10707,27515,42404
2020-06-02 10:16:12.230000,27608.59,27530,5578,27535,23810,27520,28008,27515,25103
2020-06-02 10:16:12.480000,27608.59,27535,29388,27540,6049,27525,5691,27520,22317
2020-06-02 10:16:13.270000,27608.59,27535,29388,27540,6049,27525,5691,27520,22317
2020-06-02 10:16:14.330000,27608.59,27535,29388,27540,6049,27525,5691,27520,22317
2020-06-02 10:16:16.430000,27608.59,27530,29446,27535,6091,27520,5929,27515,22404
2020-06-02 10:16:17.490000,27608.59,27525,29388,27530,6149,27520,238,27515,5794
2020-06-02 10:16:17.820000,27608.59,27525,29388,27530,6149,27520,200,27515,5794
2020-06-02 10:16:18.430000,27608.59,27520,5378,27525,23810,27515,5794,27510,22079
2020-06-02 10:16:19.020000,27608.59,27525,29188,27530,6149,27515,5794,27510,22079
2020-06-02 10:16:19.600000,27608.59,27525,5378,27530,25968,27520,5691,27515,22404
2020-06-02 10:16:20.320000,27608.59,27530,31344,27535,6091,27520,5691,27515,22404
2020-06-02 10:16:21.180000,27611.98,27525,5376,27530,23868,27515,10794,27510,42079
2020-06-02 10:16:21.400000,27611.98,27525,29186,27530,4049,27515,5794,27510,42079
2020-06-02 10:16:22.210000,27611.98,27525,5376,27530,23868,27515,28095,27510,24778
2020-06-02 10:16:22.630000,27611.98,27530,29244,27535,6091,27520,5691,27515,22404
2020-06-02 10:16:23.220000,27611.98,27530,29244,27535,6091,27520,5691,27515,22404
2020-06-02 10:16:24.320000,27611.98,27535,31286,27540,6049,27525,5691,27520,22079
2020-06-02 10:16:24.550000,27611.98,27530,9425,27535,23810,27520,5691,27515,22404
2020-06-02 10:16:25.350000,27611.98,27535,29186,27540,6049,27525,5691,27520,22079
2020-06-02 10:16:25.550000,27611.98,27535,29186,27540,6049,27525,5691,27520,22079
2020-06-02 10:16:26.390000,27611.98,27530,5376,27535,23810,27520,10469,27515,42404
2020-06-02 10:16:26.820000,27611.98,27530,5376,27535,23810,27525,5691,27520,22079
2020-06-02 10:16:27.320000,27611.98,27530,5376,27535,23810,27525,5691,27520,22079
2020-06-02 10:16:27.990000,27611.98,27530,5376,27535,23810,27525,5691,27520,22079
2020-06-02 10:16:28.720000,27611.98,27530,29244,27535,3991,27520,5691,27515,22404
2020-06-02 10:16:29.560000,27611.98,27530,29244,27535,3991,27520,5691,27515,22404
2020-06-02 10:16:29.740000,27611.98,27530,29244,27535,3991,27520,5691,27515,22404
2020-06-02 10:16:30.770000,27611.27,27530,29244,27535,3991,27520,5691,27515,22404
2020-06-02 10:16:31.130000,27611.27,27530,29244,27535,3991,27520,5691,27515,22404
2020-06-02 10:16:34.410000,27611.27,27525,5376,27530,23868,27520,5691,27515,22404
2020-06-02 10:16:35.330000,27611.27,27525,5376,27530,23868,27515,28095,27510,24778
2020-06-02 10:16:35.530000,27611.27,27525,9367,27530,23868,27520,5691,27515,17404
2020-06-02 10:16:36.390000,27611.27,27525,5376,27530,23868,27520,5691,27515,22404
2020-06-02 10:16:36.560000,27611.27,27525,5376,27530,23868,27520,5691,27515,22404
2020-06-02 10:16:38.450000,27611.27,27525,29186,27530,4049,27515,5794,27510,42079
2020-06-02 10:16:38.660000,27611.27,27525,25195,27530,4049,27515,10794,27510,22079
2020-06-02 10:16:39.000000,27611.27,27525,29186,27530,4049,27515,5794,27510,22079
2020-06-02 10:16:39.830000,27611.27,27520,5376,27525,23810,27515,5794,27510,22079
2020-06-02 10:16:40.330000,27611.27,27525,29186,27530,4049,27515,5794,27510,22079
2020-06-02 10:16:41.220000,27605.74,27520,5376,27525,23810,27515,5794,27510,22079
2020-06-02 10:16:42.110000,27605.74,27525,29186,27530,4049,27515,5794,27510,22079
2020-06-02 10:16:42.280000,27605.74,27525,9367,27530,23868,27515,23095,27510,4778
2020-06-02 10:16:43.450000,27605.74,27525,9367,27530,23868,27520,5691,27515,17404
2020-06-02 10:16:44.200000,27605.74,27525,9367,27530,23868,27520,5691,27515,17404
2020-06-02 10:16:44.370000,27605.74,27530,29244,27535,3991,27520,5691,27515,22404
2020-06-02 10:16:44.640000,27605.74,27530,29244,27535,3991,27520,5691,27515,22404
2020-06-02 10:16:46.530000,27605.74,27530,5376,27535,23810,27520,10469,27515,42404
2020-06-02 10:16:47.360000,27605.74,27530,5376,27535,23810,27520,27770,27515,25103
2020-06-02 10:16:47.560000,27605.74,27530,5376,27535,23810,27525,5691,27520,22079
2020-06-02 10:16:48.420000,27605.74,27530,5376,27535,23810,27525,5691,27520,22079
2020-06-02 10:16:48.540000,27605.74,27535,29186,27540,6049,27525,5691,27520,22079
2020-06-02 10:16:49.500000,27605.74,27535,25195,27540,6049,27525,10691,27520,22079
2020-06-02 10:16:49.730000,27605.74,27535,29186,27540,6049,27525,5691,27520,22079
2020-06-02 10:16:50.540000,27605.74,27530,5376,27535,23810,27520,27770,27515,25103
2020-06-02 10:16:50.820000,27608.94,27530,5376,27535,23810,27520,27770,27515,25103
2020-06-02 10:16:51.600000,27608.94,27530,5376,27535,23810,27525,5691,27520,22079
2020-06-02 10:16:51.990000,27608.94,27530,5376,27535,23810,27525,5691,27520,22079
2020-06-02 10:16:52.420000,27608.94,27530,5376,27535,23810,27520,27770,27515,25103
2020-06-02 10:16:52.890000,27608.94,27530,5376,27535,23810,27525,5691,27520,22079
2020-06-02 10:16:53.320000,27608.94,27530,5376,27535,23810,27520,27770,27515,25103
2020-06-02 10:16:54.200000,27608.94,27530,5376,27535,23810,27525,5691,27520,22079
2020-06-02 10:16:54.370000,27608.94,27530,5376,27535,23810,27520,27770,27515,25103
2020-06-02 10:16:55.120000,27608.94,27530,25495,27535,3991,27520,10469,27515,22404
2020-06-02 10:16:55.520000,27608.94,27530,29244,27535,3991,27520,5691,27515,22404
2020-06-02 10:16:56.270000,27608.94,27530,29244,27535,3991,27520,5691,27515,22404
2020-06-02 10:16:56.520000,27608.94,27525,5376,27530,23868,27520,5691,27515,22404
2020-06-02 10:16:56.880000,27608.94,27525,5376,27530,23868,27520,5691,27515,22404
2020-06-02 10:16:57.400000,27608.94,27530,29244,27535,3991,27520,5691,27515,22404
2020-06-02 10:16:57.790000,27608.94,27525,29186,27530,4049,27515,5794,27510,42079
2020-06-02 10:16:58.290000,27608.94,27525,29186,27530,4049,27515,5794,27510,42079
2020-06-02 10:16:59.460000,27608.94,27525,29186,27530,4049,27515,5794,27510,22079
2020-06-02 10:17:00.510000,27608.94,27525,29186,27530,4049,27515,5794,27510,22079
2020-06-02 10:17:00.680000,27608.94,27525,29186,27530,4049,27515,5794,27510,22079
2020-06-02 10:17:01.490000,27600.31,27525,3991,27530,29244,27520,5701,27515,17404
2020-06-02 10:17:02.020000,27600.31,27530,29244,27535,3991,27520,5701,27515,22404
2020-06-02 10:17:02.520000,27600.31,27525,3991,27530,29244,27520,5701,27515,17404
2020-06-02 10:17:02.930000,27600.31,27530,29244,27535,3991,27520,5701,27515,22404
2020-06-02 10:17:03.660000,27600.31,27525,9367,27530,23868,27520,5701,27515,17404
2020-06-02 10:17:03.830000,27600.31,27525,5376,27530,23868,27515,10794,27510,22079
2020-06-02 10:17:04.730000,27600.31,27525,25195,27530,4049,27515,10794,27510,22079
2020-06-02 10:17:05.080000,27600.31,27525,25395,27530,4049,27515,10794,27510,22079
2020-06-02 10:17:05.720000,27600.31,27525,9567,27530,23868,27515,23095,27510,4778
2020-06-02 10:17:06.320000,27600.31,27525,200,27530,29244,27520,5691,27515,22404
2020-06-02 10:17:07.350000,27600.31,27525,200,27530,29244,27520,5691,27515,22404
2020-06-02 10:17:07.820000,27600.31,27525,200,27530,29244,27520,5691,27515,22404
2020-06-02 10:17:08.320000,27600.31,27525,200,27530,29244,27520,5691,27515,22404
2020-06-02 10:17:08.720000,27600.31,27525,200,27530,29244,27520,5691,27515,22404
2020-06-02 10:17:09.430000,27600.31,27525,200,27530,29244,27520,5691,27515,22404
2020-06-02 10:17:09.570000,27600.31,27525,200,27530,29244,27520,5691,27515,22404
2020-06-02 10:17:09.930000,27602.32,27530,5376,27535,23810,27525,5491,27520,22079
2020-06-02 10:17:10.430000,27602.32,27530,5376,27535,23810,27525,5491,27520,22079
2020-06-02 10:17:11.290000,27602.32,27530,5376,27535,23810,27525,5491,27520,22079
2020-06-02 10:17:11.930000,27602.32,27535,29186,27540,6049,27525,5491,27520,22079
2020-06-02 10:17:12.390000,27602.32,27535,9367,27540,25868,27525,22792,27520,24778
2020-06-02 10:17:13.020000,27602.32,27535,5376,27540,25868,27530,5491,27525,22301
2020-06-02 10:17:13.430000,27602.32,27535,5376,27540,25868,27530,5491,27525,22301
2020-06-02 10:17:14.160000,27602.32,27535,5376,27540,25868,27530,5491,27525,22301
2020-06-02 10:17:14.300000,27602.32,27535,5376,27540,25868,27525,27792,27520,24778
2020-06-02 10:17:15.020000,27602.32,27535,5376,27540,25868,27530,5491,27525,22301
2020-06-02 10:17:16.240000,27602.32,27535,5376,27540,25868,27530,5491,27525,22301
2020-06-02 10:17:16.410000,27602.32,27540,31244,27545,3993,27530,5491,27525,22301
2020-06-02 10:17:16.720000,27602.32,27540,5376,27545,23812,27530,27570,27525,5000
2020-06-02 10:17:17.130000,27602.32,27540,5876,27545,23812,27530,27570,27525,5000
2020-06-02 10:17:17.890000,27602.32,27540,7676,27545,23812,27530,10269,27525,22301
2020-06-02 10:17:18.100000,27602.32,27545,29188,27550,14067,27535,5491,27530,22079
2020-06-02 10:17:18.920000,27602.32,27545,29188,27550,14067,27535,5491,27530,22079
2020-06-02 10:17:19.060000,27602.32,27545,29188,27550,14067,27535,5491,27530,22079
2020-06-02 10:17:19.240000,27602.32,27540,5376,27545,23812,27535,5491,27530,22079
2020-06-02 10:17:19.950000,27602.32,27540,5376,27545,23812,27535,5491,27530,22079
2020-06-02 10:17:20.160000,27602.32,27545,29188,27550,14067,27535,5491,27530,22079
2020-06-02 10:17:20.330000,27602.32,27540,5376,27545,23812,27535,5491,27530,22079
2020-06-02 10:17:22.050000,27608.28,27540,5376,27545,23812,27530,27570,27525,25000
2020-06-02 10:17:22.160000,27608.28,27540,5376,27545,23812,27530,27570,27525,25000
2020-06-02 10:17:25.420000,27608.28,27540,27495,27545,3993,27530,10269,27525,22301
2020-06-02 10:17:26.190000,27608.28,27540,5376,27545,23812,27530,27570,27525,5000
2020-06-02 10:17:26.390000,27608.28,27540,31544,27545,3993,27530,5491,27525,22301
2020-06-02 10:17:27.220000,27608.28,27540,31544,27545,3993,27530,5491,27525,22301
2020-06-02 10:17:27.450000,27608.28,27540,29244,27545,3993,27530,5491,27525,22301
2020-06-02 10:17:28.260000,27608.28,27540,29244,27545,3993,27530,5491,27525,22301
2020-06-02 10:17:29.390000,27608.28,27540,5376,27545,23812,27530,27570,27525,5000
2020-06-02 10:17:30.330000,27595.98,27540,5376,27545,23812,27530,27570,27525,25000
2020-06-02 10:17:30.720000,27595.98,27540,5576,27545,23812,27530,27570,27525,25000
2020-06-02 10:17:32.400000,27595.98,27540,31744,27545,3993,27530,5491,27525,22301
2020-06-02 10:17:32.730000,27595.98,27540,5576,27545,23812,27530,27570,27525,5000
2020-06-02 10:17:33.230000,27595.98,27540,5576,27545,23812,27530,27570,27525,5020
2020-06-02 10:17:34.060000,27595.98,27540,31744,27545,3993,27530,5491,27525,22321
2020-06-02 10:17:34.390000,27595.98,27540,31744,27545,3993,27530,5491,27525,22321
2020-06-02 10:17:34.930000,27595.98,27540,5576,27545,23812,27530,27570,27525,5020
2020-06-02 10:17:36.030000,27595.98,27540,5576,27545,23812,27535,5491,27530,22079
2020-06-02 10:17:36.200000,27595.98,27540,5576,27545,23812,27535,5491,27530,22079
2020-06-02 10:17:37.060000,27595.98,27540,5576,27545,23812,27535,5491,27530,22079
2020-06-02 10:17:38.110000,27595.98,27540,5576,27545,23812,27535,5491,27530,22079
2020-06-02 10:17:38.250000,27595.98,27540,5576,27545,23812,27535,5491,27530,22079
2020-06-02 10:17:38.590000,27595.98,27540,5090,27545,23812,27535,5491,27530,22079
2020-06-02 10:17:39.030000,27595.98,27540,5090,27545,23812,27530,27570,27525,25028
2020-06-02 10:17:39.530000,27595.98,27540,5090,27545,23812,27535,5491,27530,22079
2020-06-02 10:17:40.730000,27595.98,27540,5090,27545,23812,27535,5491,27530,22079
2020-06-02 10:17:42.490000,27610.84,27540,31258,27545,3993,27530,5491,27525,22329
2020-06-02 10:17:43.380000,27610.84,27535,4890,27540,26368,27525,27820,27520,24778
2020-06-02 10:17:43.590000,27610.84,27540,31258,27545,3993,27530,5491,27525,22329
2020-06-02 10:17:44.450000,27610.84,27540,28938,27545,3993,27530,5491,27525,22329
2020-06-02 10:17:44.680000,27610.84,27540,28938,27545,3993,27530,5491,27525,22329
2020-06-02 10:17:45.460000,27610.84,27540,5070,27545,23812,27530,10269,27525,22329
2020-06-02 10:17:45.710000,27610.84,27540,31238,27545,3993,27530,5491,27525,22329
2020-06-02 10:17:47.630000,27610.84,27540,28938,27545,3993,27530,5491,27525,22329
2020-06-02 10:17:47.910000,27610.84,27540,180,27545,28702,27535,5491,27530,22079
2020-06-02 10:17:48.520000,27610.84,27540,180,27545,28702,27535,5491,27530,22079
2020-06-02 10:17:49.020000,27610.84,27540,5070,27545,23812,27535,5491,27530,22079
2020-06-02 10:17:49.650000,27610.84,27540,180,27545,28702,27535,5491,27530,22079
2020-06-02 10:17:51.190000,27590.93,27540,180,27545,28702,27535,5491,27530,22079
2020-06-02 10:17:51.490000,27590.93,27540,180,27545,28702,27535,5491,27530,22079
2020-06-02 10:17:52.730000,27590.93,27540,180,27545,28702,27535,5491,27530,22079
2020-06-02 10:17:53.190000,27590.93,27540,11419,27545,23812,27535,7,27530,22792
2020-06-02 10:17:53.620000,27590.93,27540,31238,27545,3993,27530,5491,27525,42329
2020-06-02 10:17:54.370000,27590.93,27540,31238,27545,3993,27530,5491,27525,42329
2020-06-02 10:17:54.710000,27590.93,27540,31238,27545,3993,27530,5491,27525,22329
2020-06-02 10:17:55.410000,27590.93,27540,28938,27545,3993,27530,5491,27525,22329
2020-06-02 10:17:55.550000,27590.93,27540,28938,27545,3993,27530,5491,27525,22329
2020-06-02 10:17:59.190000,27590.93,27535,4890,27540,24048,27530,5491,27525,22329
2020-06-02 10:17:59.520000,27590.93,27535,4890,27540,24048,27525,27820,27520,24778
2020-06-02 10:18:00.210000,27590.93,27535,4890,27540,24048,27530,5491,27525,22329
2020-06-02 10:18:00.380000,27590.93,27535,4890,27540,24048,27530,5491,27525,22329
2020-06-02 10:18:01.270000,27600.99,27535,4890,27540,24048,27530,5491,27525,22329
2020-06-02 10:18:01.630000,27600.99,27535,4890,27540,24048,27530,5491,27525,22329
2020-06-02 10:18:02.190000,27600.99,27540,28938,27545,3993,27530,5491,27525,22329
2020-06-02 10:18:02.720000,27600.99,27540,28938,27545,3993,27530,5491,27525,22329
2020-06-02 10:18:04.220000,27600.99,27540,5070,27545,23812,27530,27570,27525,5028
2020-06-02 10:18:04.990000,27600.99,27540,5070,27545,23812,27535,5496,27530,22079
2020-06-02 10:18:05.220000,27600.99,27540,9119,27545,23812,27535,5,27530,22792
2020-06-02 10:18:06.030000,27600.99,27540,5070,27545,23812,27535,5496,27530,22079
2020-06-02 10:18:07.390000,27600.99,27540,7370,27545,23812,27535,5,27530,10269
2020-06-02 10:18:08.170000,27600.99,27540,7370,27545,23812,27535,5,27530,10269
2020-06-02 10:18:08.280000,27600.99,27540,7370,27545,23812,27535,25,27530,10269
2020-06-02 10:18:08.630000,27600.99,27540,5070,27545,23812,27535,25,27530,27570
2020-06-02 10:18:08.990000,27600.99,27540,9119,27545,23812,27535,25,27530,22792
2020-06-02 10:18:09.740000,27600.99,27540,180,27545,28702,27535,5516,27530,22079
2020-06-02 10:18:09.990000,27585.92,27540,180,27545,28702,27535,5516,27530,22079
2020-06-02 10:18:11.190000,27585.92,27540,7270,27545,23812,27535,25,27530,27570
2020-06-02 10:18:11.720000,27585.92,27540,7270,27545,23812,27535,25,27530,27570
2020-06-02 10:18:12.330000,27585.92,27540,181,27545,28702,27535,5516,27530,22079
2020-06-02 10:18:13.500000,27585.92,27540,181,27545,8883,27535,22817,27530,4778
2020-06-02 10:18:13.980000,27585.92,27540,181,27545,4892,27535,10516,27530,22079
2020-06-02 10:18:14.950000,27585.92,27540,181,27545,8883,27535,22817,27530,4778
2020-06-02 10:18:15.120000,27585.92,27540,181,27545,4892,27535,10516,27530,22079
2020-06-02 10:18:16.160000,27585.92,27540,181,27545,28703,27535,5516,27530,22079
2020-06-02 10:18:18.650000,27585.92,27540,5071,27545,23813,27535,25,27530,27570
2020-06-02 10:18:18.830000,27585.92,27540,181,27545,28703,27535,5516,27530,22079
2020-06-02 10:18:20.000000,27585.92,27540,181,27545,28703,27535,5516,27530,22079
2020-06-02 10:18:22.890000,27605.09,27545,8884,27550,33887,27540,5310,27535,17326
2020-06-02 10:18:23.140000,27605.09,27545,8884,27550,33887,27535,22636,27530,4778
2020-06-02 10:18:23.820000,27605.09,27545,8884,27550,33887,27535,5335,27530,22079
2020-06-02 10:18:24.900000,27605.09,27545,28703,27550,14068,27535,5335,27530,22079
2020-06-02 10:18:26.620000,27605.09,27540,4890,27545,23813,27535,5335,27530,22079
2020-06-02 10:18:26.890000,27605.09,27540,4890,27545,23813,27535,25,27530,27389
2020-06-02 10:18:27.500000,27605.09,27540,4890,27545,23813,27535,25,27530,27389
2020-06-02 10:18:28.790000,27605.09,27540,4890,27545,23813,27535,5335,27530,22079
2020-06-02 10:18:29.200000,27605.09,27540,4890,27545,23813,27535,5335,27530,22079
2020-06-02 10:18:29.530000,27605.09,27545,28703,27550,14068,27535,5335,27530,22079
2020-06-02 10:18:32.030000,27583.35,27545,28703,27550,14068,27535,5335,27530,22079
2020-06-02 10:18:32.840000,27583.35,27545,4893,27550,33887,27535,10335,27530,22079
2020-06-02 10:18:33.120000,27583.35,27545,30903,27550,14068,27535,5335,27530,22079
2020-06-02 10:18:34.700000,27583.35,27545,30903,27550,14068,27535,5335,27530,22079
2020-06-02 10:18:37.200000,27583.35,27545,30903,27550,14068,27535,5335,27530,22079
2020-06-02 10:18:37.900000,27583.35,27545,8884,27550,33887,27535,22636,27530,4778
2020-06-02 10:18:38.130000,27583.35,27545,3,27550,38777,27540,5310,27535,22326
2020-06-02 10:18:38.930000,27583.35,27545,3,27550,38777,27540,5310,27535,22326
2020-06-02 10:18:39.490000,27583.35,27545,3,27550,38777,27540,5310,27535,22326
2020-06-02 10:18:40.020000,27583.35,27545,3,27550,38777,27540,5310,27535,22326
2020-06-02 10:18:40.320000,27583.35,27545,30903,27550,14068,27535,5335,27530,42079
2020-06-02 10:18:41.020000,27598.88,27545,30903,27550,14068,27535,5335,27530,42079
2020-06-02 10:18:42.150000,27598.88,27545,30903,27550,14068,27535,5335,27530,22079
2020-06-02 10:18:42.490000,27598.88,27545,30903,27550,14068,27535,5335,27530,22079
2020-06-02 10:18:43.650000,27598.88,27540,4890,27545,26013,27535,25,27530,27389
2020-06-02 10:18:43.870000,27598.88,27540,4890,27545,26013,27535,25,27530,27389
2020-06-02 10:18:46.110000,27598.88,27535,4890,27540,26068,27530,5310,27525,22309
2020-06-02 10:18:46.600000,27598.88,27535,4890,27540,26068,27530,5310,27525,22309
2020-06-02 10:18:47.860000,27598.88,27535,26909,27540,6249,27525,10318,27520,42079
2020-06-02 10:18:48.070000,27598.88,27535,24709,27540,6249,27525,10318,27520,42079
2020-06-02 10:18:48.320000,27598.88,27535,24709,27540,6249,27525,10318,27520,22079
2020-06-02 10:18:48.720000,27598.88,27535,24709,27540,6249,27525,10318,27520,22079
2020-06-02 10:18:49.460000,27598.88,27535,28700,27540,6249,27525,5318,27520,22079
2020-06-02 10:18:49.600000,27598.88,27530,4890,27535,23810,27525,5318,27520,22079
2020-06-02 10:18:50.720000,27584.73,27535,28700,27540,6249,27525,5318,27520,22079
2020-06-02 10:18:52.610000,27584.73,27535,28700,27540,6249,27525,5318,27520,22079
2020-06-02 10:18:52.750000,27584.73,27535,28700,27540,6249,27525,5499,27520,22079
2020-06-02 10:18:54.990000,27584.73,27530,4890,27535,23810,27525,5499,27520,22079
2020-06-02 10:18:56.130000,27584.73,27530,24709,27535,3991,27525,189,27520,10088
2020-06-02 10:18:56.850000,27584.73,27530,4890,27535,23810,27525,5499,27520,22079
2020-06-02 10:18:57.130000,27584.73,27535,28700,27540,6249,27525,5499,27520,22079
2020-06-02 10:18:57.880000,27584.73,27530,4890,27535,23810,27525,5499,27520,22079
2020-06-02 10:18:57.990000,27584.73,27535,28700,27540,6249,27525,5499,27520,22079
2020-06-02 10:18:58.220000,27584.73,27530,4890,27535,23810,27525,5499,27520,22079
2020-06-02 10:18:59.630000,27584.73,27530,4890,27535,23810,27525,5499,27520,22079
2020-06-02 10:19:00.530000,27584.73,27530,30958,27535,3991,27525,189,27520,5310
2020-06-02 10:19:00.770000,27605.13,27530,28758,27535,3991,27520,5310,27515,22404
2020-06-02 10:19:01.580000,27605.13,27535,28700,27540,6254,27525,5310,27520,22079
2020-06-02 10:19:01.780000,27605.13,27530,4890,27535,23810,27520,27389,27515,5103
2020-06-02 10:19:02.620000,27605.13,27530,4890,27535,23810,27520,10088,27515,22404
2020-06-02 10:19:02.840000,27605.13,27530,4890,27535,23810,27520,10088,27515,22404
2020-06-02 10:19:03.120000,27605.13,27530,4890,27535,23810,27520,27389,27515,5103
2020-06-02 10:19:03.690000,27605.13,27530,4890,27535,23810,27520,10088,27515,22404
2020-06-02 10:19:04.370000,27605.13,27530,4890,27535,23810,27525,5310,27520,22079
2020-06-02 10:19:04.690000,27605.13,27530,4890,27535,23810,27525,5310,27520,22079
2020-06-02 10:19:05.220000,27605.13,27530,4890,27535,23810,27525,5315,27520,22079
2020-06-02 10:19:06.340000,27605.13,27530,4890,27535,23810,27525,5315,27520,22079
2020-06-02 10:19:06.510000,27605.13,27535,28700,27540,6374,27525,5315,27520,22079
2020-06-02 10:19:07.120000,27605.13,27530,4890,27535,23810,27525,5,27520,27389
2020-06-02 10:19:08.690000,27605.13,27530,4890,27535,23810,27525,5315,27520,22079
2020-06-02 10:19:09.090000,27605.13,27535,28700,27540,6374,27525,5315,27520,22079
2020-06-02 10:19:09.730000,27587.02,27530,4890,27535,23810,27525,5315,27520,22079
2020-06-02 10:19:10.860000,27587.02,27530,26909,27535,3991,27525,5,27520,10088
2020-06-02 10:19:11.420000,27587.02,27530,29458,27535,3991,27520,5310,27515,22404
2020-06-02 10:19:11.920000,27587.02,27530,29458,27535,3991,27520,5310,27515,22404
2020-06-02 10:19:13.320000,27587.02,27530,4890,27535,23810,27525,5310,27520,22079
2020-06-02 10:19:14.110000,27587.02,27530,8939,27535,23810,27520,22611,27515,5103
2020-06-02 10:19:14.360000,27587.02,27530,30958,27535,3991,27520,5310,27515,22404
2020-06-02 10:19:15.170000,27587.02,27530,30958,27535,3991,27520,5310,27515,22404
2020-06-02 10:19:15.370000,27587.02,27530,28758,27535,3991,27520,5310,27515,22404
2020-06-02 10:19:15.920000,27587.02,27530,28758,27535,3991,27520,5310,27515,22404
2020-06-02 10:19:16.850000,27587.02,27525,4890,27530,23868,27520,5310,27515,22404
2020-06-02 10:19:17.200000,27587.02,27525,4890,27530,23868,27515,27714,27510,24778
2020-06-02 10:19:17.590000,27587.02,27525,4890,27530,23868,27515,27714,27510,24778
2020-06-02 10:19:18.000000,27587.02,27525,4790,27530,23868,27520,5310,27515,22404
2020-06-02 10:19:18.820000,27587.02,27525,4790,27530,23868,27520,5310,27515,22404
2020-06-02 10:19:19.120000,27587.02,27525,26809,27530,4049,27515,10413,27510,22079
2020-06-02 10:19:19.900000,27587.02,27525,28600,27530,4049,27515,5413,27510,22079
2020-06-02 10:19:21.510000,27604.29,27525,4790,27530,23868,27520,5310,27515,22404
2020-06-02 10:19:21.710000,27604.29,27525,4790,27530,23868,27520,5310,27515,22404
2020-06-02 10:19:22.820000,27604.29,27525,24609,27530,4049,27515,10413,27510,42079
2020-06-02 10:19:23.590000,27604.29,27525,4790,27530,23868,27515,27714,27510,24778
2020-06-02 10:19:23.730000,27604.29,27525,4790,27530,23868,27520,5310,27515,22404
2020-06-02 10:19:24.020000,27604.29,27525,4790,27530,23868,27520,5310,27515,22404
2020-06-02 10:19:24.320000,27604.29,27525,8781,27530,23868,27520,5310,27515,17404
2020-06-02 10:19:25.150000,27604.29,27525,4790,27530,23868,27515,10413,27510,22079
2020-06-02 10:19:25.620000,27604.29,27525,8781,27530,23868,27515,22714,27510,4778
2020-06-02 10:19:26.120000,27604.29,27530,28658,27535,3991,27520,5315,27515,22404
2020-06-02 10:19:26.510000,27604.29,27530,28658,27535,3991,27520,5315,27515,22404
2020-06-02 10:19:27.270000,27604.29,27525,4790,27530,23868,27520,5315,27515,22404
2020-06-02 10:19:27.450000,27604.29,27530,28658,27535,3991,27520,5315,27515,22404
2020-06-02 10:19:29.490000,27604.29,27530,28658,27535,3991,27520,5315,27515,22404
2020-06-02 10:19:30.430000,27604.29,27530,28658,27535,3996,27520,5315,27515,22404
2020-06-02 10:19:31.080000,27582.96,27525,4790,27530,23868,27520,5315,27515,22404
2020-06-02 10:19:32.520000,27582.96,27525,24609,27530,4049,27520,5,27515,10413
2020-06-02 10:19:32.900000,27582.96,27525,4790,27530,23868,27520,5,27515,27714
2020-06-02 10:19:34.110000,27582.96,27525,4790,27530,23868,27520,5315,27515,22404
2020-06-02 10:19:35.050000,27582.96,27530,28658,27535,3996,27520,5315,27515,22404
2020-06-02 10:19:36.400000,27582.96,27530,28658,27535,3996,27525,10,27520,5315
2020-06-02 10:19:37.150000,27582.96,27530,28658,27535,3996,27525,10,27520,5315
2020-06-02 10:19:38.610000,27582.96,27535,28605,27540,6374,27525,5320,27520,22084
2020-06-02 10:19:39.110000,27582.96,27535,28605,27540,6374,27525,5320,27520,22086
2020-06-02 10:19:40.100000,27597.73,27530,4790,27535,23815,27525,5320,27520,22086
2020-06-02 10:19:40.890000,27597.73,27530,4790,27535,23815,27525,5320,27520,22086
2020-06-02 10:19:41.410000,27597.73,27530,28658,27535,3996,27525,10,27520,22618
2020-06-02 10:19:41.780000,27597.73,27530,24609,27535,3996,27525,10,27520,10095
2020-06-02 10:19:42.320000,27597.73,27530,4790,27535,23815,27525,5320,27520,22086
2020-06-02 10:19:43.470000,27597.73,27530,4790,27535,23815,27525,5320,27520,22086
2020-06-02 10:19:44.530000,27597.73,27530,8839,27535,23815,27525,10,27520,22618
2020-06-02 10:19:44.810000,27597.73,27535,28605,27540,6374,27525,5320,27520,22086
2020-06-02 10:19:45.530000,27597.73,27530,4790,27535,23815,27525,5320,27520,22086
2020-06-02 10:19:46.690000,27597.73,27535,28120,27540,6374,27525,5320,27520,22086
2020-06-02 10:19:49.920000,27597.73,27530,28173,27535,6196,27525,10,27520,5317
2020-06-02 10:19:50.700000,27597.73,27530,28173,27535,6196,27520,5317,27515,22404
2020-06-02 10:19:51.020000,27580.08,27530,4305,27535,26015,27520,27396,27515,5103
2020-06-02 10:19:51.690000,27580.08,27530,4305,27535,26015,27525,5310,27520,22086
2020-06-02 10:19:52.200000,27580.08,27535,30320,27540,6374,27525,5310,27520,22086
2020-06-02 10:19:52.700000,27580.08,27530,24124,27535,3996,27520,10095,27515,42404
2020-06-02 10:19:53.220000,27580.08,27530,4305,27535,24615,27525,5310,27520,22086
2020-06-02 10:19:54.090000,27580.08,27530,4305,27535,24615,27520,27396,27515,25103
2020-06-02 10:19:54.590000,27580.08,27530,4305,27535,24615,27525,5310,27520,22086
2020-06-02 10:19:54.950000,27580.08,27535,28920,27540,6374,27525,5310,27520,22086
2020-06-02 10:19:55.120000,27580.08,27535,28120,27540,6374,27525,5310,27520,22086
2020-06-02 10:19:56.220000,27580.08,27530,4305,27535,23815,27520,27396,27515,5103
2020-06-02 10:19:56.970000,27580.08,27535,28109,27540,6374,27525,5310,27520,22086
2020-06-02 10:19:57.170000,27580.08,27530,4294,27535,23815,27520,27396,27515,5103
2020-06-02 10:19:58.010000,27580.08,27530,25413,27535,3996,27520,10095,27515,22404
2020-06-02 10:19:58.150000,27580.08,27530,24313,27535,3996,27520,10095,27515,22404
2020-06-02 10:19:59.560000,27580.08,27525,4294,27530,24068,27520,5317,27515,22404
2020-06-02 10:20:00.730000,27584.4,27525,4294,27530,24068,27520,7,27515,27714
2020-06-02 10:20:01.680000,27584.4,27525,4294,27530,24068,27520,7,27515,27714
2020-06-02 10:20:01.860000,27584.4,27525,30304,27530,4249,27515,5413,27510,22079
2020-06-02 10:20:02.220000,27584.4,27525,30304,27530,4249,27515,5413,27510,22079
2020-06-02 10:20:03.090000,27584.4,27520,4294,27525,26010,27515,5413,27510,22079
2020-06-02 10:20:04.030000,27584.4,27525,30304,27530,4249,27515,5413,27510,22079
2020-06-02 10:20:04.500000,27584.4,27520,4294,27525,26010,27515,5413,27510,22079
2020-06-02 10:20:05.000000,27584.4,27525,30304,27530,4249,27515,5413,27510,22079
2020-06-02 10:20:05.310000,27584.4,27525,24113,27530,4249,27515,10413,27510,22079
2020-06-02 10:20:05.680000,27584.4,27525,28104,27530,4249,27515,5413,27510,22079
2020-06-02 10:20:06.390000,27584.4,27525,28104,27530,4249,27515,5413,27510,22079
2020-06-02 10:20:06.680000,27584.4,27525,28104,27530,4249,27515,5413,27510,22079
2020-06-02 10:20:08.320000,27584.4,27520,4294,27525,23810,27515,5413,27510,22079
2020-06-02 10:20:09.100000,27584.4,27525,28104,27530,4249,27515,5413,27510,22079
2020-06-02 10:20:09.380000,27584.4,27520,24113,27525,4491,27515,103,27510,10088
2020-06-02 10:20:09.790000,27584.4,27525,29504,27530,4249,27515,5310,27510,22079
2020-06-02 10:20:10.590000,27584.4,27525,28104,27530,4249,27515,5310,27510,22079
2020-06-02 10:20:11.620000,27604.23,27525,28104,27530,4249,27515,5310,27510,22079
2020-06-02 10:20:13.230000,27604.23,27530,28362,27535,3996,27520,5310,27515,22301
2020-06-02 10:20:13.730000,27604.23,27525,4294,27530,24068,27520,5310,27515,22301
2020-06-02 10:20:15.380000,27604.23,27530,28362,27535,3996,27520,5310,27515,22301
2020-06-02 10:20:15.520000,27604.23,27525,4294,27530,24068,27520,5310,27515,22301
2020-06-02 10:20:15.820000,27604.23,27525,4291,27530,24068,27520,5310,27515,22301
2020-06-02 10:20:16.090000,27604.23,27525,4291,27530,24068,27520,5310,27515,22301
2020-06-02 10:20:16.570000,27604.23,27530,28359,27535,3996,27520,5310,27515,22301
2020-06-02 10:20:17.230000,27604.23,27530,28159,27535,3996,27520,5310,27515,22301
2020-06-02 10:20:18.410000,27604.23,27530,28159,27535,3996,27520,5310,27515,22301
2020-06-02 10:20:19.660000,27604.23,27530,28159,27535,3996,27520,5310,27515,42301
2020-06-02 10:20:21.180000,27588.16,27530,4254,27535,23815,27525,5310,27520,22079
2020-06-02 10:20:21.430000,27588.16,27530,4254,27535,23815,27525,5310,27520,22079
2020-06-02 10:20:23.720000,27588.16,27530,30422,27535,3996,27520,5310,27515,22301
2020-06-02 10:20:24.110000,27588.16,27530,4254,27535,23815,27520,27389,27515,5000
2020-06-02 10:20:24.900000,27588.16,27535,29515,27540,6374,27525,5310,27520,22079
2020-06-02 10:20:25.100000,27588.16,27535,29515,27540,6374,27525,5310,27520,22079
2020-06-02 10:20:25.940000,27588.16,27535,29515,27540,6374,27525,5310,27520,22079
2020-06-02 10:20:26.220000,27588.16,27535,29515,27540,6374,27525,5309,27520,22079
2020-06-02 10:20:27.020000,27588.16,27530,5700,27535,23815,27525,5309,27520,22079
2020-06-02 10:20:28.040000,27588.16,27535,29515,27540,6374,27525,5309,27520,22079
2020-06-02 10:20:31.130000,27610.36,27535,5705,27540,26193,27530,5309,27525,22301
2020-06-02 10:20:31.600000,27610.36,27530,1,27535,9696,27525,22610,27520,24778
2020-06-02 10:20:32.130000,27610.36,27530,1,27535,5705,27525,27610,27520,24778
2020-06-02 10:20:32.490000,27610.36,27530,1,27535,5705,27525,27610,27520,24778
2020-06-02 10:20:35.280000,27610.36,27535,5705,27540,26193,27530,5308,27525,22301
2020-06-02 10:20:36.410000,27610.36,27535,5705,27540,26193,27530,5308,27525,22301
2020-06-02 10:20:36.630000,27610.36,27535,5705,27540,26193,27530,5308,27525,22301
2020-06-02 10:20:36.990000,27610.36,27530,15057,27535,26015,27520,22609,27515,25000
2020-06-02 10:20:37.950000,27610.36,27530,5700,27535,26015,27525,5308,27520,22079
2020-06-02 10:20:38.980000,27610.36,27530,5700,27535,26015,27525,5308,27520,22079
2020-06-02 10:20:40.120000,27610.36,27530,26219,27535,6196,27520,10086,27515,22301
2020-06-02 10:20:40.480000,27610.36,27530,30268,27535,6196,27520,5308,27515,22301
2020-06-02 10:20:41.980000,27606.37,27530,30268,27535,6198,27520,5308,27515,22301
2020-06-02 10:20:42.670000,27606.37,27530,30268,27535,6198,27520,5308,27515,22301
2020-06-02 10:20:43.700000,27606.37,27525,25519,27530,4749,27515,10308,27510,42079
2020-06-02 10:20:44.120000,27606.37,27525,5700,27530,24568,27515,27609,27510,24778
2020-06-02 10:20:45.220000,27606.37,27525,25519,27530,4749,27515,10308,27510,22079
2020-06-02 10:20:45.620000,27606.37,27525,29510,27530,4749,27515,5308,27510,22079
2020-06-02 10:20:46.010000,27606.37,27520,5700,27525,23810,27515,5308,27510,22079
2020-06-02 10:20:46.830000,27606.37,27520,5700,27525,23810,27510,10086,27505,42414
2020-06-02 10:20:47.060000,27606.37,27515,5700,27520,26168,27510,5308,27505,22414
2020-06-02 10:20:47.330000,27606.37,27520,31866,27525,3996,27510,5308,27505,22414
2020-06-02 10:20:47.830000,27606.37,27520,31866,27525,3996,27510,5308,27505,22414
2020-06-02 10:20:49.450000,27606.37,27515,5698,27520,26168,27505,27722,27500,24810
2020-06-02 10:20:49.820000,27606.37,27515,29508,27520,6349,27505,5421,27500,22111
2020-06-02 10:20:51.030000,27606.37,27515,29508,27520,6349,27505,5421,27500,22111
2020-06-02 10:20:52.090000,27600.36,27515,29508,27520,6349,27505,5421,27500,22111
2020-06-02 10:20:52.290000,27600.36,27510,5698,27515,23810,27505,5421,27500,22111
2020-06-02 10:20:52.530000,27600.36,27515,29508,27520,6349,27505,5421,27500,22111
2020-06-02 10:20:53.030000,27600.36,27515,9689,27520,26168,27505,5421,27500,22111
2020-06-02 10:20:53.530000,27600.36,27515,29508,27520,6349,27505,5421,27500,22111
2020-06-02 10:20:53.890000,27600.36,27515,29508,27520,6349,27505,5421,27500,22111
2020-06-02 10:20:54.700000,27600.36,27515,29508,27520,6349,27505,5421,27500,22111
2020-06-02 10:20:55.760000,27600.36,27515,5698,27520,26168,27510,5308,27505,22414
2020-06-02 10:20:55.960000,27600.36,27515,9689,27520,26168,27505,22137,27500,4810
2020-06-02 10:20:56.290000,27600.36,27515,5698,27520,26168,27510,4723,27505,22414
2020-06-02 10:20:57.100000,27600.36,27520,31866,27525,3996,27510,4723,27505,22414
2020-06-02 10:20:57.620000,27600.36,27515,5698,27520,26168,27510,4723,27505,22414
2020-06-02 10:20:57.890000,27600.36,27515,5698,27520,26168,27510,4723,27505,22414
2020-06-02 10:20:59.600000,27600.36,27515,29508,27520,6349,27505,4836,27500,22111
2020-06-02 10:21:00.420000,27600.36,27515,9689,27520,26168,27505,22137,27500,4810
2020-06-02 10:21:00.990000,27583.61,27520,31866,27525,3996,27510,4723,27505,22414
2020-06-02 10:21:01.680000,27583.61,27520,31866,27525,3996,27510,4723,27505,22414
2020-06-02 10:21:02.520000,27583.61,27520,29566,27525,3996,27510,4723,27505,22414
2020-06-02 10:21:02.910000,27583.61,27520,29566,27525,3996,27510,4723,27505,22414
2020-06-02 10:21:04.490000,27583.61,27520,29566,27525,3996,27510,4728,27505,22414
2020-06-02 10:21:05.320000,27583.61,27520,29566,27525,3996,27515,50,27510,4728
2020-06-02 10:21:05.620000,27583.61,27520,29566,27525,3996,27515,50,27510,4728
2020-06-02 10:21:06.290000,27583.61,27520,29566,27525,3996,27515,20,27510,4728
2020-06-02 10:21:06.430000,27583.61,27520,29566,27525,3996,27515,20,27510,4728
2020-06-02 10:21:06.590000,27583.61,27520,29566,27525,3996,27515,20,27510,4735
2020-06-02 10:21:07.400000,27583.61,27520,9747,27525,23815,27515,20,27510,22036
2020-06-02 10:21:08.320000,27583.61,27520,29566,27525,3996,27515,20,27510,4735
2020-06-02 10:21:08.570000,27583.61,27520,5698,27525,23815,27515,4743,27510,22091
2020-06-02 10:21:08.820000,27583.61,27525,29513,27530,4749,27515,4743,27510,22091
2020-06-02 10:21:09.880000,27583.61,27520,5698,27525,23815,27515,4743,27510,22091
2020-06-02 10:21:11.010000,27602.4,27520,5698,27525,23815,27515,20,27510,26814
2020-06-02 10:21:11.320000,27602.4,27520,5685,27525,23815,27515,4743,27510,22091
2020-06-02 10:21:12.550000,27602.4,27520,5685,27525,23815,27515,4743,27510,22091
2020-06-02 10:21:13.020000,27602.4,27525,29500,27530,4749,27515,4743,27510,22091
2020-06-02 10:21:13.430000,27602.4,27525,29500,27530,4749,27515,4743,27510,22091
2020-06-02 10:21:14.080000,27602.4,27525,29500,27530,4749,27515,4743,27510,22091
2020-06-02 10:21:15.490000,27602.4,27525,29500,27530,4749,27515,4743,27510,22091
2020-06-02 10:21:17.240000,27602.4,27520,5685,27525,23815,27515,4743,27510,22091
2020-06-02 10:21:18.300000,27602.4,27525,29500,27530,4749,27515,4743,27510,22091
2020-06-02 10:21:19.350000,27602.4,27520,5685,27525,23815,27515,4743,27510,22091
2020-06-02 10:21:20.410000,27602.4,27525,29500,27530,4749,27515,4743,27510,22091
2020-06-02 10:21:20.820000,27584.31,27520,29553,27525,3996,27515,20,27510,4735
2020-06-02 10:21:22.580000,27584.31,27520,29515,27525,3996,27515,20,27510,4735
2020-06-02 10:21:22.720000,27584.31,27520,29509,27525,3996,27515,20,27510,4735
2020-06-02 10:21:23.020000,27584.31,27520,29509,27525,3996,27515,20,27510,4735
2020-06-02 10:21:24.690000,27584.31,27515,5621,27520,23868,27510,4735,27505,22414
2020-06-02 10:21:25.100000,27584.31,27515,5621,27520,23868,27510,4735,27505,22414
2020-06-02 10:21:25.720000,27584.31,27520,29489,27525,3996,27510,4735,27505,22414
2020-06-02 10:21:25.890000,27584.31,27520,29489,27525,3996,27510,4735,27505,22414
2020-06-02 10:21:27.090000,27584.31,27520,29489,27525,3996,27510,4735,27505,22414
2020-06-02 10:21:27.830000,27584.31,27520,29489,27525,3996,27510,4735,27505,22414
2020-06-02 10:21:29.030000,27584.31,27525,29436,27530,4776,27515,4723,27510,22091
2020-06-02 10:21:29.890000,27584.31,27525,29436,27530,4776,27515,4723,27510,22091
2020-06-02 10:21:30.250000,27578.55,27525,29436,27530,4776,27515,4723,27510,22091
2020-06-02 10:21:31.720000,27578.55,27520,5621,27525,23815,27510,26814,27505,5113
2020-06-02 10:21:32.510000,27578.55,27520,5621,27525,23815,27510,26814,27505,5113
2020-06-02 10:21:32.580000,27578.55,27520,5621,27525,23815,27510,26814,27505,5113
2020-06-02 10:21:32.690000,27578.55,27525,29436,27530,4776,27515,4723,27510,22091
2020-06-02 10:21:32.920000,27578.55,27520,5621,27525,23815,27510,26814,27505,5113
2020-06-02 10:21:33.620000,27578.55,27520,5621,27525,23815,27510,26814,27505,25113
2020-06-02 10:21:34.300000,27578.55,27520,5621,27525,23815,27510,26814,27505,25113
2020-06-02 10:21:35.620000,27578.55,27520,29989,27525,3996,27510,4735,27505,42414
2020-06-02 10:21:35.890000,27578.55,27520,29489,27525,3996,27510,4735,27505,22414
2020-06-02 10:21:36.670000,27578.55,27520,29489,27525,3996,27510,4735,27505,22414
2020-06-02 10:21:39.420000,27578.55,27520,5621,27525,23815,27510,26814,27505,5113
2020-06-02 10:21:40.320000,27578.55,27520,25440,27525,3996,27510,9513,27505,22414
2020-06-02 10:21:41.420000,27594.63,27520,5621,27525,23815,27510,26814,27505,5113
2020-06-02 10:21:41.820000,27594.63,27520,5621,27525,23815,27510,9513,27505,42414
2020-06-02 10:21:42.950000,27594.63,27520,25440,27525,3996,27510,9513,27505,42414
2020-06-02 10:21:43.120000,27594.63,27520,5621,27525,23815,27510,26814,27505,25113
2020-06-02 10:21:43.980000,27594.63,27520,5621,27525,23815,27510,26814,27505,5113
2020-06-02 10:21:44.230000,27594.63,27520,5621,27525,23815,27510,26814,27505,5113
2020-06-02 10:21:45.030000,27594.63,27520,5621,27525,23815,27515,4723,27510,22091
2020-06-02 10:21:45.210000,27594.63,27525,29436,27530,4776,27515,4723,27510,22091
2020-06-02 10:21:47.700000,27594.63,27525,29436,27530,4776,27515,4723,27510,22091
2020-06-02 10:21:48.650000,27594.63,27520,5621,27525,23815,27515,4723,27510,22091
2020-06-02 10:21:48.760000,27594.63,27525,29436,27530,4776,27515,4723,27510,22091
2020-06-02 10:21:50.230000,27594.63,27520,25440,27525,3996,27510,9513,27505,22414
2020-06-02 10:21:50.620000,27597.74,27520,25440,27525,3996,27510,9513,27505,22414
2020-06-02 10:21:51.260000,27597.74,27520,29489,27525,3996,27510,4735,27505,22414
2020-06-02 10:21:52.590000,27597.74,27520,29489,27525,3996,27510,4735,27505,22414
2020-06-02 10:21:53.990000,27597.74,27520,29003,27525,3996,27510,4735,27505,22414
2020-06-02 10:21:55.690000,27597.74,27520,29003,27525,3996,27510,4735,27505,22414
2020-06-02 10:21:56.820000,27597.74,27520,29003,27525,3996,27510,4735,27505,22414
2020-06-02 10:22:01.020000,27598.27,27525,28950,27530,4776,27515,4723,27510,22091
2020-06-02 10:22:01.740000,27598.27,27525,28950,27530,4776,27515,4723,27510,22091
2020-06-02 10:22:02.020000,27598.27,27525,28950,27530,4776,27515,4723,27510,22091
2020-06-02 10:22:03.110000,27598.27,27520,5135,27525,23815,27515,4723,27510,22091
2020-06-02 10:22:03.830000,27598.27,27525,28950,27530,4776,27515,4723,27510,22091
2020-06-02 10:22:03.960000,27598.27,27525,5140,27530,24595,27520,4723,27515,22301
2020-06-02 10:22:04.860000,27598.27,27525,28950,27530,4776,27515,4723,27510,22091
2020-06-02 10:22:05.220000,27598.27,27525,28950,27530,4776,27515,4723,27510,22091
2020-06-02 10:22:05.960000,27598.27,27520,5135,27525,23815,27515,4723,27510,22091
2020-06-02 10:22:06.720000,27598.27,27525,28950,27530,4776,27515,4723,27510,22091
2020-06-02 10:22:08.710000,27598.27,27525,5140,27530,24595,27520,4723,27515,22301
2020-06-02 10:22:08.990000,27598.27,27525,5140,27530,24595,27515,27024,27510,4790
2020-06-02 10:22:09.420000,27598.27,27525,5,27530,29730,27520,4723,27515,22401
2020-06-02 10:22:09.810000,27598.27,27525,5,27530,29730,27520,4723,27515,22401
2020-06-02 10:22:10.640000,27598.27,27530,5162,27535,26017,27520,9496,27515,22401
2020-06-02 10:22:10.880000,27582.8,27530,29030,27535,6198,27520,4717,27515,22401
2020-06-02 10:22:11.830000,27582.8,27530,27,27535,31152,27525,4717,27520,22079
2020-06-02 10:22:12.750000,27582.8,27530,27,27535,31152,27525,4717,27520,22079
2020-06-02 10:22:14.390000,27582.8,27530,5162,27535,26017,27525,4717,27520,22079
2020-06-02 10:22:15.110000,27582.8,27530,31230,27535,6198,27520,4717,27515,22401
2020-06-02 10:22:15.890000,27582.8,27525,5135,27530,26095,27515,9817,27510,42091
2020-06-02 10:22:16.140000,27582.8,27525,28945,27530,6276,27515,4817,27510,42091
2020-06-02 10:22:16.950000,27582.8,27525,28945,27530,6276,27515,4817,27510,42091
2020-06-02 10:22:17.170000,27582.8,27525,28945,27530,6276,27515,4817,27510,22091
2020-06-02 10:22:17.270000,27582.8,27525,28945,27530,6276,27515,4817,27510,22091
2020-06-02 10:22:18.020000,27582.8,27525,28945,27530,6276,27515,4817,27510,22091
2020-06-02 10:22:18.310000,27582.8,27520,5135,27525,23810,27515,4817,27510,22091
2020-06-02 10:22:19.080000,27582.8,27525,28945,27530,6276,27515,4817,27510,22091
2020-06-02 10:22:20.310000,27582.8,27525,28945,27530,6276,27515,4537,27510,22091
2020-06-02 10:22:20.410000,27582.8,27520,5135,27525,23810,27510,26628,27505,5113
2020-06-02 10:22:20.920000,27598.32,27520,9184,27525,23810,27510,21850,27505,5113
2020-06-02 10:22:21.700000,27598.32,27520,9184,27525,23810,27515,4537,27510,17313
2020-06-02 10:22:21.840000,27598.32,27520,29003,27525,3991,27510,4549,27505,22414
2020-06-02 10:22:22.480000,27598.32,27520,29003,27525,3991,27510,4549,27505,22414
2020-06-02 10:22:23.690000,27598.32,27520,29003,27525,3991,27510,4524,27505,22414
2020-06-02 10:22:26.480000,27598.32,27520,24954,27525,3991,27510,9302,27505,22414
2020-06-02 10:22:27.180000,27598.32,27520,5135,27525,23810,27510,9302,27505,22414
2020-06-02 10:22:27.280000,27598.32,27520,5135,27525,23810,27515,10,27510,9302
2020-06-02 10:22:27.480000,27598.32,27520,5135,27525,23810,27515,10,27510,9302
2020-06-02 10:22:27.790000,27598.32,27520,9184,27525,23810,27515,10,27510,21825
2020-06-02 10:22:28.010000,27598.32,27520,5135,27525,23810,27515,10,27510,26603
2020-06-02 10:22:29.140000,27598.32,27520,5135,27525,23810,27515,4534,27510,22079
2020-06-02 10:22:30.290000,27598.32,27525,28945,27530,6276,27515,4534,27510,22079
2020-06-02 10:22:30.820000,27606.47,27525,28945,27530,6276,27515,4534,27510,22079
2020-06-02 10:22:31.090000,27606.47,27520,5135,27525,23810,27515,4534,27510,22079
2020-06-02 10:22:31.890000,27606.47,27520,5135,27525,23810,27515,4509,27510,22079
2020-06-02 10:22:33.290000,27606.47,27525,28945,27530,6276,27515,4509,27510,22079
2020-06-02 10:22:33.920000,27606.47,27525,28945,27530,6276,27515,4509,27510,22079
2020-06-02 10:22:34.090000,27606.47,27520,5135,27525,23810,27510,26588,27505,5113
2020-06-02 10:22:34.870000,27606.47,27520,5135,27525,23810,27515,4509,27510,22079
2020-06-02 10:22:35.390000,27606.47,27520,5135,27525,23810,27515,4509,27510,22079
2020-06-02 10:22:36.290000,27606.47,27520,5135,27525,23810,27515,4509,27510,22079
2020-06-02 10:22:36.990000,27606.47,27520,24954,27525,3991,27510,9287,27505,42414
2020-06-02 10:22:37.210000,27606.47,27520,29003,27525,3991,27510,4509,27505,42414
2020-06-02 10:22:37.590000,27606.47,27520,24954,27525,3991,27510,9287,27505,42414
2020-06-02 10:22:38.020000,27606.47,27520,24954,27525,3991,27510,9287,27505,42414
2020-06-02 10:22:38.320000,27606.47,27520,5135,27525,23810,27510,26588,27505,5113
2020-06-02 10:22:39.120000,27606.47,27525,28945,27530,6276,27515,4484,27510,22079
2020-06-02 10:22:40.700000,27582.99,27520,5135,27525,23810,27515,4484,27510,22079
2020-06-02 10:22:40.990000,27582.99,27525,28945,27530,6276,27515,4484,27510,22079
2020-06-02 10:22:41.380000,27582.99,27520,5135,27525,23810,27515,4485,27510,22079
2020-06-02 10:22:41.880000,27582.99,27520,24954,27525,3991,27515,1,27510,9262
2020-06-02 10:22:42.790000,27582.99,27520,29003,27525,3991,27515,1,27510,4484
2020-06-02 10:22:44.910000,27582.99,27520,5135,27525,23810,27515,1,27510,9262
2020-06-02 10:22:45.230000,27582.99,27515,279,27520,5135,27510,9262,27505,22414
2020-06-02 10:22:45.690000,27582.99,27525,28945,27530,6276,27515,4484,27510,22079
2020-06-02 10:22:46.080000,27582.99,27520,5135,27525,23810,27515,4484,27510,22079
2020-06-02 10:22:46.580000,27582.99,27520,29503,27525,3991,27510,4484,27505,22414
2020-06-02 10:22:47.080000,27582.99,27515,25,27520,29003,27510,4484,27505,22414
2020-06-02 10:22:47.690000,27582.99,27515,25,27520,29003,27510,4484,27505,22414
2020-06-02 10:22:49.190000,27582.99,27515,25,27520,29003,27510,4484,27505,22414
2020-06-02 10:22:49.680000,27582.99,27520,5135,27525,23810,27515,4484,27510,22079
2020-06-02 10:22:50.020000,27582.99,27525,28945,27530,6276,27515,4484,27510,22079
2020-06-02 10:22:51.180000,27602.39,27525,28945,27530,6276,27515,4484,27510,22079
2020-06-02 10:22:51.610000,27602.39,27525,28945,27530,6276,27515,4484,27510,22079
2020-06-02 10:22:52.470000,27602.39,27525,28945,27530,6276,27515,4484,27510,22079
2020-06-02 10:22:53.250000,27602.39,27525,28945,27530,6276,27515,4484,27510,22079
2020-06-02 10:22:54.690000,27602.39,27525,28945,27530,6276,27515,4459,27510,22079
