time,nav,sell1,sell1_cnt,sell2,sell2_cnt,buy1,buy1_cnt,buy2,buy2_cnt
2020-06-11 09:36:11.91,0.0,29035,64,29040,5115,29030,4479,29020,17011
2020-06-11 09:36:12.79,0.0,29040,5115,29045,22901,29030,5900,29025,6971
2020-06-11 09:36:13.60,0.0,29040,5115,29045,22901,29035,5900,29025,6975
2020-06-11 09:36:14.43,0.0,29040,5115,29045,22901,29035,5800,29025,6975
2020-06-11 09:36:15.29,0.0,29040,89,29045,15021,29035,5800,29030,6971
2020-06-11 09:36:16.13,0.0,29040,89,29045,27927,29035,5800,29025,6975
2020-06-11 09:36:17.52,0.0,29040,5115,29045,22901,29035,5800,29025,6975
2020-06-11 09:36:18.19,0.0,29040,89,29045,27927,29035,5800,29025,6975
2020-06-11 09:36:19.52,0.0,29040,5115,29045,22901,29035,5800,29025,7009
2020-06-11 09:36:20.63,29086.61,29040,89,29045,5026,29035,5800,29025,17008
2020-06-11 09:36:21.39,29086.61,29040,89,29045,17932,29035,5800,29025,17008
2020-06-11 09:36:22.13,29086.61,29035,183,29040,5115,29030,5800,29025,7009
2020-06-11 09:36:22.80,29086.61,29035,183,29040,5115,29030,5800,29025,7009
2020-06-11 09:36:25.90,29086.61,29040,89,29045,27927,29035,5617,29025,7009
2020-06-11 09:36:27.13,29086.61,29040,89,29045,27927,29035,5617,29025,7009
2020-06-11 09:36:27.80,29086.61,29040,5115,29045,22901,29035,5617,29025,7009
2020-06-11 09:36:28.43,29086.61,29040,5115,29045,22901,29030,5617,29025,7009
2020-06-11 09:36:29.13,29086.61,29035,5026,29040,22974,29030,5617,29025,38
2020-06-11 09:36:29.99,29086.61,29030,8378,29035,22901,29025,38,29020,5698
2020-06-11 09:36:41.19,29087.32,29030,5026,29035,22901,29025,8,29020,5698
2020-06-11 09:36:41.90,29087.32,29030,5026,29035,22901,29020,5698,29015,6981
2020-06-11 09:36:44.02,29087.32,29030,83,29035,27927,29025,5617,29020,81
2020-06-11 09:36:44.52,29087.32,29030,5109,29035,22901,29025,5617,29020,81
2020-06-11 09:36:45.10,29087.32,29030,5109,29035,22901,29020,5698,29015,6981
2020-06-11 09:36:45.69,29087.32,29030,5109,29035,22901,29025,5617,29020,81
2020-06-11 09:36:46.40,29087.32,29030,5109,29035,22901,29020,5698,29015,6981
2020-06-11 09:36:48.39,29087.32,29030,5109,29035,22901,29020,5699,29015,6981
2020-06-11 09:36:49.02,29087.32,29030,5159,29035,22901,29020,5699,29015,6981
2020-06-11 09:36:50.93,29089.4,29030,133,29035,27927,29025,5637,29020,82
2020-06-11 09:36:51.64,29089.4,29030,5159,29035,22901,29025,5638,29020,82
2020-06-11 09:36:52.29,29089.4,29040,28000,29045,9995,29030,5584,29025,21
2020-06-11 09:36:53.22,29089.4,29040,28000,29045,9995,29030,5584,29025,21
2020-06-11 09:36:53.64,29089.4,29040,5115,29045,22901,29030,5584,29025,6992
2020-06-11 09:36:54.22,29089.4,29040,28000,29045,9995,29030,5584,29025,21
2020-06-11 09:36:55.10,29089.4,29035,5026,29040,22974,29030,5584,29025,21
2020-06-11 09:36:55.90,29089.4,29040,89,29045,27927,29035,5584,29025,6992
2020-06-11 09:36:56.69,29089.4,29040,5115,29045,22901,29030,5584,29025,6992
2020-06-11 09:36:57.43,29089.4,29040,18021,29045,9995,29030,5584,29025,21
2020-06-11 09:36:58.19,29089.4,29040,5115,29045,22901,29030,5584,29025,6992
2020-06-11 09:36:58.93,29089.4,29035,5026,29040,22974,29030,5584,29025,21
2020-06-11 09:36:59.60,29089.4,29040,5115,29045,22901,29030,5584,29025,6992
2020-06-11 09:37:00.39,29090.16,29040,5115,29045,22901,29030,5594,29025,6992
2020-06-11 09:37:01.13,29090.16,29040,5115,29045,22901,29030,5594,29025,6992
2020-06-11 09:37:02.52,29090.16,29040,89,29045,5026,29035,5584,29030,10
2020-06-11 09:37:03.32,29090.16,29035,1184,29040,5115,29030,5594,29025,6992
2020-06-11 09:37:04.22,29090.16,29030,5016,29035,14090,29025,5605,29020,82
2020-06-11 09:37:05.10,29090.16,29030,5016,29035,24085,29025,5605,29020,82
2020-06-11 09:37:05.93,29090.16,29030,5016,29035,24085,29025,21,29020,5666
2020-06-11 09:37:06.60,29090.16,29030,5016,29035,24085,29025,21,29020,5666
2020-06-11 09:37:07.22,29090.16,29030,5016,29035,24085,29025,5605,29020,82
2020-06-11 09:37:07.89,29090.16,29025,4995,29030,10,29020,5666,29010,16990
2020-06-11 09:37:08.72,29090.16,29030,5005,29035,24085,29020,5666,29015,6971
2020-06-11 09:37:09.69,29090.16,29030,5005,29035,24085,29020,5666,29015,6971
2020-06-11 09:37:10.43,29085.14,29030,5005,29035,24085,29020,5666,29015,6971
2020-06-11 09:37:11.10,29085.14,29025,4995,29030,22895,29020,5666,29010,6991
2020-06-11 09:37:11.79,29085.14,29025,4995,29030,22895,29020,5666,29010,6991
2020-06-11 09:37:12.99,29085.14,29025,4995,29030,22895,29020,5666,29010,6991
2020-06-11 09:37:32.36,0.0,29025,27896,29030,9991,29015,5585,29010,20
2020-06-11 09:37:33.14,0.0,29025,4995,29030,22897,29015,5585,29010,6991
2020-06-11 09:37:34.00,0.0,29025,5045,29030,22897,29015,5585,29010,6991
2020-06-11 09:37:34.91,0.0,29025,50,29030,5007,29020,5584,29015,1
2020-06-11 09:37:35.61,0.0,29030,5007,29035,24085,29020,5584,29015,6972
2020-06-11 09:37:36.32,0.0,29030,5007,29035,24085,29025,5584,29015,6972
2020-06-11 09:37:36.94,0.0,29030,5007,29035,24085,29020,5588,29015,6972
2020-06-11 09:37:37.61,0.0,29030,5007,29035,24085,29025,5584,29020,4
2020-06-11 09:37:38.24,0.0,29030,5007,29035,24085,29025,5584,29020,4
2020-06-11 09:37:38.82,0.0,29030,5007,29035,24085,29020,5588,29015,6972
2020-06-11 09:37:42.00,29080.04,29030,5007,29035,24085,29020,5588,29015,6972
2020-06-11 09:37:44.50,29080.04,29030,12,29035,6179,29025,5584,29020,6975
2020-06-11 09:37:45.32,29080.04,29030,12,29035,6179,29025,5584,29020,6975
2020-06-11 09:37:47.94,29080.04,29030,5007,29035,24085,29025,5584,29020,4
2020-06-11 09:37:48.71,29080.04,29030,5007,29035,24085,29020,5588,29015,6972
2020-06-11 09:37:50.14,29082.58,29030,12,29035,6179,29025,5584,29020,6975
2020-06-11 09:37:50.85,29082.58,29035,4995,29040,22974,29030,5572,29020,6975
2020-06-11 09:37:51.79,29082.58,29040,15063,29045,22901,29030,5572,29025,6971
2020-06-11 09:37:52.74,29082.58,29040,5084,29045,22901,29030,5572,29025,6971
2020-06-11 09:37:53.64,29082.58,29040,15063,29045,22901,29030,5572,29025,6971
2020-06-11 09:37:54.44,29082.58,29040,5084,29045,22901,29035,5572,29025,6971
2020-06-11 09:37:55.32,29082.58,29040,5084,29045,22901,29030,5572,29025,6971
2020-06-11 09:37:56.04,29082.58,29040,5084,29045,22901,29030,5572,29025,6971
2020-06-11 09:37:56.71,29082.58,29040,5084,29045,22901,29030,5572,29025,6971
2020-06-11 09:37:57.35,29082.58,29040,89,29045,27896,29035,5572,29025,6971
2020-06-11 09:37:58.11,29082.58,29040,5084,29045,22901,29030,5572,29025,6971
2020-06-11 09:37:58.74,29082.58,29040,5084,29045,22901,29030,5572,29025,7005
2020-06-11 09:37:59.61,29068.01,29040,172,29045,4995,29035,5572,29030,6971
2020-06-11 09:38:00.64,29068.01,29040,172,29045,14990,29035,5572,29030,6971
2020-06-11 09:38:01.71,29068.01,29040,172,29045,14990,29035,5572,29030,6971
2020-06-11 09:38:02.71,29068.01,29040,172,29045,17901,29035,5572,29025,17004
2020-06-11 09:38:03.35,29068.01,29040,28052,29045,9995,29030,5572,29025,34
2020-06-11 09:38:04.04,29068.01,29035,4995,29040,23057,29025,5578,29020,6985
2020-06-11 09:38:04.86,29068.01,29035,17901,29040,10151,29025,5578,29020,14
2020-06-11 09:38:05.64,29068.01,29035,17901,29040,10151,29025,5578,29020,14
2020-06-11 09:38:06.41,29068.01,29035,14990,29040,23057,29025,5578,29020,6985
2020-06-11 09:38:07.24,29068.01,29035,4995,29040,23057,29025,5578,29020,6985
2020-06-11 09:38:09.32,29068.01,29035,4995,29040,23057,29025,5578,29020,6985
2020-06-11 09:38:10.00,29098.92,29035,4995,29040,23057,29030,5544,29025,34
2020-06-11 09:38:11.10,29098.92,29040,18073,29045,9995,29030,5544,29025,34
2020-06-11 09:38:11.69,29098.92,29040,18073,29045,9995,29030,5524,29025,34
2020-06-11 09:38:12.61,29098.92,29040,5167,29045,22901,29030,5524,29025,7005
2020-06-11 09:38:13.14,29098.92,29040,5167,29045,22901,29030,5524,29025,7005
2020-06-11 09:38:13.94,29098.92,29040,172,29045,27896,29035,5524,29025,7005
2020-06-11 09:38:14.83,29098.92,29040,5167,29045,22901,29030,5524,29025,7005
2020-06-11 09:38:15.61,29098.92,29040,5167,29045,22901,29030,5524,29025,7005
2020-06-11 09:38:17.11,29098.92,29040,5167,29045,22901,29030,5524,29025,7005
2020-06-11 09:38:17.91,29098.92,29040,172,29045,27896,29035,5524,29025,7005
2020-06-11 09:38:18.54,29098.92,29040,5167,29045,22901,29030,5524,29025,7005
2020-06-11 09:38:19.21,29098.92,29040,5217,29045,22901,29030,5524,29025,7005
2020-06-11 09:38:19.91,29099.24,29040,18123,29045,9995,29030,5544,29025,34
2020-06-11 09:38:20.55,29099.24,29040,5217,29045,22901,29035,20,29030,5544
2020-06-11 09:38:21.18,29099.24,29040,5217,29045,22901,29035,20,29030,5544
2020-06-11 09:38:21.82,29099.24,29040,5217,29045,22901,29035,20,29030,5544
2020-06-11 09:38:22.32,29099.24,29040,5217,29045,22901,29035,20,29030,5544
2020-06-11 09:38:22.94,29099.24,29040,5217,29045,22901,29035,20,29030,5544
2020-06-11 09:38:24.04,29099.24,29040,5217,29045,22901,29030,5544,29025,7025
2020-06-11 09:38:24.61,29099.24,29040,5217,29045,22901,29030,5544,29025,7025
2020-06-11 09:38:25.14,29099.24,29040,28102,29045,9995,29030,5544,29025,54
2020-06-11 09:38:25.89,29099.24,29040,5217,29045,22901,29030,5544,29025,7025
2020-06-11 09:38:26.44,29099.24,29035,4995,29040,23107,29030,5544,29025,54
2020-06-11 09:38:27.25,29099.24,29040,5217,29045,22901,29030,5544,29025,7025
2020-06-11 09:38:28.04,29099.24,29040,5217,29045,22901,29030,5544,29025,54
2020-06-11 09:38:28.65,29099.24,29040,5217,29045,22941,29030,5544,29025,7025
2020-06-11 09:38:29.32,29088.13,29030,4995,29040,23107,29025,5578,29020,30
2020-06-11 09:38:30.04,29088.13,29030,5095,29035,12906,29025,5566,29020,30
2020-06-11 09:38:30.85,29088.13,29030,5095,29035,22901,29025,42,29020,5554
2020-06-11 09:38:31.61,29088.13,29030,100,29035,14990,29025,5546,29020,7001
2020-06-11 09:38:32.75,29088.13,29030,100,29035,4995,29025,5546,29020,6981
2020-06-11 09:38:33.71,29088.13,29035,4995,29040,23107,29030,5424,29025,22
2020-06-11 09:38:35.04,29088.13,29035,4995,29040,23107,29030,5424,29025,22
2020-06-11 09:38:35.61,29088.13,29035,4995,29040,23107,29030,5424,29025,62
2020-06-11 09:38:36.24,29088.13,29035,4995,29040,23107,29025,5486,29020,6981
2020-06-11 09:38:37.04,29088.13,29035,17901,29040,10201,29025,5486,29020,10
2020-06-11 09:38:37.71,29088.13,29035,27896,29040,10201,29025,5486,29020,10
2020-06-11 09:38:39.91,29088.13,29035,4995,29040,23107,29025,5486,29020,6981
2020-06-11 09:38:41.45,29097.61,29030,4995,29035,22901,29025,62,29020,5434
2020-06-11 09:38:42.61,29097.61,29030,4995,29035,22901,29025,5486,29020,10
2020-06-11 09:38:43.39,29097.61,29035,4995,29040,23107,29025,5446,29020,6981
2020-06-11 09:38:43.69,29097.61,29030,4995,29035,22901,29025,5446,29020,10
2020-06-11 09:38:44.24,29097.61,29030,4995,29035,22901,29025,22,29020,5434
2020-06-11 09:38:45.82,29097.61,29030,4995,29035,22901,29025,22,29020,5444
2020-06-11 09:38:46.41,29097.61,29030,4995,29035,22901,29025,22,29020,5444
2020-06-11 09:38:47.00,29097.61,29030,4995,29035,22901,29025,22,29020,5444
2020-06-11 09:38:47.79,29097.61,29030,4995,29035,22931,29025,22,29020,5444
2020-06-11 09:38:48.32,29097.61,29030,4995,29035,22931,29025,22,29020,5444
2020-06-11 09:38:49.55,29097.61,29025,4995,29030,22885,29020,10,29015,5435
2020-06-11 09:38:50.24,29089.06,29025,4995,29030,22885,29020,10,29015,5435
2020-06-11 09:38:50.94,29089.06,29025,4995,29030,22885,29020,10,29015,5435
2020-06-11 09:38:51.71,29089.06,29025,4995,29030,22885,29020,10,29015,5425
2020-06-11 09:38:52.43,29089.06,29030,27880,29035,10025,29020,5434,29015,1
2020-06-11 09:38:53.04,29089.06,29030,27880,29035,10025,29020,5434,29015,1
2020-06-11 09:38:54.24,29089.06,29030,27880,29035,10025,29020,5434,29015,1
2020-06-11 09:38:54.85,29089.06,29030,4995,29035,22931,29020,5435,29015,6972
2020-06-11 09:38:56.32,29089.06,29030,4995,29035,22931,29020,5460,29015,6972
2020-06-11 09:38:56.85,29089.06,29030,4995,29035,22931,29020,5460,29015,6972
2020-06-11 09:38:58.54,29089.06,29030,4995,29035,22931,29025,50,29020,5460
2020-06-11 09:38:59.11,29089.06,29025,4995,29030,22885,29020,36,29015,5425
2020-06-11 09:38:59.82,29092.11,29025,4995,29030,22885,29020,18,29015,5425
2020-06-11 09:39:00.47,29092.11,29025,4995,29030,22885,29020,5442,29015,1
2020-06-11 09:39:01.14,29092.11,29025,4995,29030,22885,29020,18,29015,5425
2020-06-11 09:39:01.75,29092.11,29030,4995,29035,22931,29020,5442,29015,6972
2020-06-11 09:39:02.35,29092.11,29030,17901,29035,10025,29020,5442,29015,1
2020-06-11 09:39:03.04,29092.11,29025,4995,29030,23885,29020,5442,29015,1
2020-06-11 09:39:03.75,29092.11,29025,4995,29030,23885,29020,5442,29015,1
2020-06-11 09:39:04.35,29092.11,29025,5045,29030,23885,29020,18,29015,5425
2020-06-11 09:39:05.54,29092.11,29025,5045,29030,23885,29020,18,29015,5425
2020-06-11 09:39:06.07,29092.11,29020,4977,29025,22951,29015,5425,29010,20
2020-06-11 09:39:07.24,29092.11,29020,4977,29025,22951,29015,1,29010,5444
2020-06-11 09:39:07.85,29092.11,29020,4977,29025,22951,29015,1,29010,5444
2020-06-11 09:39:09.71,29092.11,29020,4977,29025,22951,29015,2,29010,5444
2020-06-11 09:39:10.35,29099.2,29025,5027,29030,23885,29020,5424,29015,2
2020-06-11 09:39:11.00,29099.2,29025,17933,29030,10979,29015,5426,29010,20
2020-06-11 09:39:11.75,29099.2,29020,4977,29025,22951,29015,5426,29010,20
2020-06-11 09:39:12.32,29099.2,29025,27928,29030,10979,29015,5426,29010,20
2020-06-11 09:39:12.85,29099.2,29025,27928,29030,10979,29015,5426,29010,20
2020-06-11 09:39:13.42,29099.2,29020,4977,29025,22951,29015,2,29010,5444
2020-06-11 09:39:14.61,29099.2,29020,5068,29025,22951,29015,2,29010,5444
2020-06-11 09:39:15.64,29099.2,29020,17974,29025,10045,29015,2,29010,5444
2020-06-11 09:39:16.35,29099.2,29020,5068,29025,22951,29015,2,29010,5444
2020-06-11 09:39:17.50,29099.2,29020,27953,29025,10045,29010,5444,29000,7870
2020-06-11 09:39:18.14,29099.2,29020,17974,29025,10045,29010,5444,29000,17869
2020-06-11 09:39:18.82,29099.2,29020,27953,29025,10045,29010,5444,29000,7870
2020-06-11 09:39:19.50,29085.32,29020,17974,29025,10045,29010,5450,29000,17869
2020-06-11 09:39:20.21,29085.32,29020,28105,29025,10045,29010,5450,29000,7870
2020-06-11 09:39:20.91,29085.32,29020,28105,29025,10045,29010,5484,29000,7870
2020-06-11 09:39:21.64,29085.32,29020,28105,29025,10045,29010,5484,29000,7870
2020-06-11 09:39:23.21,29085.32,29020,28105,29025,10045,29010,5484,29000,7870
2020-06-11 09:39:23.94,29085.32,29015,4977,29020,23128,29010,60,29005,5424
2020-06-11 09:39:24.82,29085.32,29015,27868,29020,10222,29010,60,29005,5424
2020-06-11 09:39:25.44,29085.32,29015,4967,29020,23128,29005,5424,29000,899
2020-06-11 09:39:26.24,29085.32,29015,27868,29020,10222,29005,5424,29000,899
2020-06-11 09:39:26.91,29085.32,29015,4967,29020,23128,29005,5424,29000,7870
2020-06-11 09:39:27.64,29085.32,29015,27868,29020,10222,29010,1,29005,5424
2020-06-11 09:39:29.11,29085.32,29015,27868,29020,10222,29010,1,29005,5424
2020-06-11 09:39:30.03,29073.93,29015,4967,29020,23128,29010,1,29005,5424
2020-06-11 09:39:30.91,29073.93,29015,27868,29020,10222,29010,1,29005,5424
2020-06-11 09:39:31.74,29073.93,29015,4967,29020,23128,29010,1,29005,5424
2020-06-11 09:39:32.55,29073.93,29015,17873,29020,10222,29010,1,29005,5424
2020-06-11 09:39:33.31,29073.93,29015,4967,29020,23128,29010,1,29005,5424
2020-06-11 09:39:34.11,29073.93,29015,4967,29020,23128,29010,1,29005,5424
2020-06-11 09:39:35.44,29073.93,29015,4967,29020,23128,29010,5425,29000,7870
2020-06-11 09:39:36.14,29073.93,29015,4967,29020,23128,29010,5425,29000,7870
2020-06-11 09:39:36.81,29073.93,29015,4967,29020,23128,29010,1,29005,5424
2020-06-11 09:39:38.81,29073.93,29020,28095,29025,10045,29010,5425,29000,7870
2020-06-11 09:39:40.31,29073.2,29020,15189,29025,22951,29010,5426,29005,6971
2020-06-11 09:39:40.94,29073.2,29020,28095,29025,10045,29010,5426,29000,7870
2020-06-11 09:39:42.25,29073.2,29020,15189,29025,22951,29010,5426,29005,6975
2020-06-11 09:39:42.90,29073.2,29020,15189,29025,22951,29015,20,29010,5426
2020-06-11 09:39:43.61,29073.2,29020,243,29025,27918,29015,5444,29010,2
2020-06-11 09:39:44.25,29073.2,29020,243,29025,27918,29015,5344,29010,2
2020-06-11 09:39:44.94,29073.2,29020,5210,29025,22951,29010,5346,29005,6975
2020-06-11 09:39:45.61,29073.2,29020,15189,29025,22951,29010,5346,29005,6975
2020-06-11 09:39:47.43,29073.2,29020,243,29025,27918,29015,5344,29010,2
2020-06-11 09:39:48.11,29073.2,29020,243,29025,27918,29015,5344,29010,2
2020-06-11 09:39:48.84,29073.2,29020,5210,29025,22951,29015,5344,29010,2
2020-06-11 09:39:49.61,29073.2,29020,5260,29025,22951,29015,5344,29010,2
2020-06-11 09:39:50.42,29056.11,29020,15239,29025,22951,29010,5346,29005,6975
2020-06-11 09:39:51.04,29056.11,29020,28145,29025,10045,29010,5346,29005,4
2020-06-11 09:39:52.54,29056.11,29020,15239,29025,22951,29010,5346,29005,6975
2020-06-11 09:39:53.34,29056.11,29015,4967,29020,23178,29010,5346,29005,4
2020-06-11 09:39:55.81,29056.11,29015,6767,29020,23178,29010,2,29005,5348
2020-06-11 09:39:58.34,29056.11,29010,6765,29015,24701,29005,4,29000,6243
2020-06-11 09:39:59.04,29056.11,29010,1800,29015,29666,29005,5348,29000,899
2020-06-11 09:39:59.65,29056.11,29010,6765,29015,24701,29005,4,29000,6243
2020-06-11 09:40:01.12,29076.0,29010,4965,29015,24701,29005,4,29000,6243
2020-06-11 09:40:01.84,29076.0,29010,4965,29015,24701,29005,4,29000,6243
2020-06-11 09:40:02.62,29076.0,29010,4965,29015,24701,29005,4,29000,6243
2020-06-11 09:40:03.30,29076.0,29010,4965,29015,24701,29005,4,29000,6243
2020-06-11 09:40:04.01,29076.0,29010,6665,29015,24701,29005,4,29000,6243
2020-06-11 09:40:04.65,29076.0,29010,16644,29015,24701,29005,4,29000,6243
2020-06-11 09:40:05.44,29076.0,29010,4965,29015,24701,29005,4,29000,6243
2020-06-11 09:40:06.15,29076.0,29005,6661,29010,24585,29000,6243,28995,142
2020-06-11 09:40:06.83,29076.0,29005,1700,29010,29546,29000,6277,28995,142
2020-06-11 09:40:07.54,29076.0,29005,6661,29010,24585,29000,6277,28995,142
2020-06-11 09:40:08.12,29076.0,29005,6661,29010,24585,29000,935,28995,5486
2020-06-11 09:40:10.04,29049.56,29005,6661,29010,24585,29000,935,28995,5486
2020-06-11 09:40:10.80,29049.56,29000,17579,29005,24601,28995,142,28990,5367
2020-06-11 09:40:11.61,29049.56,29000,7600,29005,24601,28995,142,28990,5367
2020-06-11 09:40:12.44,29049.56,28995,5900,29000,24585,28990,5367,28985,10
2020-06-11 09:40:13.41,29049.56,28995,7598,29000,24585,28990,23,28985,5354
2020-06-11 09:40:14.41,29049.56,28995,28801,29000,11677,28990,23,28985,5354
2020-06-11 09:40:15.35,29049.56,28995,5900,29000,24583,28990,5344,28985,12
2020-06-11 09:40:16.11,29049.56,28995,7600,29000,24583,28990,5344,28985,12
2020-06-11 09:40:16.91,29049.56,28995,7600,29000,24583,28985,5302,28980,6997
2020-06-11 09:40:17.91,29049.56,28995,30501,29000,11677,28990,1,28985,5302
2020-06-11 09:40:18.75,29049.56,28995,5900,29000,24583,28985,5302,28980,6997
2020-06-11 09:40:19.32,29042.92,28995,5900,29000,24583,28990,5290,28985,12
2020-06-11 09:40:19.82,29042.92,28995,5900,29000,24583,28985,5302,28980,6997
2020-06-11 09:40:20.53,29042.92,28995,5900,29000,24583,28985,5302,28980,6997
2020-06-11 09:40:21.11,29042.92,29000,30483,29005,11295,28990,5290,28985,12
2020-06-11 09:40:22.22,29042.92,29000,20504,29005,11295,28990,5290,28985,13
2020-06-11 09:40:22.52,29042.92,29000,30483,29005,11295,28990,5290,28985,13
2020-06-11 09:40:23.31,29042.92,29000,20504,29005,11295,28990,5290,28985,13
2020-06-11 09:40:24.38,29042.92,29000,17577,29005,24201,28990,5291,28985,6984
2020-06-11 09:40:24.81,29042.92,29000,20504,29005,11295,28990,5291,28985,13
2020-06-11 09:40:25.52,29042.92,28995,18806,29000,11677,28990,1,28985,5303
2020-06-11 09:40:26.47,29042.92,28990,5900,28995,24601,28985,5303,28980,43
2020-06-11 09:40:26.94,29042.92,28995,30501,29000,11677,28985,5303,28980,43
2020-06-11 09:40:28.05,29042.92,28990,7596,28995,22901,28985,13,28980,5333
2020-06-11 09:40:28.34,29042.92,28990,20498,28995,9995,28980,5333,28970,17129
2020-06-11 09:40:29.05,29042.92,28990,20581,28995,9995,28980,5333,28970,17129
2020-06-11 09:40:30.14,29040.21,28990,20581,28995,9995,28980,5333,28970,17129
2020-06-11 09:40:31.20,29040.21,28990,30560,28995,9995,28980,5334,28970,7130
2020-06-11 09:40:31.61,29040.21,28990,30560,28995,9995,28980,5334,28970,7130
2020-06-11 09:40:32.78,29040.21,28990,5976,28995,22901,28980,5334,28975,6971
2020-06-11 09:40:33.11,29040.21,28990,5976,28995,22901,28980,5334,28975,6971
2020-06-11 09:40:33.73,29040.21,28990,5976,28995,22901,28985,5290,28980,44
2020-06-11 09:40:34.87,29040.21,28990,43,28995,18789,28985,5290,28980,44
2020-06-11 09:40:35.25,29040.21,28990,43,28995,28784,28985,5290,28980,45
2020-06-11 09:40:36.97,29040.21,28990,5926,28995,22901,28985,5290,28980,45
2020-06-11 09:40:37.31,29040.21,28990,43,28995,28784,28985,5290,28980,45
2020-06-11 09:40:37.84,29040.21,28990,5926,28995,22901,28985,5290,28980,45
2020-06-11 09:40:38.45,29040.21,28990,5916,28995,22901,28985,5190,28980,45
2020-06-11 09:40:39.11,29040.21,28990,33,28995,28784,28985,5190,28980,45
2020-06-11 09:40:39.84,29040.21,28990,33,28995,5883,28985,5191,28980,7016
2020-06-11 09:40:40.65,29048.47,28995,5883,29000,24583,28990,1,28985,5291
2020-06-11 09:40:41.70,29048.47,29000,20487,29005,10495,28990,5191,28985,101
2020-06-11 09:40:42.14,29048.47,29000,1698,29005,29284,28995,5190,28990,1
2020-06-11 09:40:43.28,29048.47,29000,7581,29005,23401,28990,5191,28985,7072
2020-06-11 09:40:43.51,29048.47,29000,7581,29005,23401,28990,5191,28985,7072
2020-06-11 09:40:44.34,29048.47,28995,5883,29000,24583,28990,5191,28985,101
2020-06-11 09:40:44.90,29048.47,28995,6783,29000,24583,28990,5191,28985,101
2020-06-11 09:40:45.60,29048.47,28995,5883,29000,24583,28990,2,28985,5291
2020-06-11 09:40:46.45,29048.47,28995,5883,29000,24583,28990,2,28985,5291
2020-06-11 09:40:47.01,29048.47,29000,7581,29005,23401,28990,5192,28985,7072
2020-06-11 09:40:48.03,29048.47,29005,500,29010,28770,29000,5190,28990,6973
2020-06-11 09:40:49.04,29048.47,29005,7583,29010,22887,28995,5190,28990,6973
2020-06-11 09:40:49.54,29048.47,29005,1700,29010,28770,29000,5190,28990,6973
2020-06-11 09:40:50.63,29041.71,29005,7583,29010,22887,29000,5190,28990,6973
2020-06-11 09:40:50.95,29041.71,29005,7583,29010,22887,28995,5190,28990,6973
2020-06-11 09:40:51.70,29041.71,29005,1700,29010,28770,29000,5190,28990,6981
2020-06-11 09:40:52.31,29041.71,29005,7583,29010,22887,29000,5190,28990,6982
2020-06-11 09:40:53.51,29041.71,29005,7583,29010,22885,28995,5190,28990,6982
2020-06-11 09:40:54.32,29041.71,29005,7583,29010,22885,28995,5190,28990,6982
2020-06-11 09:40:56.41,29041.71,29005,1700,29010,18789,29000,5190,28990,16981
2020-06-11 09:40:56.71,29041.71,29005,7583,29010,22885,28995,5190,28990,6982
2020-06-11 09:40:57.44,29041.71,29005,1700,29010,28768,29000,5190,28990,6982
2020-06-11 09:40:58.48,29041.71,29005,1700,29010,28768,29000,5090,28990,7016
2020-06-11 09:40:58.71,29041.71,29005,1700,29010,28768,29000,5090,28990,7016
2020-06-11 09:40:59.51,29041.71,29005,7583,29010,22885,28995,5090,28990,7016
2020-06-11 09:40:59.83,29064.7,29005,7583,29010,22885,28995,5090,28990,7016
2020-06-11 09:41:00.57,29064.7,29005,20489,29010,9979,28995,5090,28990,45
2020-06-11 09:41:01.58,29064.7,29000,5883,29005,24601,28990,5135,28985,7072
2020-06-11 09:41:02.65,29064.7,29000,1700,29005,20489,28995,5090,28990,45
2020-06-11 09:41:03.01,29064.7,29000,7583,29005,24601,28995,5090,28990,45
2020-06-11 09:41:03.72,29064.7,29000,7583,29005,24601,28995,5090,28990,45
2020-06-11 09:41:04.36,29064.7,29000,1700,29005,30484,28995,5090,28990,45
2020-06-11 09:41:05.29,29064.7,29005,17578,29010,22885,28995,5090,28990,7016
2020-06-11 09:41:05.64,29064.7,29005,7583,29010,22885,28995,5090,28990,7016
2020-06-11 09:41:06.35,29064.7,29005,20489,29010,9979,28995,5090,28990,45
2020-06-11 09:41:06.64,29064.7,29005,17578,29010,22885,28995,5090,28990,7016
2020-06-11 09:41:07.38,29064.7,29005,7583,29010,22885,28995,5090,28990,7016
2020-06-11 09:41:08.44,29064.7,29010,28768,29015,9997,29000,5090,28990,7016
2020-06-11 09:41:08.71,29064.7,29005,5883,29010,22885,29000,5090,28990,7016
2020-06-11 09:41:09.44,29058.04,29015,5885,29020,23171,29005,10973,29000,6971
2020-06-11 09:41:10.52,29058.04,29015,7585,29020,23171,29005,10973,29000,6971
2020-06-11 09:41:11.56,29058.04,29015,5885,29020,23171,29010,5090,29005,5883
2020-06-11 09:41:12.63,29058.04,29015,5885,29020,23171,29005,10973,29000,6971
2020-06-11 09:41:13.11,29058.04,29015,2,29020,16148,29010,5090,29005,12854
2020-06-11 09:41:14.20,29058.04,29015,30586,29020,10265,29005,10973,28995,6971
2020-06-11 09:41:14.61,29058.04,29010,5883,29015,24703,29005,5883,29000,5090
2020-06-11 09:41:15.75,29058.04,29010,5883,29015,24703,29005,10973,28995,6971
2020-06-11 09:41:16.80,29058.04,29010,7683,29015,24703,29005,5883,29000,5090
2020-06-11 09:41:17.34,29058.04,29015,7685,29020,23171,29005,10973,29000,6971
2020-06-11 09:41:18.36,29058.04,29015,2,29020,16148,29010,5090,29005,12854
2020-06-11 09:41:18.70,29058.04,29015,2,29020,6169,29010,5090,29005,5883
2020-06-11 09:41:19.94,29058.04,29015,7735,29020,23171,29005,10973,29000,6971
2020-06-11 09:41:20.31,29044.89,29015,7735,29020,23171,29010,5090,29005,5883
2020-06-11 09:41:22.03,29044.89,29015,7735,29020,23171,29010,4990,29005,5883
2020-06-11 09:41:23.08,29044.89,29015,7735,29020,23171,29005,10873,29000,6971
2020-06-11 09:41:23.51,29044.89,29020,6169,29025,22951,29010,4990,29005,12854
2020-06-11 09:41:24.62,29044.89,29020,30854,29025,10045,29010,4990,29005,5883
2020-06-11 09:41:25.64,29044.89,29020,7969,29025,22951,29010,4990,29005,12854
2020-06-11 09:41:26.73,29044.89,29020,30854,29025,10045,29010,4990,29005,5883
2020-06-11 09:41:29.40,29044.89,29015,5883,29020,24971,29005,10873,29000,6971
2020-06-11 09:41:30.37,29047.49,29015,7683,29020,24971,29005,10873,29000,6971
2020-06-11 09:41:30.75,29047.49,29020,30854,29025,10045,29010,4990,29005,5883
2020-06-11 09:41:31.45,29047.49,29020,30854,29025,10045,29010,4990,29005,5883
2020-06-11 09:41:32.50,29047.49,29015,5883,29020,24971,29005,10873,29000,6971
2020-06-11 09:41:32.93,29047.49,29015,7683,29020,24971,29005,10873,29000,6971
2020-06-11 09:41:34.42,29047.49,29015,30584,29020,12065,29005,10873,28995,6971
2020-06-11 09:41:35.04,29047.49,29015,30584,29020,12065,29005,10873,28995,6971
2020-06-11 09:41:35.64,29047.49,29015,17678,29020,24971,29005,10873,29000,6971
2020-06-11 09:41:36.73,29047.49,29015,7683,29020,24971,29005,10873,28995,16970
2020-06-11 09:41:36.95,29047.49,29015,7683,29020,24971,29005,10873,29000,6971
2020-06-11 09:41:37.76,29047.49,29015,30584,29020,12065,29005,10873,28995,6971
2020-06-11 09:41:38.15,29047.49,29015,7683,29020,24971,29005,10873,29000,6971
2020-06-11 09:41:39.34,29047.49,29015,5883,29020,24971,29005,10873,29000,6971
2020-06-11 09:41:39.51,29066.65,29015,7583,29020,24971,29005,10873,29000,6971
2020-06-11 09:41:41.45,29066.65,29015,7583,29020,24971,29005,10873,29000,6971
2020-06-11 09:41:42.45,29066.65,29015,30484,29020,12065,29005,10873,28995,6971
2020-06-11 09:41:42.80,29066.65,29010,5883,29015,24601,29005,10873,28995,6971
2020-06-11 09:41:43.45,29066.65,29010,7783,29015,24601,29005,10873,28995,6971
2020-06-11 09:41:44.01,29066.65,29010,5883,29015,24601,29005,10873,28995,6971
2020-06-11 09:41:44.60,29066.65,29010,5966,29015,24601,29005,5883,29000,4990
2020-06-11 09:41:45.30,29066.65,29010,7966,29015,24601,29005,5883,29000,4990
2020-06-11 09:41:46.54,29066.65,29010,83,29015,30484,29005,10873,28995,6971
2020-06-11 09:41:47.80,29066.65,29010,7866,29015,24601,29005,5883,29000,4990
2020-06-11 09:41:48.44,29066.65,29010,7866,29015,24601,29005,10873,28995,6971
2020-06-11 09:41:48.83,29066.65,29010,83,29015,17578,29005,10873,29000,6971
2020-06-11 09:41:49.85,29066.65,29020,29054,29025,10045,29010,4990,29005,5883
2020-06-11 09:41:50.30,29068.34,29015,5883,29020,23171,29010,4990,29005,5883
2020-06-11 09:41:51.43,29068.34,29015,17778,29020,23171,29005,10790,29000,6971
2020-06-11 09:41:52.46,29068.34,29015,5883,29020,23171,29010,4937,29005,5883
2020-06-11 09:41:53.52,29068.34,29020,29054,29025,10045,29010,4937,29005,5883
2020-06-11 09:41:55.08,29068.34,29015,5853,29020,23171,29010,4937,29005,5883
2020-06-11 09:41:56.35,29068.34,29015,5853,29020,23171,29010,4937,29005,5913
2020-06-11 09:41:57.19,29068.34,29015,5853,29020,23171,29010,4937,29005,5913
2020-06-11 09:41:57.64,29068.34,29015,5853,29020,23171,29010,30,29005,10820
2020-06-11 09:41:58.24,29068.34,29015,20759,29020,10265,29005,10820,28995,16970
2020-06-11 09:41:59.25,29068.34,29015,5853,29020,23171,29010,4907,29005,5913
2020-06-11 09:41:59.82,29068.34,29020,29024,29025,10045,29010,4895,29005,5913
2020-06-11 09:42:00.61,29072.9,29020,29024,29025,10045,29010,4895,29005,5913
2020-06-11 09:42:01.31,29072.9,29020,29024,29025,10045,29010,4895,29005,5913
2020-06-11 09:42:02.38,29072.9,29020,29024,29025,10045,29010,4895,29005,5913
2020-06-11 09:42:02.70,29072.9,29015,5853,29020,23171,29005,10808,29000,6971
2020-06-11 09:42:03.45,29072.9,29015,7853,29020,23171,29005,10808,29000,6971
2020-06-11 09:42:04.64,29072.9,29010,5853,29015,24951,29005,10808,28995,6971
2020-06-11 09:42:05.58,29072.9,29010,5853,29015,24951,29005,10778,28995,6971
2020-06-11 09:42:06.64,29072.9,29015,17898,29020,23171,29005,10778,29000,6971
2020-06-11 09:42:07.70,29072.9,29010,6723,29015,24951,29005,10778,28995,6971
2020-06-11 09:42:08.23,29072.9,29010,6723,29015,24951,29005,5883,29000,4895
2020-06-11 09:42:09.27,29072.9,29010,6723,29015,24951,29005,10778,28995,6971
2020-06-11 09:42:09.44,29076.11,29010,5823,29015,24951,29005,10778,28995,6971
2020-06-11 09:42:10.33,29076.11,29015,7873,29020,23171,29005,10778,29000,6971
2020-06-11 09:42:10.64,29076.11,29015,7873,29020,23171,29005,10788,29000,6971
2020-06-11 09:42:11.37,29076.11,29010,100,29015,5873,29005,10788,29000,6981
2020-06-11 09:42:11.73,29076.11,29015,50,29020,28994,29010,4795,29005,5893
2020-06-11 09:42:12.31,29076.11,29015,650,29020,28994,29010,4795,29005,5893
2020-06-11 09:42:12.90,29076.11,29015,50,29020,28994,29010,4795,29005,5893
2020-06-11 09:42:13.40,29076.11,29015,450,29020,28994,29010,4806,29005,5893
2020-06-11 09:42:14.54,29076.11,29015,50,29020,28994,29010,4806,29005,5893
2020-06-11 09:42:15.61,29076.11,29015,2050,29020,28994,29010,4786,29005,5893
2020-06-11 09:42:16.67,29076.11,29015,30754,29020,10265,29005,10668,29000,10
2020-06-11 09:42:17.14,29076.11,29015,30754,29020,10265,29005,10658,29000,10
2020-06-11 09:42:18.23,29076.11,29015,30754,29020,10265,29005,10658,29000,10
2020-06-11 09:42:18.36,29076.11,29015,30754,29020,10265,29005,10658,29000,10
2020-06-11 09:42:19.26,29076.11,29015,30754,29020,10265,29005,10658,29000,10
2020-06-11 09:42:20.31,29080.65,29015,17848,29020,23171,29005,10658,29000,6981
2020-06-11 09:42:20.71,29080.65,29015,30754,29020,10265,29005,10658,29000,10
2020-06-11 09:42:21.40,29080.65,29015,30754,29020,10265,29005,10658,29000,10
2020-06-11 09:42:23.51,29080.65,29015,30754,29020,10265,29005,10658,29000,10
2020-06-11 09:42:25.53,29080.65,29015,30754,29020,10265,29005,10648,29000,10
2020-06-11 09:42:25.92,29080.65,29015,30754,29020,10265,29005,10648,29000,10
2020-06-11 09:42:27.60,29080.65,29010,5823,29015,24931,29005,5873,29000,4785
2020-06-11 09:42:28.21,29080.65,29010,7623,29015,24931,29005,5873,29000,4775
2020-06-11 09:42:29.15,29080.65,29010,5823,29015,24931,29005,10648,28995,6981
2020-06-11 09:42:29.26,29080.65,29010,7823,29015,24931,29005,5873,29000,4775
2020-06-11 09:42:29.71,29080.65,29010,7823,29015,24931,29005,5873,29000,4780
2020-06-11 09:42:30.24,29060.48,29010,7823,29015,24931,29005,10648,29000,5
2020-06-11 09:42:31.24,29060.48,29015,30754,29020,10265,29005,10648,29000,5
2020-06-11 09:42:31.54,29060.48,29015,30754,29020,10265,29005,10648,29000,5
2020-06-11 09:42:32.91,29060.48,29010,5823,29015,24931,29005,5873,29000,4780
2020-06-11 09:42:33.53,29060.48,29010,7923,29015,24931,29005,5873,29000,4780
2020-06-11 09:42:34.74,29060.48,29010,7903,29015,24931,29005,5873,29000,4780
2020-06-11 09:42:35.85,29060.48,29010,28688,29015,10025,29000,4780,28990,7036
2020-06-11 09:42:36.52,29060.48,29010,28688,29015,10025,29000,4780,28990,7036
2020-06-11 09:42:38.31,29060.48,29010,28688,29015,10025,29000,4780,28990,7036
2020-06-11 09:42:39.53,29060.48,29010,5803,29015,22931,29000,4780,28995,6971
2020-06-11 09:42:40.20,29077.12,29010,20809,29015,10025,29000,4780,28990,17035
2020-06-11 09:42:41.75,29077.12,29015,28734,29020,10265,29005,4775,29000,5
2020-06-11 09:42:42.31,29077.12,29015,5833,29020,23171,29005,4775,29000,6976
2020-06-11 09:42:43.05,29077.12,29015,5833,29020,23171,29005,4775,29000,6976
2020-06-11 09:42:43.87,29077.12,29015,30834,29020,10265,29005,4775,29000,5
2020-06-11 09:42:44.41,29077.12,29010,5803,29015,25031,29005,4775,29000,5
2020-06-11 09:42:45.14,29077.12,29010,7903,29015,25031,29005,4775,29000,5
2020-06-11 09:42:45.97,29077.12,29015,30834,29020,10265,29005,4775,29000,5
2020-06-11 09:42:46.34,29077.12,29015,30834,29020,10265,29005,4775,29000,5
2020-06-11 09:42:47.54,29077.12,29015,30834,29020,10265,29005,4775,29000,5
2020-06-11 09:42:48.62,29077.12,29015,17928,29020,23171,29005,4775,29000,5
2020-06-11 09:42:48.83,29077.12,29015,17928,29020,23171,29005,4775,29000,6976
2020-06-11 09:42:49.67,29077.12,29015,17978,29020,23171,29005,4775,29000,6976
2020-06-11 09:42:50.11,29076.1,29015,7983,29020,23171,29005,4775,29000,5
2020-06-11 09:42:51.23,29076.1,29015,30884,29020,10265,29005,4775,29000,5
2020-06-11 09:42:54.39,29076.1,29015,30884,29020,10265,29005,4775,29000,5
2020-06-11 09:42:55.61,29076.1,29015,30884,29020,10265,29005,4775,29000,5
2020-06-11 09:42:56.45,29076.1,29015,7983,29020,23171,29005,4775,29000,6976
2020-06-11 09:42:57.01,29076.1,29015,17978,29020,23171,29005,4775,29000,6976
2020-06-11 09:42:57.74,29076.1,29015,7983,29020,23171,29005,4775,29000,6976
2020-06-11 09:42:59.60,29076.1,29015,8067,29020,23171,29005,4775,29000,6976
2020-06-11 09:42:59.90,29077.24,29015,164,29020,28974,29010,4775,29000,6976
2020-06-11 09:43:00.51,29077.24,29015,164,29020,28974,29010,4775,29000,6976
2020-06-11 09:43:01.73,29077.24,29015,164,29020,28974,29010,4775,29000,6976
2020-06-11 09:43:03.71,29077.24,29015,164,29020,28974,29010,4776,29000,6976
2020-06-11 09:43:06.45,29077.24,29015,164,29020,28974,29010,4776,29000,6976
2020-06-11 09:43:07.44,29077.24,29015,164,29020,28974,29010,4776,29000,6976
2020-06-11 09:43:08.60,29077.24,29015,164,29020,6089,29010,4776,29005,6971
2020-06-11 09:43:09.94,29077.24,29015,164,29020,16068,29010,4776,29005,6971
2020-06-11 09:43:11.51,29078.53,29020,286,29025,5853,29015,4611,29010,6972
2020-06-11 09:43:12.68,29078.53,29025,50,29030,29988,29020,4425,29010,6972
2020-06-11 09:43:13.12,29078.53,29025,7853,29030,24185,29020,5800,29010,6972
2020-06-11 09:43:14.24,29078.53,29020,5800,29025,28754,29015,5800,29010,1
2020-06-11 09:43:14.47,29078.53,29020,5800,29025,5853,29015,5800,29010,1
2020-06-11 09:43:15.29,29078.53,29025,5853,29030,24185,29015,5800,29010,6972
2020-06-11 09:43:15.74,29078.53,29025,7853,29030,24185,29015,5800,29010,6972
2020-06-11 09:43:16.41,29078.53,29025,50,29030,29988,29020,5800,29010,6972
2020-06-11 09:43:17.36,29078.53,29025,50,29030,29988,29020,5800,29010,6972
2020-06-11 09:43:18.30,29078.53,29025,50,29030,29988,29020,5800,29015,10
2020-06-11 09:43:18.91,29078.53,29025,1,29030,7103,29020,5760,29015,6981
2020-06-11 09:43:20.00,29081.2,29030,7103,29035,22991,29020,5760,29015,6981
2020-06-11 09:43:20.24,29081.2,29030,1300,29035,28794,29025,5750,29020,10
2020-06-11 09:43:21.02,29081.2,29030,3300,29035,28794,29025,5750,29020,10
2020-06-11 09:43:22.07,29081.2,29030,1300,29035,28794,29025,5760,29020,10
2020-06-11 09:43:22.61,29081.2,29035,5893,29040,23607,29025,4460,29020,6981
2020-06-11 09:43:23.31,29081.2,29035,5893,29040,23607,29030,4450,29025,10
2020-06-11 09:43:24.00,29081.2,29035,90,29040,29410,29030,4450,29025,10
2020-06-11 09:43:24.71,29081.2,29030,20699,29035,12085,29025,10,29020,4460
2020-06-11 09:43:25.50,29081.2,29025,5793,29030,24985,29020,4460,29015,10
2020-06-11 09:43:26.25,29081.2,29025,2000,29030,30778,29020,4460,29015,10
2020-06-11 09:43:27.31,29081.2,29025,2000,29030,30778,29020,4460,29015,10
2020-06-11 09:43:27.50,29081.2,29030,20799,29035,10085,29020,4460,29015,10
2020-06-11 09:43:28.36,29081.2,29025,100,29030,30778,29020,4460,29015,10
2020-06-11 09:43:28.64,29081.2,29025,100,29030,20799,29020,4460,29015,10
2020-06-11 09:43:29.42,29081.2,29025,100,29030,30778,29020,4460,29015,10
2020-06-11 09:43:30.02,29062.68,29025,100,29030,7893,29020,4460,29015,6981
2020-06-11 09:43:30.81,29062.68,29035,90,29040,29400,29030,5900,29020,6981
2020-06-11 09:43:32.84,29062.68,29035,1990,29040,29400,29030,5900,29020,6981
2020-06-11 09:43:33.66,29062.68,29035,1990,29040,29400,29030,5900,29020,6981
2020-06-11 09:43:34.72,29062.68,29035,7833,29040,23607,29025,5900,29020,6981
2020-06-11 09:43:35.01,29062.68,29035,7833,29040,23607,29025,5900,29020,6981
2020-06-11 09:43:35.78,29062.68,29035,7833,29040,23607,29025,5900,29020,6981
2020-06-11 09:43:36.84,29062.68,29035,2060,29040,29400,29030,5900,29020,6981
2020-06-11 09:43:37.01,29062.68,29035,160,29040,29400,29030,5900,29020,6981
2020-06-11 09:43:37.89,29062.68,29035,160,29040,29400,29030,5900,29020,6981
2020-06-11 09:43:38.31,29062.68,29035,7853,29040,23607,29030,5900,29020,6971
2020-06-11 09:43:38.97,29062.68,29035,5953,29040,23607,29030,5900,29020,6971
2020-06-11 09:43:39.98,29062.68,29035,160,29040,29400,29030,5900,29020,6971
2020-06-11 09:43:40.34,29078.78,29035,160,29040,29400,29030,5900,29025,20
2020-06-11 09:43:41.11,29078.78,29035,760,29040,29400,29030,5900,29025,20
2020-06-11 09:43:42.09,29078.78,29035,160,29040,29400,29030,5900,29025,20
2020-06-11 09:43:43.15,29078.78,29035,260,29040,29400,29030,5900,29025,20
2020-06-11 09:43:43.43,29078.78,29035,260,29040,6515,29030,5900,29025,20
2020-06-11 09:43:44.27,29078.78,29040,722,29045,28696,29035,5640,29030,20
2020-06-11 09:43:45.01,29078.78,29040,722,29045,28696,29035,5640,29030,20
2020-06-11 09:43:46.33,29078.78,29045,15790,29050,22990,29035,5018,29030,6991
2020-06-11 09:43:46.80,29078.78,29045,5795,29050,22990,29040,5038,29030,6991
2020-06-11 09:43:47.93,29078.78,29045,30596,29050,10084,29035,5018,29030,20
2020-06-11 09:43:48.99,29078.78,29045,30616,29050,10084,29035,5018,29030,20
2020-06-11 09:43:49.80,29100.88,29040,5793,29045,24823,29035,5018,29030,20
2020-06-11 09:43:51.08,29100.88,29040,6493,29045,24823,29035,5018,29030,20
2020-06-11 09:43:51.44,29100.88,29045,30716,29050,10084,29035,5018,29030,20
2020-06-11 09:43:52.21,29100.88,29040,5793,29045,24923,29035,5018,29030,20
2020-06-11 09:43:53.18,29100.88,29040,5793,29045,24923,29035,5018,29030,20
2020-06-11 09:43:53.50,29100.88,29040,7692,29045,24923,29030,5038,29025,6991
2020-06-11 09:43:54.21,29100.88,29040,7692,29045,24923,29035,5018,29030,20
2020-06-11 09:43:54.82,29100.88,29040,5792,29045,24923,29035,5018,29030,20
2020-06-11 09:43:55.80,29100.88,29040,5812,29045,24903,29035,5018,29030,20
2020-06-11 09:43:55.91,29100.88,29040,20,29045,30695,29035,5018,29030,20
2020-06-11 09:43:56.83,29100.88,29040,5812,29045,24903,29035,5018,29030,20
2020-06-11 09:43:57.85,29100.88,29040,30497,29045,11997,29030,5038,29025,20
2020-06-11 09:43:58.94,29100.88,29040,30497,29045,11997,29030,5038,29025,20
2020-06-11 09:43:59.31,29100.88,29040,5820,29045,24903,29035,5018,29030,20
2020-06-11 09:44:00.49,29091.43,29040,5820,29045,24903,29030,5038,29025,6991
2020-06-11 09:44:00.81,29091.43,29040,30605,29045,11997,29030,5038,29025,20
2020-06-11 09:44:03.20,29091.43,29040,30585,29045,12017,29030,5018,29025,20
2020-06-11 09:44:04.20,29091.43,29035,5792,29040,24793,29025,5038,29020,6971
2020-06-11 09:44:04.44,29091.43,29035,7692,29040,24793,29025,5038,29020,6971
2020-06-11 09:44:06.34,29091.43,29035,20598,29040,11887,29025,5038,29015,16980
2020-06-11 09:44:07.34,29091.43,29035,7692,29040,24793,29025,5018,29015,16980
2020-06-11 09:44:07.75,29091.43,29035,17687,29040,24793,29025,5018,29020,6971
2020-06-11 09:44:08.40,29091.43,29035,17687,29040,24793,29030,30,29025,5018
2020-06-11 09:44:09.00,29091.43,29035,20598,29040,11887,29025,5018,29015,16980
2020-06-11 09:44:09.97,29091.43,29035,30593,29040,11887,29025,5018,29015,6981
2020-06-11 09:44:10.40,29114.53,29030,5792,29035,24801,29025,5018,29015,6981
2020-06-11 09:44:11.08,29114.53,29035,30593,29040,11187,29025,5018,29015,6981
2020-06-11 09:44:12.11,29114.53,29035,17687,29040,24093,29025,5018,29020,6971
2020-06-11 09:44:12.54,29114.53,29040,29885,29045,10117,29030,5018,29020,6971
2020-06-11 09:44:13.67,29114.53,29040,5850,29045,23023,29035,5018,29025,6971
2020-06-11 09:44:14.68,29114.53,29040,17832,29045,23003,29030,5018,29025,6971
2020-06-11 09:44:15.04,29114.53,29040,30738,29045,10097,29030,5018,29020,6971
2020-06-11 09:44:15.75,29114.53,29040,28838,29045,10097,29030,5018,29020,6971
2020-06-11 09:44:16.78,29114.53,29040,5953,29045,23003,29030,5018,29020,16970
2020-06-11 09:44:16.95,29114.53,29040,5953,29045,23003,29030,5018,29020,16970
2020-06-11 09:44:17.82,29114.53,29040,30738,29045,10097,29030,5018,29020,6971
2020-06-11 09:44:18.06,29114.53,29040,30738,29045,10097,29030,5018,29020,6971
2020-06-11 09:44:19.92,29114.53,29040,6003,29045,23003,29035,5018,29025,6971
2020-06-11 09:44:20.34,29112.97,29040,211,29045,28795,29035,5018,29025,6971
2020-06-11 09:44:21.46,29112.97,29045,5894,29050,23090,29040,4807,29030,6971
2020-06-11 09:44:21.93,29112.97,29045,5894,29050,23090,29035,4807,29030,6971
2020-06-11 09:44:23.04,29112.97,29045,5894,29050,23090,29040,20,29035,4807
2020-06-11 09:44:23.34,29112.97,29045,5894,29050,23090,29040,4827,29030,6971
2020-06-11 09:44:24.09,29112.97,29045,6394,29050,23090,29040,20,29035,4807
2020-06-11 09:44:24.71,29112.97,29045,7794,29050,23090,29040,20,29035,4827
2020-06-11 09:44:25.31,29112.97,29045,5894,29050,23090,29040,4827,29035,20
2020-06-11 09:44:25.91,29112.97,29045,5894,29050,23090,29040,20,29035,4827
2020-06-11 09:44:26.71,29112.97,29045,102,29050,28882,29040,4827,29035,20
2020-06-11 09:44:28.29,29112.97,29045,7794,29050,23090,29040,20,29035,4827
2020-06-11 09:44:29.21,29112.97,29045,7794,29050,23090,29040,20,29035,4827
2020-06-11 09:44:29.84,29112.97,29045,7794,29050,23090,29040,4827,29035,20
2020-06-11 09:44:30.41,29113.51,29045,5896,29050,23090,29040,4827,29035,20
2020-06-11 09:44:31.51,29113.51,29045,5896,29050,23090,29040,4827,29035,20
2020-06-11 09:44:33.04,29113.51,29045,104,29050,5997,29040,4827,29035,6991
2020-06-11 09:44:33.60,29113.51,29050,205,29055,28743,29045,4703,29040,20
2020-06-11 09:44:34.54,29113.51,29050,205,29055,5842,29045,4703,29040,6991
2020-06-11 09:44:35.69,29113.51,29055,7742,29060,22885,29045,4703,29040,6991
2020-06-11 09:44:36.74,29113.51,29050,5792,29055,24851,29040,4723,29035,6991
2020-06-11 09:44:36.94,29113.51,29050,5792,29055,24851,29045,4703,29040,20
2020-06-11 09:44:37.79,29113.51,29050,5792,29055,24851,29040,4723,29035,6991
2020-06-11 09:44:38.85,29113.51,29050,5892,29055,24851,29040,4723,29035,6991
2020-06-11 09:44:39.30,29113.51,29050,100,29055,7742,29045,4703,29040,6991
2020-06-11 09:44:40.43,29113.8,29050,17,29055,17737,29045,4703,29040,6991
2020-06-11 09:44:41.71,29113.8,29050,17,29055,7742,29045,4703,29040,6991
2020-06-11 09:44:42.71,29113.8,29050,17,29055,7742,29045,4703,29040,6991
2020-06-11 09:44:43.60,29113.8,29055,5842,29060,22885,29050,13,29045,4703
2020-06-11 09:44:44.63,29113.8,29055,5842,29060,22885,29050,13,29045,4703
2020-06-11 09:44:45.00,29113.8,29050,6879,29055,24681,29040,4723,29035,6991
2020-06-11 09:44:46.17,29113.8,29050,5779,29055,24681,29040,4723,29035,6991
2020-06-11 09:44:46.64,29113.8,29050,5779,29055,24681,29040,4723,29035,6991
2020-06-11 09:44:47.77,29113.8,29050,7579,29055,24681,29040,4723,29035,6991
2020-06-11 09:44:48.03,29113.8,29050,7579,29055,24681,29040,4703,29035,6991
2020-06-11 09:44:48.83,29113.8,29050,5779,29055,24681,29040,4703,29035,6991
2020-06-11 09:44:49.88,29117.67,29050,5779,29055,24681,29040,4703,29035,6971
2020-06-11 09:44:50.24,29117.67,29050,5779,29055,24681,29040,4703,29035,6971
2020-06-11 09:44:51.00,29117.67,29050,7579,29055,24681,29040,4703,29035,6971
2020-06-11 09:44:51.94,29117.67,29050,5781,29055,24681,29040,4703,29035,6971
2020-06-11 09:44:52.34,29117.67,29045,5779,29050,24687,29035,4703,29030,7001
2020-06-11 09:44:53.50,29117.67,29050,7581,29055,22981,29040,4713,29035,6971
2020-06-11 09:44:53.81,29117.67,29050,30466,29055,10075,29040,4713,29030,7001
2020-06-11 09:44:54.55,29117.67,29045,5779,29050,24687,29040,4713,29035,10
2020-06-11 09:44:55.59,29117.67,29050,7581,29055,22981,29040,4713,29035,6981
2020-06-11 09:44:55.94,29117.67,29050,2,29055,28760,29045,4703,29040,10
2020-06-11 09:44:56.64,29117.67,29050,5781,29055,22981,29045,4703,29040,10
2020-06-11 09:44:57.67,29117.67,29050,5781,29055,22981,29045,10,29040,4713
2020-06-11 09:44:58.20,29117.67,29050,7581,29055,22981,29045,10,29040,4713
2020-06-11 09:44:58.90,29117.67,29050,7581,29055,22981,29045,10,29040,4713
2020-06-11 09:44:59.75,29117.67,29050,7581,29055,22981,29040,4713,29035,6981
2020-06-11 09:45:00.20,29122.5,29050,2,29055,5859,29045,4703,29040,6981
2020-06-11 09:45:01.31,29122.5,29045,5779,29050,24687,29040,10,29035,4713
2020-06-11 09:45:01.61,29122.5,29040,5769,29045,1800,29035,4713,29030,7001
2020-06-11 09:45:02.37,29122.5,29045,7569,29050,24687,29035,4713,29030,7001
2020-06-11 09:45:03.43,29122.5,29040,5769,29045,14706,29035,10,29030,4733
2020-06-11 09:45:04.01,29122.5,29040,1800,29045,7559,29035,4704,29030,7001
2020-06-11 09:45:04.84,29122.5,29040,7609,29045,1800,29035,1,29030,4733
2020-06-11 09:45:06.06,29122.5,29040,5809,29045,1800,29035,4704,29030,7001
2020-06-11 09:45:06.31,29122.5,29040,50,29045,7559,29035,4704,29030,6971
2020-06-11 09:45:07.12,29122.5,29040,1100,29045,7559,29035,4704,29030,6971
2020-06-11 09:45:07.64,29122.5,29040,1800,29045,7559,29035,4704,29030,6971
2020-06-11 09:45:08.70,29122.5,29045,7559,29050,22887,29035,4704,29030,6971
2020-06-11 09:45:09.04,29122.5,29040,5759,29045,1800,29035,4704,29030,6971
2020-06-11 09:45:09.76,29122.5,29040,5719,29045,1800,29035,1,29030,11674
2020-06-11 09:45:10.82,29098.4,29045,7519,29050,22887,29035,4704,29030,6971
2020-06-11 09:45:11.40,29098.4,29045,7519,29050,22887,29035,4704,29030,6971
2020-06-11 09:45:12.34,29098.4,29045,7519,29050,22887,29040,10,29035,4704
2020-06-11 09:45:13.48,29098.4,29040,7489,29045,1800,29035,1,29030,11674
2020-06-11 09:45:13.81,29098.4,29045,7489,29050,22887,29035,4704,29030,6971
2020-06-11 09:45:14.62,29098.4,29045,5689,29050,22887,29035,4704,29030,6971
2020-06-11 09:45:15.59,29098.4,29050,5691,29055,22991,29040,4703,29035,6972
2020-06-11 09:45:15.91,29098.4,29045,5689,29050,1802,29035,11675,29030,9999
2020-06-11 09:45:16.63,29098.4,29045,5689,29050,1802,29040,4703,29035,6972
2020-06-11 09:45:17.04,29098.4,29050,7581,29055,22991,29040,4703,29035,6972
2020-06-11 09:45:17.54,29098.4,29050,7581,29055,22991,29040,4703,29035,6972
2020-06-11 09:45:18.21,29098.4,29050,7621,29055,22951,29040,4703,29035,6972
2020-06-11 09:45:18.80,29098.4,29045,5689,29050,1932,29040,4703,29035,6972
2020-06-11 09:45:19.80,29098.4,29045,5689,29050,1932,29040,4703,29035,6972
2020-06-11 09:45:19.98,29125.65,29050,7621,29055,23051,29040,4703,29035,6972
2020-06-11 09:45:20.85,29125.65,29050,7621,29055,23051,29040,4703,29035,6972
2020-06-11 09:45:21.91,29125.65,29050,5821,29055,150,29040,11674,29035,10000
2020-06-11 09:45:22.33,29125.65,29050,7621,29055,23051,29040,4403,29035,16971
2020-06-11 09:45:23.46,29125.65,29050,7621,29055,23051,29040,4403,29035,6972
2020-06-11 09:45:24.94,29125.65,29050,5821,29055,150,29045,5900,29040,6971
2020-06-11 09:45:26.07,29125.65,29050,7421,29055,23051,29040,5900,29035,6972
2020-06-11 09:45:26.33,29125.65,29050,7421,29055,23051,29045,20,29040,5900
2020-06-11 09:45:27.00,29125.65,29050,7421,29055,23051,29045,20,29040,5900
2020-06-11 09:45:27.71,29125.65,29045,5689,29050,1732,29035,5901,29030,16970
2020-06-11 09:45:28.44,29125.65,29045,7489,29050,24617,29035,5889,29030,6971
2020-06-11 09:45:29.25,29125.65,29045,7572,29050,11711,29035,12860,29025,9999
2020-06-11 09:45:29.80,29125.65,29045,7572,29050,24617,29035,5889,29030,6971
2020-06-11 09:45:30.46,29110.66,29045,7572,29050,27017,29035,5889,29030,6971
2020-06-11 09:45:31.36,29110.66,29040,5689,29045,14889,29030,5889,29025,16970
2020-06-11 09:45:32.39,29110.66,29035,5689,29040,1800,29030,5889,29025,6971
2020-06-11 09:45:32.91,29110.66,29035,5689,29040,1800,29030,5889,29025,6971
2020-06-11 09:45:33.97,29110.66,29040,7489,29045,13119,29030,5889,29025,16970
2020-06-11 09:45:34.44,29110.66,29040,7489,29045,23114,29030,5889,29025,6971
2020-06-11 09:45:35.52,29110.66,29035,5689,29040,14706,29025,5889,29020,16970
2020-06-11 09:45:35.81,29110.66,29035,7489,29040,14706,29025,5889,29020,16970
2020-06-11 09:45:36.81,29110.66,29035,7489,29040,24685,29025,5889,29020,6971
2020-06-11 09:45:37.84,29110.66,29030,5689,29035,1800,29025,5889,29020,6971
2020-06-11 09:45:38.81,29110.66,29030,7489,29035,14706,29020,5889,29015,16970
2020-06-11 09:45:39.84,29110.66,29030,5689,29035,14706,29020,5889,29015,16970
2020-06-11 09:45:40.87,29101.12,29030,5689,29035,1800,29025,5889,29020,6971
2020-06-11 09:45:41.90,29101.12,29035,7489,29040,22885,29025,5889,29020,6971
2020-06-11 09:45:42.20,29101.12,29035,7489,29040,22885,29025,5889,29020,6971
2020-06-11 09:45:42.95,29101.12,29035,7539,29040,22885,29025,5889,29020,6971
2020-06-11 09:45:43.98,29101.12,29035,7539,29040,22885,29025,5889,29020,6971
2020-06-11 09:45:44.40,29101.12,29030,5639,29035,1900,29025,5889,29020,6971
2020-06-11 09:45:45.53,29101.12,29030,5639,29035,1900,29025,5889,29020,6971
2020-06-11 09:45:45.81,29101.12,29030,5639,29035,1900,29025,5889,29020,6971
2020-06-11 09:45:46.56,29101.12,29035,7539,29040,12906,29025,5889,29020,16970
2020-06-11 09:45:47.62,29101.12,29035,5639,29040,22885,29025,5889,29020,6971
2020-06-11 09:45:47.90,29101.12,29035,7539,29040,22885,29025,5889,29020,6971
2020-06-11 09:45:48.63,29101.12,29035,7539,29040,22885,29025,5899,29020,6971
2020-06-11 09:45:49.21,29101.12,29035,7588,29040,22885,29025,5899,29020,6971
2020-06-11 09:45:49.81,29097.57,29035,7588,29040,22885,29025,5899,29020,6981
2020-06-11 09:45:50.74,29097.57,29040,5638,29045,213,29030,12860,29025,10009
2020-06-11 09:45:51.31,29097.57,29040,5638,29045,213,29030,5889,29025,16980
2020-06-11 09:45:52.04,29097.57,29045,7751,29050,25287,29035,5789,29030,6971
2020-06-11 09:45:52.82,29097.57,29045,7751,29050,25287,29035,5799,29030,6981
2020-06-11 09:45:53.87,29097.57,29045,7751,29050,25287,29035,5799,29030,6981
2020-06-11 09:45:54.30,29097.57,29040,5638,29045,2113,29035,5,29030,12770
2020-06-11 09:45:54.96,29097.57,29040,5638,29045,2113,29035,5794,29030,6981
2020-06-11 09:45:55.96,29097.57,29045,7751,29050,25287,29035,5794,29030,6981
2020-06-11 09:45:57.01,29097.57,29045,213,29050,8040,29040,5789,29035,6976
2020-06-11 09:45:58.57,29097.57,29045,213,29050,8040,29040,5789,29035,6976
2020-06-11 09:45:58.91,29097.57,29045,7751,29050,2402,29035,5794,29030,16980
2020-06-11 09:45:59.63,29098.89,29040,5,29045,7751,29035,5794,29030,6981
2020-06-11 09:46:00.65,29098.89,29045,7751,29050,25287,29035,5794,29030,6981
2020-06-11 09:46:02.13,29098.89,29045,7751,29050,25287,29035,5794,29030,6981
2020-06-11 09:46:03.27,29098.89,29045,7751,29050,25287,29035,5794,29030,6981
2020-06-11 09:46:03.71,29098.89,29045,7751,29050,25287,29040,10,29035,5794
2020-06-11 09:46:04.83,29098.89,29045,7751,29050,25287,29035,5794,29030,6981
2020-06-11 09:46:05.24,29098.89,29045,7751,29050,25287,29035,5794,29030,6981
2020-06-11 09:46:06.43,29098.89,29045,213,29050,8040,29040,5789,29035,6976
2020-06-11 09:46:06.85,29098.89,29045,113,29050,8040,29040,5789,29035,6976
2020-06-11 09:46:08.24,29098.89,29045,123,29050,8040,29040,5789,29035,6976
2020-06-11 09:46:09.03,29098.89,29045,123,29050,8040,29040,5789,29035,6976
2020-06-11 09:46:10.10,29094.4,29045,18,29050,8040,29040,5789,29035,6976
2020-06-11 09:46:11.31,29094.4,29050,8040,29055,10145,29045,5771,29040,6971
2020-06-11 09:46:12.17,29094.4,29050,8040,29055,150,29045,5771,29040,6971
2020-06-11 09:46:13.74,29094.4,29050,8040,29055,23051,29040,5771,29035,6976
2020-06-11 09:46:14.14,29094.4,29050,9840,29055,23051,29040,5771,29035,6971
2020-06-11 09:46:15.28,29094.4,29050,2402,29055,5788,29045,5786,29040,6971
2020-06-11 09:46:15.70,29094.4,29055,5788,29060,9979,29045,12886,29040,9999
2020-06-11 09:46:16.84,29094.4,29055,5788,29060,22885,29045,5915,29040,6971
2020-06-11 09:46:17.89,29094.4,29050,5628,29055,1450,29045,5915,29040,6971
2020-06-11 09:46:19.47,29094.4,29050,7428,29055,24351,29045,15,29040,5900
2020-06-11 09:46:19.91,29094.4,29050,7428,29055,24351,29040,5900,29035,6971
2020-06-11 09:46:21.03,29117.11,29050,5628,29055,24351,29040,5900,29035,6971
2020-06-11 09:46:21.44,29117.11,29050,6128,29055,24351,29040,5900,29035,6971
2020-06-11 09:46:22.58,29117.11,29050,5653,29055,24351,29040,5900,29035,6971
2020-06-11 09:46:22.84,29117.11,29050,7453,29055,24351,29040,5900,29035,6971
2020-06-11 09:46:23.62,29117.11,29050,5653,29055,24351,29040,5900,29035,6971
2020-06-11 09:46:24.69,29117.11,29050,7553,29055,24351,29040,5900,29035,6971
2020-06-11 09:46:25.04,29117.11,29045,5628,29050,1925,29040,5900,29035,6971
2020-06-11 09:46:25.75,29117.11,29050,7553,29055,24351,29040,5900,29035,6971
2020-06-11 09:46:26.78,29117.11,29045,5628,29050,1925,29035,12871,29030,10009
2020-06-11 09:46:27.14,29117.11,29050,7553,29055,23051,29040,5900,29035,6971
2020-06-11 09:46:28.89,29117.11,29045,5628,29050,1925,29035,12871,29030,9999
2020-06-11 09:46:29.14,29117.11,29045,7528,29050,1925,29035,12871,29030,9999
2020-06-11 09:46:30.40,29097.42,29050,7553,29055,23288,29040,5900,29035,6971
2020-06-11 09:46:31.53,29097.42,29050,10,29055,6015,29045,5900,29040,6971
2020-06-11 09:46:31.75,29097.42,29050,10,29055,6015,29045,12871,29035,9999
2020-06-11 09:46:32.56,29097.42,29050,10,29055,6015,29045,5900,29040,6971
2020-06-11 09:46:33.04,29097.42,29050,10,29055,6015,29045,12871,29035,9999
2020-06-11 09:46:34.21,29097.42,29050,60,29055,6015,29045,12871,29035,9999
2020-06-11 09:46:35.18,29097.42,29055,387,29060,5628,29050,5840,29045,6971
2020-06-11 09:46:35.43,29097.42,29055,387,29060,5628,29050,5840,29045,6981
2020-06-11 09:46:36.24,29097.42,29055,387,29060,5628,29050,5840,29045,6981
2020-06-11 09:46:37.31,29097.42,29055,377,29060,5628,29050,5840,29045,6981
2020-06-11 09:46:37.54,29097.42,29055,6005,29065,22901,29050,5850,29045,6981
2020-06-11 09:46:38.37,29097.42,29055,377,29060,5628,29050,5850,29045,6981
2020-06-11 09:46:39.43,29097.42,29055,377,29060,5628,29050,5850,29045,6981
2020-06-11 09:46:39.71,29121.32,29055,377,29060,5628,29050,5850,29045,6981
2020-06-11 09:46:40.49,29121.32,29055,8805,29060,22885,29045,5850,29040,6981
2020-06-11 09:46:41.54,29121.32,29055,8815,29060,22885,29045,5850,29040,6981
2020-06-11 09:46:42.59,29121.32,29055,8815,29060,22885,29045,5850,29040,6981
2020-06-11 09:46:44.69,29121.32,29055,8899,29060,22885,29045,5850,29040,6981
2020-06-11 09:46:44.87,29121.32,29055,8909,29060,22885,29045,5850,29040,6981
2020-06-11 09:46:45.87,29121.32,29055,8889,29060,22905,29045,5850,29040,6981
2020-06-11 09:46:47.33,29121.32,29055,8889,29060,22905,29050,1,29045,5840
2020-06-11 09:46:47.91,29121.32,29050,5628,29055,3261,29040,12821,29035,10009
2020-06-11 09:46:48.32,29121.32,29050,7428,29055,3261,29040,12821,29035,10009
2020-06-11 09:46:48.80,29121.32,29050,7579,29055,3261,29040,12811,29035,9999
2020-06-11 09:46:49.51,29121.32,29050,151,29055,8889,29045,5840,29040,6971
2020-06-11 09:46:50.50,29108.08,29050,5779,29055,3261,29045,5840,29040,6971
2020-06-11 09:46:50.77,29108.08,29050,151,29055,8889,29045,5840,29040,6971
2020-06-11 09:46:52.11,29108.08,29050,151,29055,8889,29045,5840,29040,6971
2020-06-11 09:46:52.61,29108.08,29050,151,29055,8889,29045,5840,29040,6971
2020-06-11 09:46:53.19,29108.08,29050,7479,29055,3261,29045,5840,29040,6971
2020-06-11 09:46:54.19,29108.08,29050,7479,29055,26162,29040,5840,29035,6971
2020-06-11 09:46:54.64,29108.08,29050,7479,29055,26162,29040,5840,29035,6971
2020-06-11 09:46:57.00,29108.08,29050,7483,29055,26162,29040,5840,29035,6971
2020-06-11 09:46:58.11,29108.08,29050,7483,29055,26162,29040,5840,29035,6971
2020-06-11 09:46:59.24,29106.05,29045,5628,29050,1855,29035,12811,29030,9999
2020-06-11 09:46:59.83,29106.05,29045,7333,29050,2027,29035,12811,29030,9999
2020-06-11 09:47:00.44,29106.05,29045,7533,29050,2027,29035,12811,29030,9999
2020-06-11 09:47:01.45,29106.05,29045,7533,29050,24912,29035,5840,29030,6971
2020-06-11 09:47:02.49,29106.05,29045,5633,29050,2040,29035,12811,29030,9999
2020-06-11 09:47:03.52,29106.05,29045,7533,29050,24925,29035,5840,29030,6971
2020-06-11 09:47:04.00,29106.05,29045,5,29050,7668,29040,5840,29035,6971
2020-06-11 09:47:05.13,29106.05,29050,340,29055,7089,29045,5840,29040,6971
2020-06-11 09:47:05.41,29106.05,29050,340,29055,7089,29045,5840,29040,6971
2020-06-11 09:47:06.16,29106.05,29050,340,29055,7089,29045,5740,29040,6971
2020-06-11 09:47:06.64,29106.05,29050,340,29055,7089,29045,5740,29040,6971
2020-06-11 09:47:08.78,29106.05,29055,1461,29060,5648,29050,5400,29045,6971
2020-06-11 09:47:09.81,29106.05,29055,7089,29060,20,29050,5400,29045,6971
2020-06-11 09:47:09.98,29109.05,29055,1461,29060,15627,29050,5400,29045,6971
2020-06-11 09:47:10.84,29109.05,29055,1461,29060,5648,29050,5400,29045,6971
2020-06-11 09:47:11.11,29109.05,29055,7089,29060,20,29050,5400,29045,6971
2020-06-11 09:47:11.90,29109.05,29055,7089,29060,20,29045,12371,29040,9999
2020-06-11 09:47:13.47,29109.05,29055,8989,29060,22905,29045,5400,29040,6971
2020-06-11 09:47:13.73,29109.05,29055,8189,29060,20,29045,5400,29040,16970
2020-06-11 09:47:14.54,29109.05,29055,8989,29060,22905,29045,5400,29040,6971
2020-06-11 09:47:15.04,29109.05,29055,7089,29060,22905,29045,5400,29040,6971
2020-06-11 09:47:16.14,29109.05,29055,8989,29060,22905,29045,5400,29040,6971
2020-06-11 09:47:17.22,29109.05,29055,7589,29060,22905,29045,5400,29040,6971
2020-06-11 09:47:19.20,29109.05,29055,7139,29060,9999,29045,12371,29040,10
2020-06-11 09:47:19.84,29114.69,29055,7139,29060,20,29050,5400,29045,6971
2020-06-11 09:47:20.85,29114.69,29055,1511,29060,5648,29050,5400,29045,6971
2020-06-11 09:47:22.43,29114.69,29055,1505,29060,5648,29050,12381,29045,10009
2020-06-11 09:47:22.71,29114.69,29055,7133,29060,20,29050,5410,29045,6991
2020-06-11 09:47:23.46,29114.69,29055,1505,29060,5648,29050,5410,29045,6991
2020-06-11 09:47:24.49,29114.69,29055,1505,29060,5648,29050,5410,29045,6991
2020-06-11 09:47:25.52,29114.69,29055,1495,29060,5648,29050,5410,29045,6991
2020-06-11 09:47:26.56,29114.69,29055,1495,29060,5648,29050,5410,29045,6991
2020-06-11 09:47:27.65,29114.69,29055,9023,29060,22905,29045,5420,29040,6981
2020-06-11 09:47:28.21,29114.69,29055,9023,29060,22905,29045,5420,29040,6981
2020-06-11 09:47:29.31,29114.69,29055,9023,29060,22905,29045,5420,29040,6981
2020-06-11 09:47:30.20,29114.69,29055,7123,29060,9999,29045,12391,29040,10
2020-06-11 09:47:30.60,29093.86,29055,7143,29060,22905,29045,5420,29040,6981
2020-06-11 09:47:31.24,29093.86,29055,7143,29060,9999,29045,12391,29040,10
2020-06-11 09:47:32.27,29093.86,29055,9043,29060,22905,29045,5420,29040,6981
2020-06-11 09:47:33.01,29093.86,29055,9043,29060,22905,29045,5410,29040,6981
2020-06-11 09:47:34.35,29093.86,29055,7143,29060,20,29045,5410,29040,16980
2020-06-11 09:47:34.83,29093.86,29055,7143,29060,9999,29045,12381,29040,10
2020-06-11 09:47:35.90,29093.86,29055,7143,29060,9999,29045,12381,29035,10010
2020-06-11 09:47:37.33,29093.86,29055,7123,29060,10019,29045,12381,29035,10010
2020-06-11 09:47:37.94,29093.86,29055,7123,29060,10019,29050,5400,29045,6981
2020-06-11 09:47:39.07,29093.86,29055,1495,29060,5668,29050,5400,29045,6981
2020-06-11 09:47:39.30,29093.86,29055,1495,29060,5668,29050,5400,29045,6981
2020-06-11 09:47:40.44,29109.94,29055,7123,29060,40,29045,12381,29040,9999
2020-06-11 09:47:41.14,29109.94,29055,7123,29060,40,29050,5400,29045,6981
2020-06-11 09:47:41.63,29109.94,29055,7123,29060,40,29050,5400,29045,6981
2020-06-11 09:47:42.21,29109.94,29055,7123,29060,40,29050,5400,29045,6981
2020-06-11 09:47:42.80,29109.94,29055,7123,29060,40,29050,5400,29045,6981
2020-06-11 09:47:43.30,29109.94,29055,7123,29060,40,29045,12381,29040,9999
2020-06-11 09:47:43.93,29109.94,29055,7123,29060,40,29045,12381,29040,9999
2020-06-11 09:47:44.85,29109.94,29055,1495,29060,5668,29050,5405,29045,6981
2020-06-11 09:47:45.24,29109.94,29050,5628,29055,3395,29045,5410,29040,6971
2020-06-11 09:47:45.83,29109.94,29050,5628,29055,3395,29045,5410,29040,6971
2020-06-11 09:47:46.94,29109.94,29055,9023,29060,22925,29045,5410,29040,6971
2020-06-11 09:47:47.14,29109.94,29050,5628,29055,3395,29040,12371,29035,10000
2020-06-11 09:47:47.99,29109.94,29050,5628,29055,3395,29040,12371,29035,10000
2020-06-11 09:47:49.03,29109.94,29050,7528,29055,3395,29040,12371,29035,10000
2020-06-11 09:47:49.21,29097.2,29050,7528,29055,3395,29040,12371,29035,10000
2020-06-11 09:47:51.13,29097.2,29050,7528,29055,3395,29040,12371,29035,10000
2020-06-11 09:47:52.11,29097.2,29050,6128,29055,3395,29040,12371,29035,10000
2020-06-11 09:47:52.64,29097.2,29055,9023,29060,40,29050,5400,29045,6971
2020-06-11 09:47:53.77,29097.2,29055,7163,29065,22901,29050,5400,29045,6971
2020-06-11 09:47:54.03,29097.2,29055,7163,29065,22901,29050,10,29045,12371
2020-06-11 09:47:54.81,29097.2,29055,7163,29065,22901,29050,10,29045,12371
2020-06-11 09:47:55.86,29097.2,29055,7163,29065,22901,29050,10,29045,12371
2020-06-11 09:47:59.40,29097.2,29050,290,29055,7246,29045,12371,29040,9999
2020-06-11 09:48:01.44,29111.84,29050,290,29055,7246,29045,5400,29040,6971
2020-06-11 09:48:02.14,29111.84,29050,290,29055,7246,29045,12371,29040,9999
2020-06-11 09:48:03.18,29111.84,29055,7246,29065,22901,29050,5400,29045,6971
2020-06-11 09:48:03.70,29111.84,29055,1618,29060,5628,29050,12371,29040,9999
2020-06-11 09:48:04.75,29111.84,29055,1668,29060,5628,29050,5400,29045,6971
2020-06-11 09:48:05.04,29111.84,29055,1668,29060,5628,29050,5400,29045,6971
2020-06-11 09:48:05.81,29111.84,29055,9196,29065,22901,29050,5400,29045,6971
2020-06-11 09:48:06.40,29111.84,29055,7896,29065,22901,29050,5400,29045,6971
2020-06-11 09:48:07.11,29111.84,29055,1668,29060,5628,29050,5400,29045,6971
2020-06-11 09:48:09.31,29111.84,29055,7296,29060,22885,29045,5400,29040,6971
2020-06-11 09:48:10.07,29121.5,29045,5628,29055,26469,29035,12372,29030,9999
2020-06-11 09:48:11.12,29121.5,29045,7528,29055,26469,29035,12372,29030,9999
2020-06-11 09:48:11.32,29121.5,29045,5628,29055,26469,29040,1,29035,12372
2020-06-11 09:48:12.18,29121.5,29040,7527,29045,14806,29035,1,29030,5400
2020-06-11 09:48:13.24,29121.5,29040,7440,29045,1900,29035,1,29030,12371
2020-06-11 09:48:13.71,29121.5,29045,7440,29055,24569,29035,12372,29030,9999
2020-06-11 09:48:14.84,29121.5,29050,5540,29055,1668,29040,12371,29035,10040
2020-06-11 09:48:15.40,29121.5,29055,7208,29065,22901,29045,12371,29040,9999
2020-06-11 09:48:16.21,29121.5,29055,7208,29065,22901,29045,12371,29040,9999
2020-06-11 09:48:16.96,29121.5,29055,1668,29060,5540,29050,5400,29045,6971
2020-06-11 09:48:18.02,29121.5,29055,1668,29060,5540,29050,5420,29045,6971
2020-06-11 09:48:18.23,29121.5,29055,9108,29065,22901,29045,12391,29040,9999
2020-06-11 09:48:19.07,29121.5,29055,9088,29065,22901,29045,12391,29040,10019
2020-06-11 09:48:19.60,29097.81,29055,9188,29065,22901,29045,12391,29040,10019
2020-06-11 09:48:20.30,29097.81,29055,9188,29065,22901,29050,20,29045,12391
2020-06-11 09:48:21.13,29097.81,29055,1748,29060,5540,29050,5420,29045,6991
2020-06-11 09:48:21.60,29097.81,29055,7288,29065,22901,29050,5420,29045,6991
2020-06-11 09:48:22.73,29097.81,29055,9188,29065,22901,29045,12391,29040,10019
2020-06-11 09:48:22.90,29097.81,29055,9188,29065,22901,29045,12391,29040,10019
2020-06-11 09:48:23.79,29097.81,29055,7288,29065,22901,29045,12391,29040,10019
2020-06-11 09:48:25.01,29097.81,29055,1748,29060,5540,29050,5400,29045,6991
2020-06-11 09:48:25.60,29097.81,29055,7328,29065,22901,29050,5400,29045,6991
2020-06-11 09:48:26.94,29097.81,29055,9228,29065,22901,29045,12371,29040,10019
2020-06-11 09:48:27.99,29097.81,29050,5540,29055,3688,29040,12391,29035,10040
2020-06-11 09:48:28.24,29097.81,29050,7440,29055,26589,29040,5400,29035,7012
2020-06-11 09:48:29.05,29097.81,29045,5540,29050,1900,29035,12412,29030,9999
2020-06-11 09:48:30.10,29097.81,29045,7440,29050,1900,29035,12412,29030,9999
2020-06-11 09:48:30.41,29118.26,29050,7440,29055,2088,29040,5400,29035,17011
2020-06-11 09:48:31.66,29118.26,29050,7440,29055,12083,29040,12371,29035,1
2020-06-11 09:48:31.86,29118.26,29050,7440,29055,2088,29040,5400,29035,16971
2020-06-11 09:48:32.71,29118.26,29050,7440,29055,24989,29040,5400,29035,6972
2020-06-11 09:48:33.80,29118.26,29050,7540,29055,24989,29040,5400,29035,6972
2020-06-11 09:48:34.78,29118.26,29045,5540,29050,2000,29040,5400,29035,6972
2020-06-11 09:48:35.21,29118.26,29045,5540,29050,2000,29035,12372,29030,9999
2020-06-11 09:48:35.86,29118.26,29045,5540,29050,2000,29040,5400,29035,6972
2020-06-11 09:48:36.88,29118.26,29045,7540,29050,2000,29035,12367,29030,9999
2020-06-11 09:48:37.05,29118.26,29045,7540,29050,2000,29040,5400,29035,6967
2020-06-11 09:48:37.94,29118.26,29045,5540,29050,2000,29035,12367,29030,9999
2020-06-11 09:48:38.24,29118.26,29045,5540,29050,2000,29040,5410,29035,6967
2020-06-11 09:48:38.70,29118.26,29045,5540,29050,2000,29040,5410,29035,6967
2020-06-11 09:48:39.30,29097.95,29040,5540,29045,2000,29035,5410,29030,6967
2020-06-11 09:48:40.00,29097.95,29040,5540,29045,2000,29035,5410,29030,6977
2020-06-11 09:48:41.24,29097.95,29040,5540,29045,2000,29030,12377,29025,10039
2020-06-11 09:48:42.11,29097.95,29040,5540,29045,2000,29035,5400,29030,6977
2020-06-11 09:48:42.53,29097.95,29045,7540,29050,22885,29035,5400,29030,6977
2020-06-11 09:48:43.20,29097.95,29045,5540,29055,24689,29035,12367,29030,10009
2020-06-11 09:48:43.84,29097.95,29045,7540,29050,22885,29035,5400,29030,6977
2020-06-11 09:48:44.75,29097.95,29045,7540,29050,22885,29035,5400,29030,6977
2020-06-11 09:48:45.03,29097.95,29045,7540,29050,22885,29035,5400,29030,6977
2020-06-11 09:48:46.84,29097.95,29045,7540,29050,22885,29035,5400,29030,6967
2020-06-11 09:48:47.89,29097.95,29045,5540,29050,9979,29035,12367,29025,10039
2020-06-11 09:48:48.14,29097.95,29050,5540,29055,1808,29040,12367,29035,9999
2020-06-11 09:48:48.95,29097.95,29055,7348,29060,22885,29045,5400,29040,6967
2020-06-11 09:48:49.40,29097.95,29050,5540,29055,3858,29045,5400,29040,6967
2020-06-11 09:48:50.20,29118.38,29055,9398,29060,9979,29045,12367,29040,10
2020-06-11 09:48:51.04,29118.38,29055,1858,29060,5540,29050,5400,29045,6967
2020-06-11 09:48:52.09,29118.38,29055,1858,29060,5540,29050,5400,29045,6969
2020-06-11 09:48:52.54,29118.38,29055,9398,29060,12906,29045,5412,29040,16976
2020-06-11 09:48:53.67,29118.38,29055,9398,29060,22885,29045,5412,29040,6977
2020-06-11 09:48:54.01,29118.38,29050,5540,29055,3858,29040,12377,29035,10019
2020-06-11 09:48:54.64,29118.38,29050,7540,29055,26759,29040,5410,29035,6987
2020-06-11 09:48:55.78,29118.38,29050,5540,29055,3858,29045,5400,29040,6977
2020-06-11 09:48:56.11,29118.38,29055,9398,29060,22885,29045,5400,29040,6977
2020-06-11 09:48:56.84,29118.38,29050,5540,29055,3858,29045,5400,29040,6977
2020-06-11 09:48:57.89,29118.38,29055,9398,29060,22885,29045,5388,29040,6977
2020-06-11 09:48:58.14,29118.38,29045,5540,29055,26769,29040,10,29035,5408
2020-06-11 09:48:58.95,29118.38,29045,7540,29055,26769,29040,10,29035,12375
2020-06-11 09:48:59.43,29118.38,29045,5540,29055,26769,29035,12375,29030,9999
2020-06-11 09:49:00.53,29092.55,29045,7540,29050,22885,29035,5408,29030,6967
2020-06-11 09:49:00.90,29092.55,29040,5540,29045,2000,29035,10,29030,12355
2020-06-11 09:49:01.60,29092.55,29045,7540,29055,25069,29035,12365,29030,9999
2020-06-11 09:49:02.31,29092.55,29045,5540,29055,25069,29035,12365,29030,9999
2020-06-11 09:49:03.40,29092.55,29045,5540,29055,25069,29040,50,29035,12365
2020-06-11 09:49:04.24,29092.55,29045,5540,29055,25069,29040,50,29035,12365
2020-06-11 09:49:05.29,29092.55,29045,5540,29055,25069,29040,50,29035,12365
2020-06-11 09:49:05.81,29092.55,29045,5540,29055,25069,29040,50,29035,12365
2020-06-11 09:49:06.87,29092.55,29045,5540,29055,25069,29035,12365,29030,9999
2020-06-11 09:49:10.04,29092.37,29045,5540,29050,50,29035,12365,29030,9999
2020-06-11 09:49:10.60,29092.37,29045,5540,29050,50,29035,12365,29030,9999
2020-06-11 09:49:12.15,29092.37,29045,5540,29050,160,29035,12365,29030,9999
2020-06-11 09:49:13.51,29092.37,29045,5540,29050,160,29035,12365,29030,9999
2020-06-11 09:49:14.24,29092.37,29045,5623,29050,160,29035,12365,29030,9999
2020-06-11 09:49:15.93,29092.37,29045,83,29050,5700,29040,12355,29035,10009
2020-06-11 09:49:16.88,29092.37,29045,83,29050,5700,29040,12355,29035,10009
2020-06-11 09:49:17.33,29092.37,29045,73,29050,5700,29040,12355,29035,10009
2020-06-11 09:49:18.54,29092.37,29045,73,29050,5700,29040,12365,29035,10009
2020-06-11 09:49:19.49,29092.37,29050,160,29055,7598,29045,5388,29040,6987
2020-06-11 09:49:19.74,29095.33,29055,7298,29065,22901,29045,5128,29040,16986
2020-06-11 09:49:20.55,29095.33,29055,7298,29060,12906,29045,5128,29040,16991
2020-06-11 09:49:21.60,29095.33,29055,7298,29060,22885,29045,5128,29040,6992
2020-06-11 09:49:21.80,29095.33,29055,9298,29060,22885,29045,5128,29040,6992
2020-06-11 09:49:22.63,29095.33,29055,7598,29060,22885,29045,5128,29040,6992
2020-06-11 09:49:22.91,29095.33,29055,7298,29060,22885,29045,5128,29040,6992
2020-06-11 09:49:24.83,29095.33,29055,7298,29060,22885,29050,40,29045,5128
2020-06-11 09:49:25.80,29095.33,29055,1758,29060,5540,29050,5055,29045,7040
2020-06-11 09:49:26.72,29095.33,29055,9298,29065,22901,29045,5128,29040,16991
2020-06-11 09:49:27.88,29095.33,29055,9298,29060,9979,29045,5128,29040,6992
2020-06-11 09:49:28.13,29095.33,29055,9298,29060,22885,29045,5128,29040,6992
2020-06-11 09:49:29.99,29095.33,29055,7298,29065,22901,29050,5055,29045,7040
2020-06-11 09:49:31.05,29093.21,29050,5540,29055,3758,29045,5128,29040,6992
2020-06-11 09:49:31.33,29093.21,29050,7540,29055,26659,29045,73,29040,5080
2020-06-11 09:49:32.17,29093.21,29050,7540,29055,26659,29040,5080,29035,6977
2020-06-11 09:49:33.54,29093.21,29045,100,29050,5540,29040,5080,29035,6977
2020-06-11 09:49:34.34,29093.21,29050,5540,29055,3798,29045,4905,29040,6992
2020-06-11 09:49:35.28,29093.21,29050,5540,29055,3798,29040,11897,29035,10009
2020-06-11 09:49:35.71,29093.21,29050,5540,29055,3798,29040,11877,29035,10009
2020-06-11 09:49:36.87,29093.21,29050,5540,29055,3798,29040,11877,29035,10009
2020-06-11 09:49:37.24,29093.21,29050,7540,29055,26699,29040,4910,29035,6977
2020-06-11 09:49:37.93,29093.21,29055,9338,29060,22885,29045,4905,29040,6972
2020-06-11 09:49:40.04,29093.21,29055,7338,29065,22901,29045,11872,29040,10004
2020-06-11 09:49:40.40,29114.72,29055,7338,29065,22901,29050,4905,29045,6967
2020-06-11 09:49:41.10,29114.72,29055,7338,29065,22901,29045,11872,29040,10004
2020-06-11 09:49:42.15,29114.72,29055,7338,29065,22901,29045,11872,29040,10004
2020-06-11 09:49:42.43,29114.72,29055,9338,29060,22885,29045,4905,29040,6972
2020-06-11 09:49:43.19,29114.72,29055,7338,29065,22901,29045,11872,29040,10004
2020-06-11 09:49:44.24,29114.72,29055,7338,29065,22901,29050,4905,29045,6967
2020-06-11 09:49:44.91,29114.72,29055,7338,29065,22901,29050,4915,29045,6967
2020-06-11 09:49:45.83,29114.72,29055,7338,29065,22901,29050,4915,29045,6967
2020-06-11 09:49:47.71,29114.72,29055,7338,29065,22901,29050,4915,29045,6967
2020-06-11 09:49:49.80,29119.55,29055,1798,29060,5540,29050,4915,29045,6967
2020-06-11 09:49:50.55,29119.55,29055,1798,29060,5540,29050,4915,29045,6967
2020-06-11 09:49:51.21,29119.55,29055,1798,29060,5540,29050,4915,29045,6967
2020-06-11 09:49:51.94,29119.55,29055,1798,29060,5540,29050,4915,29045,6967
2020-06-11 09:49:52.71,29119.55,29055,1798,29060,5540,29050,4915,29045,6967
2020-06-11 09:49:54.22,29119.55,29055,7738,29065,22901,29050,4894,29045,6967
2020-06-11 09:49:54.63,29119.55,29055,7338,29065,22901,29050,4894,29045,6977
2020-06-11 09:49:55.30,29119.55,29055,9138,29065,22901,29045,11871,29040,10016
2020-06-11 09:49:55.96,29119.55,29055,9138,29065,22901,29045,11834,29040,10016
2020-06-11 09:49:56.88,29119.55,29055,7338,29065,22901,29045,11834,29040,10016
2020-06-11 09:49:57.92,29119.55,29055,7338,29065,22901,29045,11834,29040,10016
2020-06-11 09:49:58.33,29119.55,29055,7338,29065,22901,29045,11834,29040,10016
2020-06-11 09:49:59.11,29119.55,29055,7338,29065,22901,29045,11834,29040,10016
2020-06-11 09:50:00.03,29119.55,29055,1798,29060,5540,29050,4857,29045,6977
2020-06-11 09:50:01.08,29113.11,29055,1698,29060,5540,29050,11824,29045,10009
2020-06-11 09:50:02.14,29113.11,29055,1698,29060,5540,29050,11824,29045,10009
2020-06-11 09:50:02.64,29113.11,29060,5540,29070,23053,29055,3159,29050,6967
2020-06-11 09:50:03.74,29113.11,29060,5540,29065,9995,29050,12867,29045,10
2020-06-11 09:50:03.94,29113.11,29060,7540,29065,22901,29050,5900,29045,6977
2020-06-11 09:50:04.30,29113.11,29060,5540,29065,22901,29050,5900,29045,6977
2020-06-11 09:50:04.94,29113.11,29060,7540,29065,22901,29050,5900,29045,6977
2020-06-11 09:50:05.41,29113.11,29055,5540,29060,2000,29050,5900,29045,6977
2020-06-11 09:50:05.91,29113.11,29055,5540,29060,2000,29050,5900,29045,6977
2020-06-11 09:50:07.00,29113.11,29060,7540,29065,22901,29050,5900,29045,6977
2020-06-11 09:50:07.70,29113.11,29055,5540,29060,24885,29045,5910,29040,6984
2020-06-11 09:50:08.48,29113.11,29055,7540,29060,24885,29045,5910,29040,6984
2020-06-11 09:50:09.53,29113.11,29055,7540,29060,24885,29045,5910,29040,6984
2020-06-11 09:50:09.73,29113.11,29055,5540,29060,11979,29050,5900,29045,6977
2020-06-11 09:50:10.58,29121.02,29055,5540,29060,2000,29050,5900,29045,6977
2020-06-11 09:50:11.62,29121.02,29055,5540,29060,2000,29045,12877,29040,10016
2020-06-11 09:50:12.00,29121.02,29055,5540,29060,2000,29045,12877,29040,10016
2020-06-11 09:50:13.19,29121.02,29050,5540,29055,24901,29040,5917,29035,6987
2020-06-11 09:50:13.50,29121.02,29050,7540,29055,24901,29040,5917,29035,6987
2020-06-11 09:50:14.23,29121.02,29050,5840,29055,24901,29040,5917,29035,6987
2020-06-11 09:50:15.28,29121.02,29050,5540,29055,11995,29040,12884,29035,20
2020-06-11 09:50:16.84,29121.02,29050,5540,29055,11995,29045,5900,29040,6984
2020-06-11 09:50:17.34,29121.02,29050,5540,29055,11995,29040,12884,29035,20
2020-06-11 09:50:18.64,29121.02,29055,7540,29060,22885,29045,5900,29040,6984
2020-06-11 09:50:19.50,29121.02,29055,7590,29060,22885,29045,5900,29040,6984
2020-06-11 09:50:19.90,29118.67,29055,7590,29060,22885,29045,5900,29040,6984
2020-06-11 09:50:20.62,29118.67,29055,6590,29060,22885,29045,5900,29040,6984
2020-06-11 09:50:21.81,29118.67,29055,7590,29060,22885,29045,5900,29040,6984
2020-06-11 09:50:22.64,29118.67,29050,10,29055,7590,29045,5900,29040,6984
2020-06-11 09:50:23.79,29118.67,29050,110,29055,7590,29045,5900,29040,6984
2020-06-11 09:50:24.73,29118.67,29050,7550,29055,2050,29040,12884,29035,10019
2020-06-11 09:50:25.85,29118.67,29050,5550,29055,2050,29040,12884,29035,10019
2020-06-11 09:50:26.90,29118.67,29050,5550,29055,2050,29040,12884,29035,10019
2020-06-11 09:50:27.88,29118.67,29055,7590,29060,22885,29050,5790,29040,6984
2020-06-11 09:50:28.12,29118.67,29055,7590,29060,22885,29045,5790,29040,6984
2020-06-11 09:50:28.93,29118.67,29050,5540,29055,2050,29045,5790,29040,6984
2020-06-11 09:50:29.34,29118.67,29050,84,29055,7590,29045,5790,29040,6984
2020-06-11 09:50:30.71,29141.4,29055,50,29060,5540,29050,5706,29045,6967
2020-06-11 09:50:31.54,29141.4,29055,50,29060,5540,29050,5706,29045,6967
2020-06-11 09:50:32.80,29141.4,29060,7540,29065,22901,29050,5576,29045,6967
2020-06-11 09:50:33.40,29141.4,29060,7540,29065,22901,29050,5576,29045,6967
2020-06-11 09:50:34.83,29141.4,29055,5540,29060,11979,29045,5576,29040,6984
2020-06-11 09:50:35.76,29141.4,29060,7540,29065,22901,29050,5576,29045,6967
2020-06-11 09:50:39.96,29103.89,29060,7540,29065,22901,29050,5576,29045,6967
2020-06-11 09:50:41.02,29103.89,29060,7914,29065,22901,29050,5576,29045,6967
2020-06-11 09:50:41.19,29103.89,29055,5540,29060,2374,29045,12543,29040,17
2020-06-11 09:50:42.08,29103.89,29055,5540,29060,12353,29050,5576,29045,6967
2020-06-11 09:50:42.41,29103.89,29055,7540,29060,12353,29050,5576,29045,6967
2020-06-11 09:50:43.13,29103.89,29055,5940,29060,2374,29045,12543,29040,10016
2020-06-11 09:50:43.44,29103.89,29055,7540,29060,2374,29045,12543,29040,10016
2020-06-11 09:50:44.00,29103.89,29055,7540,29060,2374,29045,12543,29040,10016
2020-06-11 09:50:44.60,29103.89,29060,7914,29065,22901,29050,5576,29045,6967
2020-06-11 09:50:46.44,29103.89,29055,100,29060,7914,29050,5576,29045,6967
2020-06-11 09:50:47.50,29103.89,29055,100,29060,7914,29050,5576,29045,6967
2020-06-11 09:50:48.38,29103.89,29055,2100,29060,7914,29050,5576,29045,6967
2020-06-11 09:50:48.91,29103.89,29055,7640,29060,2374,29045,5576,29040,16983
2020-06-11 09:50:49.64,29103.89,29055,100,29060,7914,29050,5576,29045,6967
2020-06-11 09:50:51.70,29121.1,29060,5914,29065,22901,29050,5476,29045,6967
2020-06-11 09:50:52.55,29121.1,29060,5914,29065,22901,29050,5476,29045,6967
2020-06-11 09:50:53.59,29121.1,29060,5914,29065,22901,29050,5476,29045,6967
2020-06-11 09:50:53.80,29121.1,29060,7914,29065,22901,29050,5476,29045,6967
2020-06-11 09:50:54.64,29121.1,29060,5914,29070,23053,29050,12443,29045,9999
2020-06-11 09:50:55.14,29121.1,29060,5914,29070,23053,29055,5476,29050,6967
2020-06-11 09:50:56.23,29121.1,29060,6214,29065,22901,29050,5476,29045,6967
2020-06-11 09:50:56.53,29121.1,29060,6614,29070,23053,29050,5476,29045,16966
2020-06-11 09:50:57.03,29121.1,29060,5914,29065,22901,29050,5476,29045,6967
2020-06-11 09:50:57.80,29121.1,29060,7914,29065,22901,29050,5476,29045,6967
2020-06-11 09:51:00.42,29121.1,29060,7714,29065,22901,29050,5476,29045,6967
2020-06-11 09:51:00.64,29117.03,29060,274,29065,5540,29055,12443,29050,50
2020-06-11 09:51:01.50,29117.03,29065,7540,29070,23053,29055,5202,29050,7017
2020-06-11 09:51:02.81,29117.03,29065,7540,29070,23053,29055,5202,29050,7017
2020-06-11 09:51:03.58,29117.03,29065,7540,29070,23053,29055,5202,29050,7017
2020-06-11 09:51:04.73,29117.03,29065,7590,29070,23053,29055,5202,29050,7017
2020-06-11 09:51:06.14,29117.03,29060,15,29065,7590,29055,5202,29050,7017
2020-06-11 09:51:06.81,29117.03,29060,1015,29065,7590,29055,5202,29050,7017
2020-06-11 09:51:07.78,29117.03,29060,7555,29065,2050,29050,12219,29045,9999
2020-06-11 09:51:08.04,29117.03,29060,7555,29065,24951,29050,5252,29045,6967
2020-06-11 09:51:10.70,29103.92,29055,7520,29060,24900,29045,5202,29040,6984
2020-06-11 09:51:11.55,29103.92,29050,5520,29055,2000,29045,5202,29040,6984
2020-06-11 09:51:12.44,29103.92,29050,7520,29055,2000,29045,5202,29040,6984
2020-06-11 09:51:13.60,29103.92,29050,5520,29055,2000,29045,5202,29040,6984
2020-06-11 09:51:14.10,29103.92,29050,7520,29055,2000,29040,12186,29035,10019
2020-06-11 09:51:15.35,29103.92,29050,7520,29055,24901,29040,5219,29035,6987
2020-06-11 09:51:16.24,29103.92,29045,5520,29050,2000,29040,17,29035,12189
2020-06-11 09:51:16.63,29103.92,29040,5520,29045,2000,29035,5222,29030,6977
2020-06-11 09:51:17.24,29103.92,29040,7520,29045,2000,29035,20,29030,12179
2020-06-11 09:51:18.63,29103.92,29045,7520,29050,22885,29035,5222,29030,6977
2020-06-11 09:51:19.33,29103.92,29045,7520,29055,22916,29035,12189,29030,10009
2020-06-11 09:51:20.44,29117.88,29045,5520,29055,22916,29040,5202,29035,6987
2020-06-11 09:51:20.83,29117.88,29055,5535,29065,22951,29045,12169,29040,9999
2020-06-11 09:51:22.02,29117.88,29050,5520,29055,2015,29045,5202,29040,6967
2020-06-11 09:51:22.44,29117.88,29055,7535,29065,22951,29045,12169,29040,9999
2020-06-11 09:51:23.61,29117.88,29055,5535,29065,22951,29050,5202,29045,6967
2020-06-11 09:51:24.66,29117.88,29055,15,29060,5520,29050,5202,29045,6967
2020-06-11 09:51:25.64,29117.88,29055,7535,29065,22951,29050,5202,29045,6967
2020-06-11 09:51:26.24,29117.88,29055,7535,29065,22951,29045,12169,29040,9999
2020-06-11 09:51:27.28,29117.88,29055,7535,29060,12906,29045,5202,29040,16966
2020-06-11 09:51:27.64,29117.88,29055,7535,29060,9979,29045,12169,29035,10019
2020-06-11 09:51:28.34,29117.88,29055,7545,29060,9979,29045,12169,29035,10019
2020-06-11 09:51:29.47,29119.06,29055,7545,29065,22951,29045,5202,29040,16966
2020-06-11 09:51:29.94,29119.06,29055,7545,29060,9979,29045,12169,29035,10019
2020-06-11 09:51:30.50,29119.06,29055,7545,29065,22951,29045,12169,29040,9999
2020-06-11 09:51:32.06,29119.06,29055,7545,29060,12906,29045,5202,29040,16966
2020-06-11 09:51:32.53,29119.06,29055,7545,29060,12906,29045,5202,29040,16966
2020-06-11 09:51:34.19,29119.06,29050,5520,29055,2025,29040,12169,29035,10019
2020-06-11 09:51:34.61,29119.06,29050,7620,29055,2025,29040,12169,29035,10019
2020-06-11 09:51:35.73,29119.06,29050,7620,29055,12020,29040,5202,29035,6987
2020-06-11 09:51:36.03,29119.06,29050,7620,29055,2025,29040,5202,29035,16986
2020-06-11 09:51:36.64,29119.06,29055,7545,29060,22885,29045,5202,29040,6967
2020-06-11 09:51:37.31,29119.06,29055,7545,29065,22951,29045,12169,29040,9999
2020-06-11 09:51:38.03,29119.06,29060,5520,29065,22951,29050,5202,29045,6967
2020-06-11 09:51:38.89,29119.06,29055,5520,29060,2100,29045,12169,29040,9999
2020-06-11 09:51:39.40,29119.06,29055,7620,29060,2100,29045,12169,29040,9999
2020-06-11 09:51:39.93,29117.06,29060,7620,29065,50,29050,12169,29045,9999
2020-06-11 09:51:40.97,29117.06,29060,5520,29065,50,29055,5202,29050,6967
2020-06-11 09:51:41.40,29117.06,29065,5570,29070,168,29055,12169,29050,9999
2020-06-11 09:51:42.53,29117.06,29065,7670,29070,168,29060,5202,29055,6967
2020-06-11 09:51:42.81,29117.06,29065,50,29070,5688,29060,5202,29055,6967
2020-06-11 09:51:43.59,29117.06,29065,7670,29070,168,29060,5202,29055,6967
2020-06-11 09:51:44.64,29117.06,29065,2233,29070,5688,29060,5202,29055,6967
2020-06-11 09:51:44.84,29117.06,29065,2233,29070,5688,29060,5202,29055,6967
2020-06-11 09:51:45.68,29117.06,29065,7753,29070,168,29060,5202,29055,6967
2020-06-11 09:51:45.93,29117.06,29065,133,29070,5688,29060,5202,29055,6967
2020-06-11 09:51:46.73,29117.06,29065,133,29070,5688,29060,5202,29055,6967
2020-06-11 09:51:47.20,29117.06,29065,433,29070,5688,29060,5202,29055,6967
2020-06-11 09:51:47.81,29117.06,29065,7753,29070,168,29055,12169,29050,9999
2020-06-11 09:51:48.54,29117.06,29065,2233,29070,5688,29060,5202,29055,6967
2020-06-11 09:51:49.35,29117.06,29070,5688,29075,10,29065,5019,29060,6967
2020-06-11 09:51:50.40,29113.48,29070,5688,29075,10,29065,5019,29060,6967
2020-06-11 09:51:50.63,29113.48,29070,168,29075,5530,29065,5019,29060,6967
2020-06-11 09:51:51.45,29113.48,29075,10,29080,5525,29070,4951,29065,6967
2020-06-11 09:51:52.51,29113.48,29075,7530,29080,9984,29065,11968,29055,9999
2020-06-11 09:51:53.57,29113.48,29075,7530,29080,9984,29065,11968,29055,9999
2020-06-11 09:51:54.10,29113.48,29075,7530,29080,12911,29065,5001,29060,16966
2020-06-11 09:51:55.01,29113.48,29075,7530,29080,22890,29065,4987,29060,6967
2020-06-11 09:51:56.23,29113.48,29075,7530,29080,9984,29070,4937,29065,7017
2020-06-11 09:51:56.54,29113.48,29075,7530,29080,9984,29065,11954,29055,9999
2020-06-11 09:51:57.27,29113.48,29070,5520,29075,2010,29065,50,29060,11904
2020-06-11 09:51:58.33,29113.48,29075,7530,29080,22890,29065,4987,29060,6967
2020-06-11 09:51:59.40,29113.48,29070,5520,29075,2010,29065,4987,29060,6967
2020-06-11 09:52:00.01,29124.47,29075,7530,29080,22890,29065,4987,29060,6967
2020-06-11 09:52:00.97,29124.47,29075,7530,29080,22890,29065,4887,29060,6967
2020-06-11 09:52:01.43,29124.47,29075,7530,29080,5,29070,4887,29065,6967
2020-06-11 09:52:02.55,29124.47,29075,10,29080,5525,29070,4887,29065,6967
2020-06-11 09:52:03.01,29124.47,29070,5520,29075,2110,29065,4887,29060,6967
2020-06-11 09:52:04.11,29124.47,29075,7610,29080,22890,29065,4887,29060,6967
2020-06-11 09:52:04.50,29124.47,29075,7610,29080,9984,29065,11854,29055,9999
2020-06-11 09:52:05.68,29124.47,29075,7610,29080,5,29070,4887,29065,6967
2020-06-11 09:52:06.04,29124.47,29075,7610,29080,5,29070,4887,29065,6967
2020-06-11 09:52:06.71,29124.47,29075,10,29080,5505,29070,4887,29065,6967
2020-06-11 09:52:07.78,29124.47,29075,7610,29080,5,29070,4887,29065,6967
2020-06-11 09:52:08.10,29124.47,29075,5810,29080,5,29070,4887,29065,6967
2020-06-11 09:52:09.89,29124.47,29080,5505,29085,10000,29070,11854,29060,9999
2020-06-11 09:52:10.30,29123.21,29080,7605,29085,10000,29070,11854,29060,9999
2020-06-11 09:52:11.46,29123.21,29080,7605,29085,22906,29070,4892,29065,6967
2020-06-11 09:52:11.86,29123.21,29080,7605,29085,10000,29070,11859,29060,9999
2020-06-11 09:52:13.80,29123.21,29080,7655,29085,22906,29070,4892,29065,6967
2020-06-11 09:52:15.00,29123.21,29080,7655,29085,10000,29070,11859,29060,9999
2020-06-11 09:52:15.70,29123.21,29080,7655,29085,10000,29075,4887,29070,6972
2020-06-11 09:52:16.44,29123.21,29080,7655,29085,22906,29070,4892,29065,6967
2020-06-11 09:52:17.11,29123.21,29080,7650,29085,22906,29070,4892,29065,6967
2020-06-11 09:52:18.41,29123.21,29080,7650,29085,22906,29070,1006,29065,6967
2020-06-11 09:52:18.91,29123.21,29075,5500,29080,2150,29070,1006,29065,6967
2020-06-11 09:52:19.53,29131.61,29075,7600,29080,2150,29065,12867,29060,9999
2020-06-11 09:52:20.36,29131.61,29070,10,29075,7600,29065,5900,29060,6967
2020-06-11 09:52:20.80,29131.61,29070,7610,29075,2100,29065,5900,29060,6967
2020-06-11 09:52:21.92,29131.61,29070,10,29075,7600,29065,5900,29060,16966
2020-06-11 09:52:22.16,29131.61,29070,10,29075,7600,29065,12867,29055,9999
2020-06-11 09:52:22.97,29131.61,29070,8,29075,7600,29065,12867,29055,9999
2020-06-11 09:52:23.34,29131.61,29070,8,29075,7600,29065,5900,29060,6967
2020-06-11 09:52:24.00,29131.61,29070,8,29075,7600,29065,12867,29060,9999
2020-06-11 09:52:25.56,29131.61,29070,8,29075,7600,29065,12867,29060,9999
2020-06-11 09:52:26.20,29131.61,29070,8,29075,7600,29065,12854,29060,9999
2020-06-11 09:52:26.90,29131.61,29070,7508,29075,2100,29065,5887,29060,6967
2020-06-11 09:52:27.53,29131.61,29070,8,29075,7600,29065,12854,29060,9999
2020-06-11 09:52:28.20,29131.61,29075,5500,29080,50,29065,12854,29060,9999
2020-06-11 09:52:29.75,29131.61,29075,7500,29080,52,29065,12854,29060,9999
2020-06-11 09:52:30.11,29141.95,29075,7495,29080,52,29065,12854,29060,9999
2020-06-11 09:52:30.81,29141.95,29070,5495,29075,2000,29060,12854,29055,9999
2020-06-11 09:52:31.53,29141.95,29070,7495,29075,2000,29060,12854,29055,9999
2020-06-11 09:52:32.64,29141.95,29075,7495,29080,22937,29065,5887,29060,6967
2020-06-11 09:52:33.31,29141.95,29075,7495,29080,22937,29065,5887,29060,6967
2020-06-11 09:52:34.01,29141.95,29075,7595,29080,12958,29065,5887,29060,16966
2020-06-11 09:52:34.98,29141.95,29075,7645,29080,52,29065,12854,29060,9999
2020-06-11 09:52:35.34,29141.95,29070,5495,29075,2150,29060,12854,29055,9999
2020-06-11 09:52:36.10,29141.95,29075,7645,29080,10031,29065,12854,29055,9999
2020-06-11 09:52:37.10,29141.95,29075,5545,29080,52,29065,12854,29060,9999
2020-06-11 09:52:38.15,29141.95,29075,7645,29080,12958,29065,5887,29060,16966
2020-06-11 09:52:39.21,29141.95,29075,5545,29080,10031,29065,12854,29055,9999
2020-06-11 09:52:39.51,29141.95,29075,7645,29080,10031,29065,12854,29055,9999
2020-06-11 09:52:40.26,29140.76,29075,7645,29080,10031,29065,12854,29055,9999
2020-06-11 09:52:41.32,29140.76,29075,5545,29080,52,29065,12854,29060,9999
2020-06-11 09:52:42.38,29140.76,29075,50,29080,5547,29070,12854,29065,9999
2020-06-11 09:52:43.01,29140.76,29075,6545,29080,52,29065,12854,29060,9999
2020-06-11 09:52:43.96,29140.76,29075,7445,29080,52,29065,12854,29060,9999
2020-06-11 09:52:44.51,29140.76,29075,5545,29080,52,29065,12854,29060,9999
2020-06-11 09:52:46.09,29140.76,29075,7645,29080,52,29065,12854,29060,9999
2020-06-11 09:52:46.30,29140.76,29075,5545,29080,52,29065,12854,29060,9999
2020-06-11 09:52:47.51,29140.76,29075,5545,29080,52,29065,12854,29060,9999
2020-06-11 09:52:48.79,29140.76,29070,5495,29075,2150,29060,12854,29055,9999
2020-06-11 09:52:49.76,29140.76,29070,7595,29075,2150,29060,12854,29055,9999
2020-06-11 09:52:50.01,29141.03,29070,5495,29075,2150,29060,22853,29055,9999
2020-06-11 09:52:50.80,29141.03,29070,5495,29075,2150,29060,12854,29055,9999
2020-06-11 09:52:51.86,29141.03,29070,6695,29075,2150,29060,12854,29055,9999
2020-06-11 09:52:52.24,29141.03,29070,5495,29075,2150,29060,12854,29055,9999
2020-06-11 09:52:53.41,29141.03,29070,5495,29075,2150,29060,12854,29055,9999
2020-06-11 09:52:55.63,29141.03,29070,5495,29075,2150,29060,12854,29055,9999
2020-06-11 09:52:57.68,29141.03,29070,5495,29075,2150,29060,12854,29055,9999
2020-06-11 09:52:58.00,29141.03,29070,5495,29075,2150,29060,12854,29055,9999
2020-06-11 09:52:58.74,29141.03,29070,7595,29075,2150,29060,12854,29055,9999
2020-06-11 09:52:59.30,29141.03,29070,5578,29075,2150,29060,12854,29055,9999
2020-06-11 09:53:00.71,29142.6,29070,5578,29075,2150,29060,12854,29055,9999
2020-06-11 09:53:01.86,29142.6,29070,5578,29075,2150,29065,5887,29060,6967
2020-06-11 09:53:02.24,29142.6,29070,83,29075,7645,29065,12854,29060,9999
2020-06-11 09:53:03.41,29142.6,29070,83,29075,7645,29065,12854,29060,9999
2020-06-11 09:53:04.74,29142.6,29070,83,29075,7645,29065,12854,29060,9999
2020-06-11 09:53:05.83,29142.6,29070,83,29075,7645,29065,12854,29060,9999
2020-06-11 09:53:07.00,29142.6,29070,83,29075,7645,29065,12854,29060,9999
2020-06-11 09:53:07.67,29142.6,29070,83,29075,7645,29065,12854,29060,9999
2020-06-11 09:53:08.14,29142.6,29070,5578,29075,2150,29065,5887,29060,16966
2020-06-11 09:53:09.19,29142.6,29070,83,29075,7645,29065,12854,29060,9999
2020-06-11 09:53:10.23,29148.34,29075,50,29080,5547,29070,5804,29065,6967
2020-06-11 09:53:10.80,29148.34,29075,5845,29080,52,29065,12771,29060,9999
2020-06-11 09:53:11.50,29148.34,29075,5545,29080,52,29065,12771,29060,9999
2020-06-11 09:53:12.34,29148.34,29075,5545,29080,52,29070,5804,29065,6967
2020-06-11 09:53:13.47,29148.34,29075,5545,29080,52,29070,5704,29065,6967
2020-06-11 09:53:14.98,29148.34,29075,5545,29080,52,29070,5704,29065,6967
2020-06-11 09:53:15.34,29148.34,29075,5546,29080,52,29065,12671,29060,9999
2020-06-11 09:53:16.61,29148.34,29075,5546,29080,52,29070,5704,29065,6967
2020-06-11 09:53:17.23,29148.34,29075,51,29080,5547,29070,5704,29065,6967
2020-06-11 09:53:18.12,29148.34,29080,7647,29085,10000,29070,12620,29060,9999
2020-06-11 09:53:18.70,29148.34,29080,7647,29085,22906,29070,5655,29065,6967
2020-06-11 09:53:19.68,29148.34,29080,5597,29085,10000,29070,12622,29060,9999
2020-06-11 09:53:20.11,29143.97,29080,5597,29085,5,29070,12622,29065,9999
2020-06-11 09:53:20.81,29143.97,29080,5597,29085,10000,29070,12622,29060,9999
2020-06-11 09:53:21.78,29143.97,29080,5597,29085,5,29070,12622,29065,9999
2020-06-11 09:53:22.20,29143.97,29080,5598,29085,5,29070,12622,29065,9999
2020-06-11 09:53:22.90,29143.97,29080,6498,29085,10000,29070,12622,29060,9999
2020-06-11 09:53:23.89,29143.97,29080,7698,29085,10000,29070,12622,29060,9999
2020-06-11 09:53:26.03,29143.97,29075,5495,29080,12182,29065,12620,29055,9999
2020-06-11 09:53:27.04,29143.97,29070,5495,29075,2100,29060,12620,29055,9999
2020-06-11 09:53:27.54,29143.97,29075,7595,29080,103,29065,12620,29060,9999
2020-06-11 09:53:28.62,29143.97,29075,5495,29080,103,29065,12620,29060,9999
2020-06-11 09:53:29.01,29143.97,29075,7695,29080,103,29065,12620,29060,9999
2020-06-11 09:53:29.63,29143.97,29075,7695,29080,103,29065,5653,29060,16966
2020-06-11 09:53:30.23,29132.32,29075,7695,29080,103,29065,12620,29060,9999
2020-06-11 09:53:31.26,29132.32,29075,7695,29080,10082,29065,12620,29055,9999
2020-06-11 09:53:31.63,29132.32,29075,7695,29080,13009,29065,5653,29060,16966
2020-06-11 09:53:32.30,29132.32,29075,7695,29080,103,29065,5653,29060,16966
2020-06-11 09:53:33.37,29132.32,29075,5495,29080,103,29065,12620,29060,9999
2020-06-11 09:53:33.84,29132.32,29075,5495,29080,103,29065,12620,29060,9999
2020-06-11 09:53:35.01,29132.32,29075,7695,29080,103,29065,12620,29060,9999
2020-06-11 09:53:36.43,29132.32,29075,5495,29080,103,29065,12620,29060,9999
2020-06-11 09:53:37.58,29132.32,29075,5495,29080,103,29065,12620,29060,9999
2020-06-11 09:53:38.77,29132.32,29075,7695,29080,103,29065,5653,29060,16966
2020-06-11 09:53:39.69,29132.32,29075,7695,29080,10082,29065,12620,29055,9999
2020-06-11 09:53:39.86,29132.32,29075,5495,29080,103,29065,12620,29060,9999
2020-06-11 09:53:40.21,29135.16,29075,6495,29080,103,29065,12610,29060,9999
2020-06-11 09:53:40.80,29135.16,29075,7695,29080,103,29065,12610,29060,9999
2020-06-11 09:53:41.24,29135.16,29075,7695,29080,13009,29065,5643,29060,16966
2020-06-11 09:53:42.33,29135.16,29075,5495,29080,103,29065,12610,29060,9999
2020-06-11 09:53:42.54,29135.16,29075,5495,29080,103,29070,5643,29065,6967
2020-06-11 09:53:43.38,29135.16,29075,5495,29080,103,29065,12610,29060,9999
2020-06-11 09:53:44.44,29135.16,29075,5495,29080,103,29070,5643,29065,6967
2020-06-11 09:53:46.91,29135.16,29080,5598,29085,10000,29070,12610,29060,9999
2020-06-11 09:53:47.60,29135.16,29075,5495,29080,2303,29065,12610,29060,9999
2020-06-11 09:53:48.33,29135.16,29075,7695,29080,103,29065,12610,29060,9999
2020-06-11 09:53:49.16,29135.16,29075,5495,29080,103,29070,5643,29065,6967
2020-06-11 09:53:50.22,29130.32,29080,5598,29085,22906,29070,5643,29065,6967
2020-06-11 09:53:50.53,29130.32,29080,7798,29085,22906,29070,5643,29065,6967
2020-06-11 09:53:51.28,29130.32,29080,7798,29085,10000,29070,12610,29060,9999
2020-06-11 09:53:52.61,29130.32,29080,7798,29085,22906,29070,5643,29065,6967
2020-06-11 09:53:53.39,29130.32,29080,5598,29085,5,29070,12610,29065,9999
2020-06-11 09:53:54.45,29130.32,29080,5598,29085,5,29070,5643,29065,16966
2020-06-11 09:53:54.80,29130.32,29080,7798,29085,22906,29070,5643,29065,6967
2020-06-11 09:53:56.03,29130.32,29075,5495,29080,2303,29070,5643,29065,6967
2020-06-11 09:53:56.30,29130.32,29075,5495,29080,2303,29070,5643,29065,6967
2020-06-11 09:53:57.09,29130.32,29080,7798,29085,22906,29070,5643,29065,6967
2020-06-11 09:53:58.14,29130.32,29080,7798,29085,22906,29070,5643,29065,6967
2020-06-11 09:53:59.19,29130.32,29080,7798,29085,22906,29070,5643,29065,6967
2020-06-11 09:53:59.70,29130.32,29075,5495,29080,2303,29070,5643,29065,6967
2020-06-11 09:54:00.76,29127.93,29080,7798,29085,22906,29070,5643,29065,6967
2020-06-11 09:54:01.20,29127.93,29080,7798,29085,22906,29070,5643,29065,6967
2020-06-11 09:54:02.87,29127.93,29080,7798,29085,22906,29075,20,29070,5643
2020-06-11 09:54:03.20,29127.93,29080,5598,29085,5,29070,12610,29065,9999
2020-06-11 09:54:03.94,29127.93,29080,103,29085,5500,29075,5643,29070,6967
2020-06-11 09:54:04.97,29127.93,29080,153,29085,5500,29075,5643,29070,6967
2020-06-11 09:54:06.00,29127.93,29080,153,29085,5500,29075,12610,29070,9999
2020-06-11 09:54:07.04,29127.93,29080,153,29085,5500,29075,5643,29070,6967
2020-06-11 09:54:07.50,29127.93,29080,5648,29085,5,29075,5643,29070,6967
2020-06-11 09:54:08.62,29127.93,29080,5648,29085,5,29075,5643,29070,6967
2020-06-11 09:54:08.90,29127.93,29080,5648,29085,5,29070,12610,29065,9999
2020-06-11 09:54:10.61,29108.92,29080,5646,29085,5,29070,12610,29065,9999
2020-06-11 09:54:11.31,29108.92,29080,5646,29085,5,29070,12610,29065,9999
2020-06-11 09:54:11.93,29108.92,29075,5495,29080,2351,29070,5643,29065,6967
2020-06-11 09:54:12.84,29108.92,29075,5495,29080,2351,29070,5643,29065,6967
2020-06-11 09:54:13.10,29108.92,29080,7846,29085,22906,29070,5643,29065,6967
2020-06-11 09:54:13.90,29108.92,29075,5495,29080,2351,29070,5643,29065,6967
2020-06-11 09:54:14.10,29108.92,29075,84,29080,7846,29070,5643,29065,6967
2020-06-11 09:54:14.96,29108.92,29075,84,29080,7846,29070,5643,29065,6967
2020-06-11 09:54:15.13,29108.92,29080,5646,29085,5,29070,12526,29065,9999
2020-06-11 09:54:16.15,29108.92,29080,7646,29085,5,29070,12526,29065,9999
2020-06-11 09:54:17.07,29108.92,29080,5646,29085,5,29070,12526,29065,9999
2020-06-11 09:54:17.23,29108.92,29080,8846,29085,22906,29070,5559,29065,6967
2020-06-11 09:54:18.13,29108.92,29080,8997,29085,22906,29070,5559,29065,6967
2020-06-11 09:54:18.31,29108.92,29075,5495,29080,3502,29065,12526,29060,9999
2020-06-11 09:54:18.90,29108.92,29075,7695,29080,2202,29065,12526,29060,9999
2020-06-11 09:54:19.63,29130.14,29075,7695,29080,12181,29065,12526,29055,10021
2020-06-11 09:54:20.76,29130.14,29075,7695,29080,12181,29065,12526,29055,10021
2020-06-11 09:54:21.13,29130.14,29075,7695,29080,15108,29065,5559,29060,16966
2020-06-11 09:54:22.34,29130.14,29070,5495,29075,2200,29060,12526,29055,10021
2020-06-11 09:54:22.60,29130.14,29070,7595,29080,24187,29060,12526,29055,10021
2020-06-11 09:54:23.40,29130.14,29070,5495,29080,24187,29065,5559,29060,6967
2020-06-11 09:54:24.71,29130.14,29070,5495,29080,24187,29065,5559,29060,6967
2020-06-11 09:54:27.01,29130.14,29070,5495,29075,100,29065,5559,29060,6967
2020-06-11 09:54:28.63,29130.14,29070,7695,29075,100,29060,12526,29055,10021
2020-06-11 09:54:29.35,29130.14,29075,5595,29080,1302,29065,12526,29060,9999
2020-06-11 09:54:30.29,29138.02,29075,7875,29080,1302,29065,12526,29060,9999
2020-06-11 09:54:32.41,29138.02,29075,6675,29080,1302,29065,12526,29060,9999
2020-06-11 09:54:33.00,29138.02,29075,5575,29080,1302,29065,12526,29060,9999
2020-06-11 09:54:33.96,29138.02,29075,5575,29080,1302,29065,12526,29060,9999
2020-06-11 09:54:34.44,29138.02,29075,5575,29080,1302,29070,5559,29065,6967
2020-06-11 09:54:35.53,29138.02,29075,7875,29080,1302,29065,12526,29060,9999
2020-06-11 09:54:35.71,29138.02,29075,7875,29080,1302,29065,12560,29060,9999
2020-06-11 09:54:37.00,29138.02,29070,5495,29075,2380,29065,5593,29060,6967
2020-06-11 09:54:37.71,29138.02,29070,5495,29075,2380,29065,34,29060,12526
2020-06-11 09:54:39.00,29138.02,29070,6261,29075,80,29060,5559,29055,16988
2020-06-11 09:54:39.80,29138.02,29070,7761,29075,80,29060,12526,29055,10021
2020-06-11 09:54:41.24,29128.34,29075,5541,29080,24187,29065,5559,29060,6967
2020-06-11 09:54:42.36,29128.34,29070,5461,29075,2380,29060,12526,29055,10021
2020-06-11 09:54:42.74,29128.34,29070,7761,29075,80,29060,12526,29055,10021
2020-06-11 09:54:43.44,29128.34,29070,7761,29075,80,29060,12526,29055,10021
2020-06-11 09:54:44.80,29128.34,29070,7761,29075,80,29065,34,29060,12526
2020-06-11 09:54:45.55,29128.34,29070,7761,29075,80,29060,12526,29055,10021
2020-06-11 09:54:46.80,29128.34,29075,5541,29080,1302,29065,5559,29060,16966
2020-06-11 09:54:47.66,29128.34,29075,7841,29080,1302,29065,5559,29060,16966
2020-06-11 09:54:48.14,29128.34,29075,7841,29080,1302,29065,6967,29060,15558
2020-06-11 09:54:49.23,29128.34,29070,5461,29075,2380,29060,12526,29055,10021
2020-06-11 09:54:49.44,29128.34,29070,7811,29075,80,29060,6967,29055,15580
2020-06-11 09:54:50.53,29113.26,29070,7811,29075,80,29060,12526,29055,10021
2020-06-11 09:54:51.34,29113.26,29070,5511,29075,80,29060,12526,29055,10021
2020-06-11 09:54:51.83,29113.26,29070,50,29075,5541,29065,5559,29060,16966
2020-06-11 09:54:52.90,29113.26,29070,5511,29075,80,29060,22525,29055,10021
2020-06-11 09:54:53.12,29113.26,29065,5461,29070,2350,29055,12548,29050,10002
2020-06-11 09:54:53.95,29113.26,29065,5461,29070,2350,29055,12548,29050,10002
2020-06-11 09:54:55.53,29113.26,29065,7761,29070,150,29055,12548,29050,10002
2020-06-11 09:54:55.75,29113.26,29065,5461,29070,150,29055,12548,29050,10002
2020-06-11 09:54:56.56,29113.26,29065,5461,29070,150,29055,12548,29050,10002
2020-06-11 09:54:56.93,29113.26,29065,5461,29070,150,29055,6989,29050,15561
2020-06-11 09:54:57.62,29113.26,29065,5461,29070,150,29055,12548,29050,10002
2020-06-11 09:54:58.00,29113.26,29060,5461,29065,2300,29055,56,29050,12529
2020-06-11 09:54:58.70,29113.26,29065,7761,29070,10129,29055,12582,29050,3
2020-06-11 09:54:59.75,29113.26,29060,5461,29065,2300,29055,56,29050,12529
2020-06-11 09:55:00.23,29131.53,29060,7761,29070,22935,29055,56,29050,12529
2020-06-11 09:55:01.31,29131.53,29060,7761,29070,22935,29050,12529,29045,9999
2020-06-11 09:55:01.70,29131.53,29060,7761,29070,22935,29050,12529,29045,9999
2020-06-11 09:55:03.31,29131.53,29060,7761,29070,22935,29050,12529,29045,9999
2020-06-11 09:55:05.34,29131.53,29060,5461,29070,12956,29050,12529,29045,9999
2020-06-11 09:55:06.56,29131.53,29060,7661,29070,12956,29050,12529,29045,9999
2020-06-11 09:55:06.76,29131.53,29060,7661,29070,22935,29050,12529,29045,9999
2020-06-11 09:55:07.60,29131.53,29060,7661,29070,22935,29050,12563,29045,9999
2020-06-11 09:55:08.84,29131.53,29060,7661,29070,23034,29050,12563,29045,9999
2020-06-11 09:55:09.71,29131.53,29060,5461,29070,23034,29050,12563,29045,9999
2020-06-11 09:55:09.93,29133.91,29060,7461,29070,23034,29050,12563,29045,9999
2020-06-11 09:55:10.77,29133.91,29060,5461,29070,23034,29050,12563,29045,9999
2020-06-11 09:55:11.20,29133.91,29060,5861,29070,23034,29050,12563,29045,9999
2020-06-11 09:55:11.87,29133.91,29065,5461,29070,10128,29055,12526,29050,37
2020-06-11 09:55:12.90,29133.91,29065,7761,29070,149,29055,12526,29050,10036
2020-06-11 09:55:13.07,29133.91,29060,5461,29065,2300,29050,12563,29045,9999
2020-06-11 09:55:13.94,29133.91,29060,7761,29070,23034,29050,12563,29045,9999
2020-06-11 09:55:14.33,29133.91,29060,5461,29070,13055,29050,22562,29045,9999
