time,nav,sell1,sell1_cnt,sell2,sell2_cnt,buy1,buy1_cnt,buy2,buy2_cnt
2020-06-09 09:06:56.540000,0.0,29455,11465,29460,12522,29450,873,29445,11127
2020-06-09 09:06:58.560000,0.0,29460,13883,29465,10160,29450,6900,29445,10449
2020-06-09 09:06:59.750000,0.0,29465,11521,29470,10054,29455,6027,29450,8722
2020-06-09 09:07:00.870000,29502.23,29465,11520,29470,10054,29460,1,29455,5727
2020-06-09 09:07:02.080000,29502.23,29470,5265,29475,10076,29465,4068,29460,5722
2020-06-09 09:07:03.280000,29502.23,29470,11465,29475,10076,29465,1400,29460,5722
2020-06-09 09:07:04.450000,29502.23,29475,6222,29480,15336,29465,7122,29460,18160
2020-06-09 09:07:05.660000,29502.23,29475,11487,29480,10071,29465,7122,29460,7849
2020-06-09 09:07:07.010000,29502.23,29475,6222,29480,5282,29465,7102,29460,18160
2020-06-09 09:07:07.950000,29502.23,29475,6222,29480,25336,29465,7102,29460,32865
2020-06-09 09:07:08.990000,29502.23,29475,6222,29480,25336,29465,7102,29460,32865
2020-06-09 09:07:10.050000,29502.23,29475,11487,29480,17,29470,5722,29465,23934
2020-06-09 09:07:11.180000,29500.9,29475,6222,29480,25336,29465,7100,29460,32865
2020-06-09 09:07:12.340000,29500.9,29475,6222,29480,5282,29470,5722,29465,23932
2020-06-09 09:07:13.550000,29500.9,29475,22,29480,11482,29470,7222,29465,23932
2020-06-09 09:07:14.580000,29500.9,29475,22,29480,11482,29470,7222,29465,23932
2020-06-09 09:07:17.850000,29500.9,29475,12987,29480,20071,29465,7100,29460,22554
2020-06-09 09:07:18.950000,29500.9,29475,7722,29480,25336,29465,7100,29460,32865
2020-06-09 09:07:20.050000,29511.52,29475,7722,29480,25336,29465,7100,29460,32865
2020-06-09 09:07:21.250000,29511.52,29475,5287,29480,6217,29470,5722,29465,23932
2020-06-09 09:07:22.390000,29511.52,29475,22,29480,11482,29470,5722,29465,23932
2020-06-09 09:07:23.450000,29511.52,29475,22,29480,11482,29470,6922,29465,24032
2020-06-09 09:07:24.450000,29511.52,29475,7722,29480,25336,29465,7200,29460,32865
2020-06-09 09:07:25.500000,29511.52,29475,7722,29480,25336,29465,7200,29460,32865
2020-06-09 09:07:26.540000,29511.52,29475,12987,29480,20071,29465,7200,29460,22554
2020-06-09 09:07:28.740000,29511.52,29475,12987,29480,20071,29465,5822,29460,22554
2020-06-09 09:07:29.890000,29511.52,29475,13037,29480,17,29470,5722,29465,22654
2020-06-09 09:07:31.050000,29525.33,29475,72,29480,11482,29470,5722,29465,22654
2020-06-09 09:07:32.250000,29525.33,29475,72,29480,11482,29470,5722,29465,22654
2020-06-09 09:07:33.340000,29525.33,29480,17,29485,11470,29475,5722,29470,20054
2020-06-09 09:07:34.550000,29525.33,29480,17,29485,11470,29475,5522,29470,20054
2020-06-09 09:07:35.740000,29525.33,29480,11682,29485,20059,29475,72,29470,5450
2020-06-09 09:07:36.750000,29525.33,29480,11682,29485,20059,29470,5450,29465,22654
2020-06-09 09:07:37.750000,29525.33,29480,11682,29485,20059,29470,5550,29465,22654
2020-06-09 09:07:38.850000,29525.33,29480,11602,29485,20059,29470,5550,29465,22654
2020-06-09 09:07:39.950000,29525.33,29480,6337,29485,5270,29470,5550,29465,32965
2020-06-09 09:07:40.990000,29529.43,29480,137,29485,11470,29475,5450,29470,20154
2020-06-09 09:07:42.050000,29529.43,29475,1500,29480,13102,29470,5450,29465,22654
2020-06-09 09:07:43.180000,29529.43,29480,1654,29485,11470,29475,3950,29470,20054
2020-06-09 09:07:44.250000,29529.43,29480,1654,29485,11470,29475,3950,29470,20054
2020-06-09 09:07:45.300000,29529.43,29480,1654,29485,11470,29475,6200,29470,20054
2020-06-09 09:07:46.350000,29529.43,29485,11470,29495,21961,29475,28755,29465,10411
2020-06-09 09:07:47.480000,29529.43,29485,11470,29490,20054,29475,6201,29470,20054
2020-06-09 09:07:48.550000,29529.43,29485,12970,29490,20054,29475,6401,29470,20054
2020-06-09 09:07:49.650000,29529.43,29480,6200,29485,6770,29475,6251,29470,20054
2020-06-09 09:07:50.740000,29514.62,29480,12965,29485,21559,29475,51,29470,6200
2020-06-09 09:07:51.740000,29514.62,29480,6200,29485,6770,29475,6251,29470,20054
2020-06-09 09:07:52.780000,29514.62,29480,12965,29485,21559,29475,51,29470,6200
2020-06-09 09:07:53.740000,29514.62,29480,6200,29485,6790,29475,6251,29470,20054
2020-06-09 09:07:55.910000,29514.62,29480,12965,29485,21579,29475,61,29470,6200
2020-06-09 09:07:56.970000,29514.62,29485,12990,29490,20054,29475,6260,29470,20054
2020-06-09 09:07:58.030000,29514.62,29485,11490,29490,20054,29475,6277,29470,20054
2020-06-09 09:07:59.090000,29514.62,29480,11465,29485,21579,29475,77,29470,6200
2020-06-09 09:08:00.160000,29510.18,29485,7725,29490,5265,29475,28831,29470,10311
2020-06-09 09:08:01.220000,29510.18,29485,12990,29490,20054,29480,5,29475,6277
2020-06-09 09:08:02.280000,29510.18,29485,11490,29490,20054,29475,6277,29470,20054
2020-06-09 09:08:03.340000,29510.18,29480,32969,29485,1525,29475,77,29470,6200
2020-06-09 09:08:03.940000,29510.18,29480,7650,29485,6790,29475,6200,29470,20054
2020-06-09 09:08:04.950000,29510.18,29480,12917,29485,21579,29470,6200,29465,22654
2020-06-09 09:08:05.970000,29510.18,29480,32971,29485,1525,29470,6200,29465,22654
2020-06-09 09:08:07.030000,29510.18,29475,31469,29480,1502,29465,6300,29460,22554
2020-06-09 09:08:08.090000,29510.18,29470,90,29475,31469,29465,6300,29460,22554
2020-06-09 09:08:09.150000,29510.18,29470,33059,29480,1502,29465,100,29460,6200
2020-06-09 09:08:10.200000,29510.18,29470,33059,29480,1502,29460,6200,29455,20073
2020-06-09 09:08:11.260000,29493.44,29470,31559,29480,1502,29460,6200,29455,20073
2020-06-09 09:08:12.330000,29493.44,29470,31559,29480,1502,29460,6200,29455,20073
2020-06-09 09:08:13.390000,29493.44,29470,31559,29480,1502,29460,6200,29455,20073
2020-06-09 09:08:14.450000,29493.44,29475,26204,29480,6767,29465,6200,29460,32865
2020-06-09 09:08:15.040000,29493.44,29475,31469,29480,1502,29465,6200,29460,22554
2020-06-09 09:08:16.010000,29493.44,29475,31469,29480,1502,29465,6200,29460,22554
2020-06-09 09:08:17.070000,29493.44,29470,40,29475,31469,29465,6200,29460,22554
2020-06-09 09:08:18.140000,29493.44,29470,27744,29475,5265,29460,6200,29455,30384
2020-06-09 09:08:18.650000,29493.44,29470,33009,29480,1502,29460,6200,29455,20073
2020-06-09 09:08:19.740000,29493.44,29465,31469,29470,1540,29455,6219,29450,23427
2020-06-09 09:08:20.840000,29512.31,29465,31469,29470,1540,29455,6219,29450,23427
2020-06-09 09:08:21.990000,29512.31,29460,31469,29470,1540,29455,19,29450,7073
2020-06-09 09:08:23.240000,29512.31,29460,31469,29470,1540,29455,19,29450,7073
2020-06-09 09:08:24.340000,29512.31,29455,26702,29460,5265,29445,11300,29440,38561
2020-06-09 09:08:25.450000,29512.31,29445,31467,29455,1500,29440,5696,29435,6200
2020-06-09 09:08:26.440000,29512.31,29450,31467,29455,1500,29440,6200,29435,22554
2020-06-09 09:08:27.480000,29512.31,29450,31467,29455,1500,29440,6200,29435,22554
2020-06-09 09:08:28.540000,29512.31,29450,31467,29455,1500,29440,6200,29435,22554
2020-06-09 09:08:29.640000,29512.31,29440,6148,29445,25319,29435,6200,29430,20084
2020-06-09 09:08:30.670000,29500.79,29445,31467,29455,1600,29440,6148,29435,6200
2020-06-09 09:08:31.740000,29500.79,29445,31467,29455,1600,29440,6148,29435,8574
2020-06-09 09:08:32.740000,29500.79,29450,31467,29455,1600,29445,12056,29440,12348
2020-06-09 09:08:34.840000,29500.79,29450,31467,29455,1600,29445,12056,29440,12348
2020-06-09 09:08:35.840000,29500.79,29450,6148,29455,26919,29445,18256,29440,28702
2020-06-09 09:08:36.930000,29500.79,29445,5,29450,31519,29440,12348,29435,24928
2020-06-09 09:08:37.990000,29500.79,29450,31514,29455,100,29440,12156,29435,24928
2020-06-09 09:08:39.050000,29500.79,29455,31614,29470,1564,29445,6200,29440,28510
2020-06-09 09:08:39.650000,29500.79,29455,31614,29470,1564,29445,7900,29440,28510
2020-06-09 09:08:40.540000,29481.26,29455,31704,29470,1540,29445,7800,29440,28510
2020-06-09 09:08:41.660000,29481.26,29450,6200,29455,25504,29440,12156,29435,35239
2020-06-09 09:08:42.760000,29481.26,29445,31514,29450,1700,29435,8743,29430,20084
2020-06-09 09:08:44.850000,29481.26,29445,11465,29450,21841,29435,31297,29430,30
2020-06-09 09:08:45.900000,29481.26,29450,28041,29455,5455,29440,6200,29435,35408
2020-06-09 09:08:46.940000,29481.26,29450,92,29455,31704,29445,6200,29440,22554
2020-06-09 09:08:49.020000,29481.26,29450,92,29455,31704,29445,6200,29440,22554
2020-06-09 09:08:50.070000,29481.26,29455,26439,29460,5265,29445,6108,29440,32865
2020-06-09 09:08:51.110000,29484.83,29455,31704,29470,1540,29445,6108,29440,22554
2020-06-09 09:08:52.160000,29484.83,29455,5455,29460,26249,29450,6098,29445,20054
2020-06-09 09:08:53.210000,29484.83,29455,190,29460,31514,29450,6098,29445,20054
2020-06-09 09:08:54.250000,29484.83,29455,190,29460,31514,29450,5897,29445,20054
2020-06-09 09:08:55.300000,29484.83,29455,190,29460,31514,29450,5897,29445,20054
2020-06-09 09:08:56.330000,29484.83,29455,28139,29460,5265,29445,5897,29440,32865
2020-06-09 09:08:57.380000,29484.83,29455,630,29460,31514,29450,5897,29445,20054
2020-06-09 09:08:59.490000,29484.83,29455,12095,29460,20049,29450,5897,29445,20054
2020-06-09 09:09:00.530000,29484.83,29455,6830,29460,25314,29450,5897,29445,20054
2020-06-09 09:09:01.580000,29489.45,29455,845,29460,31514,29450,5897,29445,20054
2020-06-09 09:09:02.630000,29489.45,29460,5,29465,31514,29455,5897,29450,22554
2020-06-09 09:09:03.670000,29489.45,29465,6200,29470,27054,29460,5002,29455,20899
2020-06-09 09:09:04.750000,29489.45,29470,33254,29480,1512,29460,5002,29455,20899
2020-06-09 09:09:05.750000,29489.45,29465,31514,29470,1740,29460,5,29455,5842
2020-06-09 09:09:06.830000,29489.45,29470,33254,29480,1512,29460,5002,29455,20899
2020-06-09 09:09:07.870000,29489.45,29470,1740,29475,31514,29465,4997,29460,27559
2020-06-09 09:09:08.940000,29489.45,29470,40,29475,31514,29465,4997,29460,27559
2020-06-09 09:09:10.090000,29489.45,29470,40,29475,31514,29465,4997,29460,27559
2020-06-09 09:09:11.240000,29507.49,29475,11465,29480,21561,29470,4992,29465,20054
2020-06-09 09:09:12.480000,29507.49,29475,5265,29480,27761,29470,4963,29465,22554
2020-06-09 09:09:13.580000,29507.49,29480,33026,29485,1526,29470,4963,29465,22554
2020-06-09 09:09:14.680000,29507.49,29480,31526,29485,1526,29470,4963,29465,22554
2020-06-09 09:09:15.650000,29507.49,29480,31526,29485,1526,29470,4973,29465,22554
2020-06-09 09:09:16.740000,29507.49,29480,17,29485,33040,29475,4963,29470,20064
2020-06-09 09:09:17.840000,29507.49,29480,17,29485,33040,29475,4913,29470,20064
2020-06-09 09:09:19.930000,29507.49,29485,26275,29490,5295,29480,17,29475,4896
2020-06-09 09:09:20.980000,29513.66,29485,26275,29490,5295,29480,17,29475,4896
2020-06-09 09:09:22.020000,29513.66,29485,31540,29490,30,29480,17,29475,4896
2020-06-09 09:09:23.070000,29513.66,29480,5,29485,31540,29475,4896,29470,20064
2020-06-09 09:09:24.120000,29513.66,29485,26275,29490,5295,29475,4891,29470,30375
2020-06-09 09:09:25.180000,29513.66,29485,31540,29490,30,29475,4891,29470,20064
2020-06-09 09:09:27.270000,29513.66,29480,31514,29485,26,29470,4901,29465,22554
2020-06-09 09:09:28.850000,29513.66,29480,31514,29485,26,29470,4901,29465,22554
2020-06-09 09:09:29.930000,29513.66,29480,31514,29485,26,29470,4901,29465,22554
2020-06-09 09:09:30.970000,29512.4,29480,31514,29485,26,29470,4901,29465,22554
2020-06-09 09:09:32.020000,29512.4,29480,31514,29485,26,29470,4901,29465,22554
2020-06-09 09:09:34.110000,29512.4,29480,31514,29485,26,29470,4901,29465,22554
2020-06-09 09:09:34.660000,29512.4,29475,5265,29480,26249,29470,4901,29465,22554
2020-06-09 09:09:35.640000,29512.4,29475,1700,29480,31514,29470,4901,29465,22554
2020-06-09 09:09:36.750000,29512.4,29475,1700,29480,31514,29470,4896,29460,32870
2020-06-09 09:09:37.810000,29512.4,29470,4889,29475,33214,29465,4889,29460,22559
2020-06-09 09:09:38.860000,29512.4,29470,4889,29475,33214,29465,4889,29460,5
2020-06-09 09:09:39.940000,29512.4,29470,36403,29475,1700,29460,4877,29455,20899
2020-06-09 09:09:40.970000,29498.43,29470,36403,29475,1700,29460,4877,29455,20899
2020-06-09 09:09:42.050000,29498.43,29470,31138,29475,6965,29460,4877,29455,31210
2020-06-09 09:09:43.090000,29498.43,29470,31138,29475,6965,29460,4877,29455,31210
2020-06-09 09:09:44.160000,29498.43,29470,36403,29475,1700,29460,4877,29455,20899
2020-06-09 09:09:45.200000,29498.43,29470,36618,29475,1700,29460,4875,29455,20899
2020-06-09 09:09:45.750000,29498.43,29465,31514,29470,5104,29455,5720,29450,22555
2020-06-09 09:09:46.780000,29498.43,29460,31514,29470,5104,29455,845,29450,4876
2020-06-09 09:09:47.950000,29498.43,29460,31514,29470,5104,29450,4876,29445,20054
2020-06-09 09:09:48.980000,29498.43,29465,31514,29470,5104,29455,4875,29450,22555
2020-06-09 09:09:50.000000,29498.43,29470,36618,29475,1700,29465,2500,29460,4875
2020-06-09 09:09:51.050000,29496.26,29470,36421,29475,1700,29465,2500,29460,4875
2020-06-09 09:09:52.250000,29496.26,29470,36423,29475,1700,29465,2500,29460,4875
2020-06-09 09:09:53.340000,29496.26,29465,5265,29470,31158,29460,4875,29455,20054
2020-06-09 09:09:54.350000,29496.26,29470,36423,29475,1700,29460,4875,29455,20054
2020-06-09 09:09:56.360000,29496.26,29470,217,29475,33214,29465,4875,29460,22554
2020-06-09 09:09:57.430000,29496.26,29470,217,29475,33214,29465,4842,29460,22554
2020-06-09 09:09:58.490000,29496.26,29470,33351,29475,1700,29460,4842,29455,20054
2020-06-09 09:09:59.550000,29496.26,29470,236,29475,33214,29465,4842,29460,22554
2020-06-09 09:10:00.140000,29500.19,29475,33214,29480,534,29465,6200,29460,22554
2020-06-09 09:10:01.250000,29500.19,29480,32048,29485,26,29470,6240,29465,22554
2020-06-09 09:10:02.340000,29500.19,29475,26249,29480,5799,29470,40,29465,6200
2020-06-09 09:10:03.340000,29500.19,29475,31514,29480,500,29465,6200,29460,22554
2020-06-09 09:10:05.380000,29500.19,29470,30,29475,31514,29465,6200,29460,22554
2020-06-09 09:10:06.430000,29500.19,29470,30,29475,31514,29465,6200,29460,22554
2020-06-09 09:10:07.490000,29500.19,29470,30,29475,31514,29465,6200,29460,22554
2020-06-09 09:10:08.550000,29500.19,29470,30,29475,31514,29465,6200,29460,22554
2020-06-09 09:10:09.620000,29500.19,29470,730,29475,31514,29465,6200,29460,22554
2020-06-09 09:10:10.680000,29500.19,29470,30,29475,31614,29465,6200,29460,22554
2020-06-09 09:10:11.740000,29490.14,29470,30,29475,31614,29465,6200,29460,22554
2020-06-09 09:10:12.800000,29490.14,29475,5365,29480,26749,29470,6170,29465,22554
2020-06-09 09:10:13.860000,29490.14,29475,100,29480,32014,29470,6170,29465,22554
2020-06-09 09:10:15.050000,29490.14,29480,32114,29485,26,29475,100,29470,6070
2020-06-09 09:10:17.240000,29490.14,29475,5265,29480,26849,29470,6070,29465,22554
2020-06-09 09:10:18.240000,29490.14,29480,32119,29485,26,29470,6070,29465,22554
2020-06-09 09:10:19.240000,29490.14,29475,26249,29480,5870,29470,6070,29460,32865
2020-06-09 09:10:20.320000,29502.88,29475,31514,29480,605,29465,6070,29460,22554
2020-06-09 09:10:21.330000,29502.88,29480,33719,29485,26,29470,6020,29465,22554
2020-06-09 09:10:22.400000,29502.88,29475,26249,29480,7470,29465,6020,29460,32865
2020-06-09 09:10:23.460000,29502.88,29480,33719,29485,226,29470,6020,29465,22554
2020-06-09 09:10:24.540000,29502.88,29470,31514,29480,2205,29460,6020,29455,20054
2020-06-09 09:10:26.640000,29502.88,29465,31514,29480,2205,29455,6020,29450,22555
2020-06-09 09:10:27.740000,29502.88,29470,31514,29480,2205,29460,6020,29455,20054
2020-06-09 09:10:28.740000,29502.88,29470,31729,29480,2205,29460,6020,29455,20054
2020-06-09 09:10:29.780000,29502.88,29465,31514,29470,215,29455,6020,29450,22555
2020-06-09 09:10:30.850000,29504.24,29460,31514,29470,215,29450,6021,29445,20054
2020-06-09 09:10:31.880000,29504.24,29455,31514,29470,215,29450,1,29445,6020
2020-06-09 09:10:32.970000,29504.24,29455,31514,29470,235,29450,1,29445,6020
2020-06-09 09:10:34.020000,29504.24,29450,31514,29470,235,29440,6020,29435,22723
2020-06-09 09:10:35.060000,29504.24,29445,31514,29450,434,29440,6020,29435,169
2020-06-09 09:10:36.170000,29504.24,29445,31514,29450,434,29435,6189,29430,20084
2020-06-09 09:10:37.220000,29504.24,29445,31514,29450,434,29440,6020,29435,169
2020-06-09 09:10:38.280000,29504.24,29450,31948,29470,235,29445,1067,29440,6020
2020-06-09 09:10:39.330000,29504.24,29450,31948,29470,235,29445,1067,29440,6020
2020-06-09 09:10:39.940000,29504.24,29450,31948,29470,337,29445,1067,29440,6020
2020-06-09 09:10:40.910000,29495.16,29450,31948,29470,337,29445,1067,29440,6020
2020-06-09 09:10:41.970000,29495.16,29450,31968,29470,337,29445,1067,29440,6020
2020-06-09 09:10:43.010000,29495.16,29450,30901,29470,337,29440,7720,29435,22723
2020-06-09 09:10:44.060000,29495.16,29450,30901,29465,1,29440,7720,29435,22723
2020-06-09 09:10:45.110000,29495.16,29450,30901,29465,1,29440,6220,29435,22723
2020-06-09 09:10:46.150000,29495.16,29450,30901,29465,1,29440,6020,29435,22723
2020-06-09 09:10:46.750000,29495.16,29450,25636,29455,5265,29445,6020,29435,33034
2020-06-09 09:10:47.730000,29495.16,29450,30901,29465,51,29445,6020,29435,22723
2020-06-09 09:10:48.780000,29495.16,29450,30901,29465,51,29440,6020,29435,22723
2020-06-09 09:10:49.840000,29480.93,29445,30447,29450,454,29440,6020,29435,169
2020-06-09 09:10:51.950000,29480.93,29445,30447,29450,454,29435,6189,29430,20084
2020-06-09 09:10:53.040000,29480.93,29445,30467,29450,454,29435,6189,29430,20084
2020-06-09 09:10:56.150000,29480.93,29445,25202,29450,5719,29435,6189,29430,30395
2020-06-09 09:10:57.190000,29480.93,29445,25202,29450,5719,29435,6189,29430,30395
2020-06-09 09:10:58.250000,29480.93,29460,25192,29465,51,29450,6020,29445,22554
2020-06-09 09:10:59.300000,29480.93,29455,25182,29460,10,29445,8520,29440,22554
2020-06-09 09:11:00.350000,29486.14,29460,25192,29465,51,29450,6019,29445,22554
2020-06-09 09:11:01.390000,29486.14,29455,10,29460,25192,29450,6019,29445,22554
2020-06-09 09:11:02.440000,29486.14,29460,10,29465,25233,29455,6009,29450,32865
2020-06-09 09:11:03.490000,29486.14,29465,51,29470,25519,29460,5999,29455,20054
2020-06-09 09:11:04.530000,29486.14,29470,25519,29475,109,29460,5948,29455,20054
2020-06-09 09:11:05.680000,29486.14,29470,337,29475,25291,29465,5948,29460,22554
2020-06-09 09:11:06.780000,29486.14,29475,109,29480,27387,29470,5948,29465,22554
2020-06-09 09:11:07.750000,29486.14,29480,7338,29485,20275,29475,5502,29470,20391
2020-06-09 09:11:08.790000,29486.14,29475,30,29480,26187,29470,5837,29465,22554
2020-06-09 09:11:09.840000,29486.14,29475,26912,29480,1005,29470,335,29465,5502
2020-06-09 09:11:10.880000,29504.44,29470,26547,29475,1730,29460,5502,29455,20054
2020-06-09 09:11:11.950000,29504.44,29470,26547,29475,1730,29460,5502,29455,20054
2020-06-09 09:11:12.990000,29504.44,29465,24847,29470,1700,29455,5502,29450,22554
2020-06-09 09:11:14.040000,29504.44,29460,26547,29465,215,29450,5500,29445,22554
2020-06-09 09:11:15.090000,29504.44,29460,36546,29465,10214,29450,5500,29445,22554
2020-06-09 09:11:16.570000,29504.44,29460,36546,29465,10214,29450,5500,29445,22554
2020-06-09 09:11:17.710000,29504.44,29460,36546,29465,10214,29450,5470,29445,22554
2020-06-09 09:11:18.760000,29504.44,29460,36546,29465,10214,29450,5200,29445,22554
2020-06-09 09:11:19.270000,29504.44,29455,34846,29460,11699,29450,5200,29445,2500
2020-06-09 09:11:20.320000,29508.25,29450,5200,29455,34846,29445,7700,29440,22554
2020-06-09 09:11:21.370000,29508.25,29450,30047,29455,9999,29445,7700,29435,33034
2020-06-09 09:11:22.400000,29508.25,29455,34852,29460,11699,29445,7700,29440,22554
2020-06-09 09:11:23.460000,29508.25,29455,34852,29460,11699,29450,5200,29445,2500
2020-06-09 09:11:24.510000,29508.25,29455,34852,29460,11699,29445,7698,29440,22554
2020-06-09 09:11:26.600000,29508.25,29455,20055,29460,16497,29450,5200,29445,2498
2020-06-09 09:11:27.650000,29508.25,29455,6,29460,36546,29450,5200,29445,22552
2020-06-09 09:11:28.240000,29508.25,29460,9999,29465,35061,29455,5206,29450,22554
2020-06-09 09:11:29.340000,29508.25,29455,40052,29460,11819,29445,7748,29440,22554
2020-06-09 09:11:30.540000,29505.5,29460,11819,29465,35061,29450,27754,29445,2548
2020-06-09 09:11:31.860000,29505.5,29460,120,29465,35061,29455,5200,29450,22554
2020-06-09 09:11:32.370000,29505.5,29460,36566,29465,10214,29450,5200,29445,22602
2020-06-09 09:11:33.420000,29505.5,29460,36571,29465,10214,29455,30,29450,5198
2020-06-09 09:11:34.470000,29505.5,29460,125,29465,35061,29455,5228,29450,22554
2020-06-09 09:11:35.510000,29505.5,29465,35061,29470,11699,29455,5103,29450,22554
2020-06-09 09:11:36.570000,29505.5,29465,35061,29470,11699,29455,5103,29450,22554
2020-06-09 09:11:37.620000,29505.5,29460,3,29465,35061,29455,5101,29450,22554
2020-06-09 09:11:38.670000,29505.5,29465,35061,29470,11699,29455,5101,29445,32913
2020-06-09 09:11:39.710000,29508.58,29465,35061,29470,11699,29455,5101,29450,22554
2020-06-09 09:11:40.760000,29508.58,29470,1700,29475,36576,29465,5073,29460,22554
2020-06-09 09:11:41.810000,29508.58,29475,36576,29480,11004,29465,5073,29460,22554
2020-06-09 09:11:42.870000,29508.58,29475,36576,29480,11004,29465,5073,29460,22554
2020-06-09 09:11:43.920000,29508.58,29475,36576,29480,11004,29465,5073,29460,22554
2020-06-09 09:11:44.960000,29508.58,29470,24847,29475,11734,29460,5071,29455,30393
2020-06-09 09:11:45.540000,29508.58,29470,36546,29475,11734,29460,5071,29455,20082
2020-06-09 09:11:46.450000,29508.58,29470,35246,29475,11734,29465,1,29460,5071
2020-06-09 09:11:47.620000,29508.58,29465,24847,29470,9999,29455,5099,29450,32865
2020-06-09 09:11:48.680000,29508.58,29470,34846,29475,11759,29460,5071,29455,20082
2020-06-09 09:11:49.740000,29508.58,29465,24847,29470,9999,29455,5099,29450,32865
2020-06-09 09:11:50.800000,29489.15,29465,4798,29470,30048,29460,5071,29455,28
2020-06-09 09:11:51.870000,29489.15,29465,1700,29470,34846,29460,5071,29455,20082
2020-06-09 09:11:52.330000,29489.15,29465,1700,29470,34851,29460,5071,29455,20082
2020-06-09 09:11:53.440000,29489.15,29460,5071,29465,36546,29455,5099,29450,22554
2020-06-09 09:11:54.510000,29489.15,29465,36546,29470,10004,29455,5099,29450,22554
2020-06-09 09:11:55.040000,29489.15,29465,36549,29470,10004,29455,5099,29450,22554
2020-06-09 09:11:55.970000,29489.15,29465,36549,29470,10004,29455,5099,29450,22554
2020-06-09 09:11:57.160000,29489.15,29465,1703,29470,34851,29460,4999,29455,20054
2020-06-09 09:11:58.220000,29489.15,29465,1917,29470,34851,29460,4999,29455,20054
2020-06-09 09:11:59.820000,29489.15,29460,4999,29465,26764,29455,4999,29450,32865
2020-06-09 09:12:00.860000,29490.98,29460,1,29465,36763,29455,6200,29450,22554
2020-06-09 09:12:01.910000,29490.98,29455,34846,29460,11400,29445,8748,29440,22554
2020-06-09 09:12:02.960000,29490.98,29460,36247,29465,11916,29450,6200,29445,22602
2020-06-09 09:12:04.000000,29490.98,29460,36247,29465,11916,29450,6200,29445,22602
2020-06-09 09:12:04.550000,29490.98,29460,36242,29465,11916,29450,6200,29445,22602
2020-06-09 09:12:05.440000,29490.98,29455,24847,29460,11395,29450,6200,29445,2548
2020-06-09 09:12:06.630000,29490.98,29460,36242,29465,11916,29450,6200,29445,22602
2020-06-09 09:12:07.240000,29490.98,29455,34846,29460,11395,29445,8748,29440,22554
2020-06-09 09:12:08.200000,29490.98,29455,34846,29460,11395,29445,8748,29440,22554
2020-06-09 09:12:09.270000,29490.98,29455,34846,29460,11395,29445,8748,29440,22554
2020-06-09 09:12:10.330000,29476.34,29450,26245,29455,9999,29445,2548,29440,6200
2020-06-09 09:12:11.390000,29476.34,29450,435,29455,34844,29445,8748,29440,20054
2020-06-09 09:12:11.940000,29476.34,29450,435,29455,34844,29445,8748,29440,22554
2020-06-09 09:12:12.880000,29476.34,29450,435,29455,34844,29445,8748,29440,22554
2020-06-09 09:12:14.060000,29476.34,29450,1835,29455,34844,29445,8748,29440,22554
2020-06-09 09:12:15.120000,29476.34,29450,435,29455,34844,29445,8748,29440,22554
2020-06-09 09:12:15.750000,29476.34,29450,1835,29455,34844,29445,8748,29440,22554
2020-06-09 09:12:16.720000,29476.34,29450,36679,29455,9999,29445,2548,29440,6200
2020-06-09 09:12:17.780000,29476.34,29450,36684,29455,9999,29440,6200,29435,22723
2020-06-09 09:12:19.370000,29476.34,29450,440,29455,34844,29445,6200,29440,22554
2020-06-09 09:12:20.420000,29490.16,29450,440,29455,34844,29445,6200,29440,22554
2020-06-09 09:12:21.480000,29490.16,29450,438,29455,34844,29445,6200,29440,22554
2020-06-09 09:12:21.970000,29490.16,29450,36582,29455,9999,29440,6200,29435,22723
2020-06-09 09:12:23.070000,29490.16,29450,36882,29455,9999,29440,6200,29435,22723
2020-06-09 09:12:25.180000,29490.16,29445,34844,29450,12037,29435,6369,29430,20086
2020-06-09 09:12:26.230000,29490.16,29445,34844,29450,12037,29435,6369,29430,20087
2020-06-09 09:12:27.280000,29490.16,29440,34844,29445,9999,29435,169,29430,6233
2020-06-09 09:12:28.320000,29490.16,29440,34844,29445,9999,29430,6233,29425,28266
2020-06-09 09:12:29.370000,29490.16,29440,34844,29445,9999,29430,6233,29425,28266
2020-06-09 09:12:29.870000,29466.66,29440,34844,29445,9999,29430,6233,29425,28266
2020-06-09 09:12:30.950000,29466.66,29435,100,29440,34844,29430,6233,29425,28266
2020-06-09 09:12:32.010000,29466.66,29435,26345,29440,9999,29430,33,29425,11912
2020-06-09 09:12:33.070000,29466.66,29435,1675,29440,34844,29430,6233,29425,28266
2020-06-09 09:12:34.130000,29466.66,29435,26520,29440,9999,29430,23,29425,11912
2020-06-09 09:12:35.210000,29466.66,29435,36519,29440,9999,29425,6202,29420,20228
2020-06-09 09:12:36.240000,29466.66,29430,13,29435,36519,29425,6202,29420,20228
2020-06-09 09:12:36.770000,29466.66,29430,1413,29435,36519,29425,6202,29420,20228
2020-06-09 09:12:37.800000,29466.66,29430,1413,29435,36519,29425,6202,29420,20228
2020-06-09 09:12:38.900000,29466.66,29430,6209,29435,31723,29425,6202,29420,174
2020-06-09 09:12:39.940000,29466.66,29430,1412,29435,36519,29425,6202,29420,20228
2020-06-09 09:12:40.990000,29463.15,29430,12,29435,36519,29425,6202,29420,20228
2020-06-09 09:12:42.040000,29463.15,29430,227,29435,36519,29425,6197,29420,20228
2020-06-09 09:12:42.650000,29463.15,29435,25120,29440,9999,29425,5970,29420,30539
2020-06-09 09:12:43.620000,29463.15,29430,1,29435,35102,29425,5970,29420,20228
2020-06-09 09:12:44.660000,29463.15,29430,25258,29435,10257,29420,6144,29415,32865
2020-06-09 09:12:45.710000,29463.15,29430,25258,29435,10257,29420,6144,29415,32865
2020-06-09 09:12:46.750000,29463.15,29430,35207,29435,10257,29420,6144,29415,22554
2020-06-09 09:12:47.800000,29463.15,29425,36248,29430,11200,29415,5970,29410,23999
2020-06-09 09:12:48.350000,29463.15,29425,36248,29430,12067,29415,5970,29410,23999
2020-06-09 09:12:49.380000,29463.15,29425,36248,29430,12067,29415,5970,29410,23999
2020-06-09 09:12:50.410000,29440.88,29425,36248,29430,12067,29415,5970,29410,23999
2020-06-09 09:12:51.460000,29440.88,29425,36248,29430,12067,29415,5970,29410,23999
2020-06-09 09:12:52.500000,29440.88,29425,36248,29430,12067,29415,5963,29410,23999
2020-06-09 09:12:53.550000,29440.88,29430,38236,29435,10298,29420,5963,29415,22554
2020-06-09 09:12:54.600000,29440.88,29425,36168,29430,12067,29415,5963,29410,23999
2020-06-09 09:12:55.640000,29440.88,29425,36168,29430,12067,29415,5963,29410,23999
2020-06-09 09:12:56.240000,29440.88,29425,36168,29430,12067,29415,5963,29410,23999
2020-06-09 09:12:57.240000,29440.88,29425,36168,29430,12067,29415,5963,29410,23999
2020-06-09 09:12:58.080000,29440.88,29425,36168,29430,12067,29415,5793,29410,23999
2020-06-09 09:12:58.950000,29440.88,29425,36168,29430,12067,29415,5793,29410,23999
2020-06-09 09:12:59.950000,29444.34,29425,36168,29430,12067,29415,5793,29410,23999
2020-06-09 09:13:00.950000,29444.34,29425,867,29430,37369,29420,5793,29415,22554
2020-06-09 09:13:02.040000,29444.34,29425,867,29430,37369,29420,5793,29415,22554
2020-06-09 09:13:03.040000,29444.34,29430,36168,29435,10129,29425,867,29420,4926
2020-06-09 09:13:04.090000,29444.34,29430,36168,29435,10129,29425,867,29420,4926
2020-06-09 09:13:05.130000,29444.34,29430,36168,29435,10129,29425,787,29420,4926
2020-06-09 09:13:06.180000,29444.34,29430,36168,29435,10129,29425,806,29420,4926
2020-06-09 09:13:07.230000,29444.34,29430,36168,29435,10129,29425,806,29420,4926
2020-06-09 09:13:08.270000,29444.34,29435,36298,29440,10000,29425,5726,29420,20054
2020-06-09 09:13:08.830000,29444.34,29430,26169,29435,10129,29425,5726,29415,32865
2020-06-09 09:13:09.830000,29444.34,29430,9999,29435,36298,29425,5726,29420,20054
2020-06-09 09:13:10.910000,29451.64,29435,36298,29440,10000,29425,5726,29420,20054
2020-06-09 09:13:11.960000,29451.64,29435,130,29440,36169,29430,4926,29425,23353
2020-06-09 09:13:13.010000,29451.64,29435,130,29440,36169,29430,4926,29425,23353
2020-06-09 09:13:14.100000,29451.64,29435,100,29440,36169,29430,4926,29425,23353
2020-06-09 09:13:15.150000,29451.64,29435,37568,29440,10000,29425,5725,29420,20054
2020-06-09 09:13:16.190000,29451.64,29435,37568,29440,10000,29425,5725,29420,20054
2020-06-09 09:13:17.240000,29451.64,29435,37568,29440,10000,29425,5725,29420,20054
2020-06-09 09:13:17.850000,29451.64,29435,27569,29440,10000,29425,5725,29420,30365
2020-06-09 09:13:18.850000,29451.64,29435,37568,29440,10000,29425,5725,29420,20054
2020-06-09 09:13:19.860000,29451.64,29435,37568,29440,10000,29425,5725,29420,20054
2020-06-09 09:13:20.910000,29456.52,29435,7520,29440,30049,29430,4926,29425,799
2020-06-09 09:13:21.960000,29456.52,29440,1,29445,25158,29435,6201,29430,20054
2020-06-09 09:13:23.050000,29456.52,29440,1,29445,25158,29435,6201,29430,20054
2020-06-09 09:13:24.140000,29456.52,29435,10,29440,26422,29430,6200,29425,23353
2020-06-09 09:13:25.250000,29456.52,29440,16119,29445,19038,29435,6200,29430,20054
2020-06-09 09:13:26.280000,29456.52,29440,16334,29445,19038,29430,26254,29425,3299
2020-06-09 09:13:27.300000,29456.52,29440,15338,29445,10035,29430,6200,29425,33664
2020-06-09 09:13:28.240000,29456.52,29435,25121,29440,11515,29425,6999,29420,20054
2020-06-09 09:13:29.360000,29456.52,29435,6119,29440,20518,29425,29553,29420,10311
2020-06-09 09:13:30.410000,29456.52,29435,38,29440,26637,29430,6200,29425,23353
2020-06-09 09:13:31.460000,29462.09,29435,16460,29440,11515,29425,6999,29420,30365
2020-06-09 09:13:32.520000,29462.09,29435,26459,29440,11515,29425,6999,29420,20054
2020-06-09 09:13:32.970000,29462.09,29435,7457,29440,20518,29425,6999,29420,30365
2020-06-09 09:13:33.880000,29462.09,29435,7457,29440,20518,29425,29553,29420,10311
2020-06-09 09:13:34.840000,29462.09,29435,26459,29440,11515,29425,6999,29420,20054
2020-06-09 09:13:35.750000,29462.09,29435,16460,29440,11515,29430,15,29425,6999
2020-06-09 09:13:36.860000,29462.09,29435,26459,29440,11515,29430,15,29425,6999
2020-06-09 09:13:37.900000,29462.09,29435,17456,29440,20518,29425,29553,29415,10311
2020-06-09 09:13:38.930000,29462.09,29435,26459,29440,11515,29425,6999,29420,20054
2020-06-09 09:13:42.120000,29444.98,29435,26429,29440,11515,29425,6999,29420,20054
2020-06-09 09:13:43.180000,29444.98,29435,26429,29440,11515,29430,5,29425,6999
2020-06-09 09:13:44.240000,29444.98,29430,6119,29435,20310,29425,6999,29420,20054
2020-06-09 09:13:44.770000,29444.98,29430,6118,29435,20571,29425,6999,29420,20054
2020-06-09 09:13:46.900000,29444.98,29430,6552,29435,20571,29425,6999,29420,20054
2020-06-09 09:13:47.370000,29444.98,29430,17055,29435,11569,29425,799,29420,6200
2020-06-09 09:13:48.490000,29444.98,29430,434,29435,26690,29425,6999,29420,20054
2020-06-09 09:13:49.550000,29444.98,29430,24940,29435,11569,29425,799,29420,6200
2020-06-09 09:13:50.070000,29464.69,29430,8669,29435,26690,29425,6999,29420,20054
2020-06-09 09:13:52.180000,29464.69,29435,26690,29440,11515,29425,6999,29420,20054
2020-06-09 09:13:53.240000,29464.69,29430,1,29435,16691,29425,6999,29420,30365
2020-06-09 09:13:55.370000,29464.69,29430,401,29435,26690,29425,6999,29420,20054
2020-06-09 09:13:55.740000,29464.69,29430,1,29435,26690,29425,6999,29420,20054
2020-06-09 09:13:56.960000,29464.69,29435,16691,29440,11515,29425,6999,29420,30365
2020-06-09 09:13:57.540000,29464.69,29435,26690,29440,11515,29425,6999,29420,20054
2020-06-09 09:13:58.440000,29464.69,29435,16691,29440,11515,29425,6999,29420,30365
2020-06-09 09:13:59.610000,29464.69,29435,7688,29440,20518,29425,29553,29420,10311
2020-06-09 09:14:00.680000,29448.06,29430,6118,29435,20772,29425,6999,29420,20054
2020-06-09 09:14:01.180000,29448.06,29430,16621,29435,11769,29425,30,29420,6200
2020-06-09 09:14:02.250000,29448.06,29430,16695,29435,11769,29420,6200,29415,32865
2020-06-09 09:14:03.320000,29448.06,29425,15465,29430,11573,29415,6200,29410,34310
2020-06-09 09:14:04.380000,29448.06,29425,6462,29430,20576,29415,28754,29410,11756
2020-06-09 09:14:05.440000,29448.06,29425,7262,29430,20576,29415,28754,29410,11756
2020-06-09 09:14:05.880000,29448.06,29430,7692,29435,20772,29425,6200,29420,20054
2020-06-09 09:14:07.000000,29448.06,29430,74,29435,7888,29425,6198,29420,30365
2020-06-09 09:14:08.060000,29448.06,29430,7692,29435,20772,29420,26252,29415,12811
2020-06-09 09:14:09.130000,29448.06,29425,6118,29430,20576,29420,6198,29415,22554
2020-06-09 09:14:09.670000,29448.06,29420,1500,29425,7618,29415,28752,29410,11756
2020-06-09 09:14:10.740000,29450.27,29420,1715,29425,26620,29415,6198,29410,23999
2020-06-09 09:14:11.840000,29450.27,29425,1500,29430,26694,29420,6198,29415,22554
2020-06-09 09:14:12.840000,29450.27,29425,1500,29430,26694,29420,6198,29415,22554
2020-06-09 09:14:13.880000,29450.27,29425,1500,29430,16695,29420,6198,29415,32865
2020-06-09 09:14:14.940000,29450.27,29430,1574,29435,26890,29425,6198,29420,20054
2020-06-09 09:14:16.550000,29450.27,29430,1574,29435,26890,29425,6198,29420,20054
2020-06-09 09:14:17.640000,29450.27,29430,16595,29435,11769,29425,10,29420,6198
2020-06-09 09:14:18.740000,29450.27,29425,990,29430,7593,29420,6198,29415,32865
2020-06-09 09:14:19.840000,29450.27,29425,328,29430,17592,29420,26252,29415,2500
2020-06-09 09:14:20.800000,29473.89,29430,16596,29435,11769,29420,6198,29415,32865
2020-06-09 09:14:21.770000,29473.89,29430,75,29435,17887,29425,28752,29415,10311
2020-06-09 09:14:22.880000,29473.89,29430,75,29435,7888,29425,26252,29420,10311
2020-06-09 09:14:23.920000,29473.89,29430,75,29435,17887,29425,28749,29415,10311
2020-06-09 09:14:24.990000,29473.89,29435,1570,29440,26638,29430,6120,29425,22554
2020-06-09 09:14:26.550000,29473.89,29440,1518,29445,25161,29435,7420,29430,20054
2020-06-09 09:14:27.630000,29473.89,29440,218,29445,25161,29435,7420,29430,20054
2020-06-09 09:14:28.670000,29473.89,29440,26738,29445,10040,29435,1300,29430,6120
2020-06-09 09:14:29.720000,29473.89,29435,26520,29440,11617,29425,5620,29420,20054
2020-06-09 09:14:30.230000,29464.47,29435,1400,29440,26728,29430,5620,29425,22554
2020-06-09 09:14:31.340000,29464.47,29440,218,29445,6149,29435,26774,29430,10311
2020-06-09 09:14:32.440000,29464.47,29445,6149,29450,21182,29440,6200,29435,22919
2020-06-09 09:14:33.400000,29464.47,29445,6149,29450,21182,29435,29119,29430,10311
2020-06-09 09:14:34.480000,29464.47,29445,41,29450,27290,29440,6200,29435,22919
2020-06-09 09:14:35.530000,29464.47,29450,6988,29455,19005,29445,6199,29440,22554
2020-06-09 09:14:36.580000,29464.47,29450,6988,29455,19005,29440,28753,29435,10676
2020-06-09 09:14:37.620000,29464.47,29450,6988,29455,19005,29440,28753,29435,10676
2020-06-09 09:14:38.670000,29464.47,29450,880,29455,6111,29445,26253,29440,2500
2020-06-09 09:14:39.140000,29464.47,29450,6798,29455,20505,29445,6199,29440,22554
2020-06-09 09:14:40.230000,29464.47,29450,6798,29455,20505,29445,6199,29440,22564
2020-06-09 09:14:41.280000,29458.51,29450,6098,29455,20505,29445,6199,29440,22564
2020-06-09 09:14:42.640000,29458.51,29445,12287,29450,20502,29440,6199,29435,22919
2020-06-09 09:14:43.370000,29458.51,29445,7848,29450,20502,29440,10,29435,29108
2020-06-09 09:14:45.460000,29458.51,29445,17597,29450,20502,29435,29108,29425,10311
2020-06-09 09:14:46.510000,29458.51,29445,6098,29450,20602,29440,6189,29435,22919
2020-06-09 09:14:47.560000,29458.51,29445,26600,29450,11599,29435,6554,29430,20054
2020-06-09 09:14:47.980000,29458.51,29445,6098,29450,20602,29435,29108,29430,10311
2020-06-09 09:14:49.120000,29458.51,29445,7598,29450,20602,29435,29108,29430,10311
2020-06-09 09:14:50.170000,29458.51,29445,16097,29450,20602,29435,29108,29425,10311
2020-06-09 09:14:51.210000,29462.41,29445,26690,29450,11599,29435,6541,29430,20054
2020-06-09 09:14:52.260000,29462.41,29445,25090,29450,12599,29435,6541,29430,20054
2020-06-09 09:14:52.770000,29462.41,29445,25090,29450,12599,29435,6541,29430,20054
2020-06-09 09:14:55.160000,29462.41,29445,25305,29450,12599,29435,6541,29430,20054
2020-06-09 09:14:56.050000,29462.41,29440,6078,29445,19217,29435,6541,29430,20054
2020-06-09 09:14:58.490000,29462.41,29445,6293,29450,21602,29440,2500,29435,29095
2020-06-09 09:14:59.610000,29462.41,29445,215,29450,17681,29440,8689,29435,33217
2020-06-09 09:15:00.660000,29466.71,29445,7893,29450,21602,29440,2500,29435,29095
2020-06-09 09:15:01.700000,29466.71,29455,1503,29460,7486,29450,32843,29445,12596
2020-06-09 09:15:02.750000,29466.71,29460,1408,29465,7996,29455,27043,29450,16911
2020-06-09 09:15:03.840000,29466.71,29465,7996,29470,20038,29460,5489,29455,21554
2020-06-09 09:15:05.390000,29466.71,29470,7114,29475,20788,29460,28043,29455,11811
2020-06-09 09:15:06.440000,29466.71,29470,2636,29475,16867,29465,5489,29460,32865
2020-06-09 09:15:07.500000,29466.71,29470,1036,29475,7864,29465,5089,29460,32865
2020-06-09 09:15:08.540000,29466.71,29470,8731,29475,20788,29465,5089,29460,22554
2020-06-09 09:15:09.610000,29466.71,29465,11167,29470,11656,29460,5089,29455,31865
2020-06-09 09:15:10.670000,29472.98,29465,11167,29470,21655,29455,26643,29450,16911
2020-06-09 09:15:11.720000,29472.98,29470,28160,29475,11791,29460,5089,29455,21554
2020-06-09 09:15:12.760000,29472.98,29465,6079,29470,22082,29455,26643,29450,16911
2020-06-09 09:15:13.810000,29472.98,29465,6079,29470,22082,29455,26643,29450,16911
2020-06-09 09:15:14.860000,29472.98,29465,7679,29470,22082,29455,26643,29450,16911
2020-06-09 09:15:15.340000,29472.98,29465,6079,29470,22082,29455,26643,29450,16911
2020-06-09 09:15:16.450000,29472.98,29460,6078,29465,20673,29455,1400,29450,31743
2020-06-09 09:15:17.490000,29472.98,29465,7749,29470,22082,29455,26543,29450,16911
2020-06-09 09:15:18.560000,29472.98,29465,6149,29470,22082,29460,5089,29455,21454
2020-06-09 09:15:19.130000,29472.98,29465,6269,29470,22082,29460,5089,29455,21454
2020-06-09 09:15:20.120000,29473.31,29465,191,29470,28160,29460,5089,29455,21454
2020-06-09 09:15:21.170000,29473.31,29465,191,29470,28160,29460,5089,29455,21454
2020-06-09 09:15:22.210000,29473.31,29470,9158,29475,20794,29460,27643,29455,11711
2020-06-09 09:15:23.260000,29473.31,29470,3515,29475,26872,29465,5089,29460,22554
2020-06-09 09:15:24.300000,29473.31,29470,1915,29475,26872,29465,5106,29460,22554
2020-06-09 09:15:24.770000,29473.31,29470,1915,29475,26872,29465,5106,29460,22554
2020-06-09 09:15:25.900000,29473.31,29470,7993,29475,20794,29465,5106,29460,22554
2020-06-09 09:15:26.940000,29473.31,29470,1915,29475,7870,29465,27660,29460,10311
2020-06-09 09:15:27.440000,29473.31,29475,6170,29480,20055,29470,5088,29465,22572
2020-06-09 09:15:28.510000,29473.31,29470,5088,29475,16873,29465,5106,29460,32865
2020-06-09 09:15:29.600000,29473.31,29475,7870,29480,20055,29465,27660,29460,10311
2020-06-09 09:15:30.650000,29478.49,29470,13,29475,26876,29465,5106,29460,22554
2020-06-09 09:15:31.710000,29478.49,29470,7791,29475,20798,29465,18,29460,27642
2020-06-09 09:15:32.770000,29478.49,29470,7791,29475,20798,29465,5106,29460,22554
2020-06-09 09:15:33.830000,29478.49,29470,7791,29475,20798,29465,17,29460,27642
2020-06-09 09:15:34.380000,29478.49,29470,7791,29475,20798,29460,27642,29455,11711
2020-06-09 09:15:35.430000,29478.49,29470,7796,29475,20798,29460,27642,29455,11711
2020-06-09 09:15:36.490000,29478.49,29470,7796,29475,20798,29460,5088,29455,31765
2020-06-09 09:15:37.550000,29478.49,29470,26798,29475,11805,29460,5088,29455,21454
2020-06-09 09:15:38.610000,29478.49,29460,6078,29465,19002,29455,6488,29450,26654
2020-06-09 09:15:39.060000,29478.49,29460,26995,29465,9999,29455,1400,29450,9188
2020-06-09 09:15:39.940000,29478.49,29455,15081,29460,11914,29450,4100,29445,7373
2020-06-09 09:15:40.890000,29481.76,29455,25080,29460,11914,29450,4100,29445,7373
2020-06-09 09:15:41.840000,29481.76,29455,6078,29460,20917,29450,4100,29445,27427
2020-06-09 09:15:42.950000,29481.76,29455,6078,29460,20917,29450,9188,29445,22339
2020-06-09 09:15:43.630000,29481.76,29455,6078,29460,20917,29450,4100,29445,27427
2020-06-09 09:15:45.280000,29481.76,29455,6078,29460,20917,29450,9188,29445,22339
2020-06-09 09:15:46.090000,29481.76,29455,6078,29460,20917,29450,4100,29445,27427
2020-06-09 09:15:47.150000,29481.76,29455,15081,29460,11914,29450,4100,29445,7373
2020-06-09 09:15:48.200000,29481.76,29455,25080,29460,11914,29450,4100,29445,7373
2020-06-09 09:15:49.240000,29481.76,29455,25080,29460,11914,29450,3110,29445,7373
2020-06-09 09:15:50.820000,29492.19,29455,15081,29460,11914,29450,3110,29445,7373
2020-06-09 09:15:51.880000,29492.19,29455,25085,29460,11914,29450,3110,29445,2285
2020-06-09 09:15:52.340000,29492.19,29450,6078,29455,19007,29445,2285,29440,30142
2020-06-09 09:15:53.460000,29492.19,29450,15081,29455,10004,29445,2285,29440,7588
2020-06-09 09:15:53.940000,29492.19,29450,25202,29455,10004,29440,7588,29435,22906
2020-06-09 09:15:55.040000,29492.19,29445,6200,29450,19002,29440,2500,29435,27994
2020-06-09 09:15:56.100000,29492.19,29450,25202,29455,10004,29440,7588,29435,22906
2020-06-09 09:15:56.570000,29492.19,29445,6200,29450,19002,29440,2500,29435,27994
2020-06-09 09:15:57.690000,29492.19,29445,6200,29450,19002,29440,2500,29435,27994
2020-06-09 09:15:58.760000,29492.19,29445,26902,29450,9999,29435,5440,29430,20054
2020-06-09 09:15:59.270000,29492.19,29445,6200,29450,19002,29435,27994,29430,10311
2020-06-09 09:16:01.390000,29492.72,29445,6200,29450,19002,29440,5088,29435,22906
2020-06-09 09:16:02.460000,29492.72,29450,16199,29455,19007,29440,27642,29435,352
2020-06-09 09:16:03.030000,29492.72,29450,6200,29455,19007,29440,5088,29435,33217
2020-06-09 09:16:03.970000,29492.72,29450,16199,29455,19007,29440,27642,29435,352
2020-06-09 09:16:05.100000,29492.72,29455,6205,29460,20917,29445,25142,29440,12811
2020-06-09 09:16:05.570000,29492.72,29455,27007,29460,11914,29445,5088,29440,22554
2020-06-09 09:16:06.470000,29492.72,29455,8005,29460,20917,29445,25142,29440,12811
2020-06-09 09:16:07.720000,29492.72,29455,17008,29460,11914,29445,5088,29440,32865
2020-06-09 09:16:08.240000,29492.72,29455,27007,29460,11914,29445,5088,29440,22554
2020-06-09 09:16:08.970000,29492.72,29450,6200,29455,20807,29440,27642,29435,10663
2020-06-09 09:16:09.830000,29471.8,29450,17003,29455,11804,29440,5088,29435,33217
2020-06-09 09:16:10.880000,29471.8,29450,6200,29455,20807,29440,5088,29435,33217
2020-06-09 09:16:11.920000,29471.8,29445,6200,29450,20802,29435,27994,29430,10311
2020-06-09 09:16:12.380000,29471.8,29445,27002,29450,11849,29435,5440,29430,20054
2020-06-09 09:16:13.580000,29471.8,29440,6200,29445,20802,29435,5440,29430,20054
2020-06-09 09:16:14.080000,29471.8,29445,17999,29450,20852,29435,27994,29425,10311
2020-06-09 09:16:15.160000,29471.8,29445,6200,29450,20852,29435,27994,29430,10311
2020-06-09 09:16:15.640000,29471.8,29445,27002,29450,11850,29435,5440,29430,20054
2020-06-09 09:16:16.730000,29471.8,29440,6200,29445,20802,29435,352,29430,25142
2020-06-09 09:16:17.780000,29471.8,29440,8100,29445,20802,29435,352,29430,25142
2020-06-09 09:16:18.340000,29471.8,29445,27002,29450,11850,29435,5440,29430,20054
2020-06-09 09:16:19.170000,29471.8,29445,27002,29450,11850,29435,5440,29430,20054
2020-06-09 09:16:19.970000,29471.8,29440,25202,29445,11799,29435,352,29430,5088
2020-06-09 09:16:20.980000,29489.44,29435,15203,29440,11799,29425,5088,29420,30365
2020-06-09 09:16:22.040000,29489.44,29435,27002,29440,11799,29425,5088,29420,20054
2020-06-09 09:16:23.040000,29489.44,29435,27217,29440,11799,29425,5088,29420,20054
2020-06-09 09:16:24.630000,29489.44,29430,6200,29435,21017,29425,5088,29420,20054
2020-06-09 09:16:25.540000,29489.44,29435,27217,29440,11799,29425,5088,29420,20054
2020-06-09 09:16:26.330000,29489.44,29430,6200,29435,21017,29420,25142,29415,12811
2020-06-09 09:16:27.240000,29489.44,29430,6200,29435,21017,29425,5088,29420,20054
2020-06-09 09:16:28.320000,29489.44,29430,8065,29435,21017,29420,25142,29415,12811
2020-06-09 09:16:28.830000,29489.44,29425,6165,29430,20902,29415,27642,29410,11757
2020-06-09 09:16:29.740000,29489.44,29430,27067,29435,12014,29420,5088,29415,22554
2020-06-09 09:16:31.990000,29482.04,29425,6165,29430,20902,29420,5088,29415,22554
2020-06-09 09:16:32.540000,29482.04,29430,27067,29435,12014,29420,5088,29415,22554
2020-06-09 09:16:35.030000,29482.04,29425,6165,29430,20902,29420,5088,29415,22554
2020-06-09 09:16:35.740000,29482.04,29430,27067,29435,12014,29420,5088,29415,22554
2020-06-09 09:16:38.350000,29482.04,29430,30567,29435,12014,29420,5088,29415,22554
2020-06-09 09:16:39.360000,29482.04,29425,42,29430,30567,29420,5088,29415,22554
2020-06-09 09:16:39.940000,29480.5,29425,8107,29430,24402,29415,27642,29410,11757
2020-06-09 09:16:41.440000,29480.5,29425,8067,29430,24402,29415,27642,29410,11757
2020-06-09 09:16:42.520000,29480.5,29425,27069,29430,15399,29415,5088,29410,24000
2020-06-09 09:16:43.560000,29480.5,29425,1902,29430,30567,29420,5088,29415,22554
2020-06-09 09:16:44.610000,29480.5,29425,2,29430,30567,29420,5088,29415,22554
2020-06-09 09:16:46.050000,29480.5,29430,9665,29435,21017,29420,25142,29415,12811
2020-06-09 09:16:47.220000,29480.5,29430,30567,29435,12014,29420,5088,29415,22554
2020-06-09 09:16:48.270000,29480.5,29425,6165,29430,22502,29420,5088,29415,22554
2020-06-09 09:16:48.730000,29480.5,29430,3500,29435,27182,29425,5009,29420,20454
2020-06-09 09:16:50.890000,29478.35,29430,9965,29435,21017,29420,25463,29415,12811
2020-06-09 09:16:51.340000,29478.35,29430,3500,29435,17183,29425,5009,29420,31265
2020-06-09 09:16:52.450000,29478.35,29430,9665,29435,11018,29425,5009,29420,31265
2020-06-09 09:16:53.510000,29478.35,29430,9665,29435,21017,29420,25946,29415,12811
2020-06-09 09:16:54.040000,29478.35,29430,3500,29435,17183,29425,5009,29420,31248
2020-06-09 09:16:54.840000,29478.35,29435,6380,29440,20804,29425,27563,29420,11194
2020-06-09 09:16:55.640000,29478.35,29435,8280,29440,20804,29425,27563,29420,11194
2020-06-09 09:16:56.430000,29478.35,29435,8380,29440,20804,29425,27563,29420,11194
2020-06-09 09:16:57.720000,29478.35,29435,8380,29440,20804,29425,27563,29420,11194
2020-06-09 09:16:58.090000,29478.35,29435,6380,29440,20804,29425,27563,29420,11194
2020-06-09 09:16:58.930000,29478.35,29435,27382,29440,11801,29425,5009,29420,20937
2020-06-09 09:16:59.940000,29478.35,29430,6165,29435,21651,29420,25946,29415,12811
2020-06-09 09:17:00.940000,29462.66,29435,27816,29440,11801,29425,5059,29420,20937
2020-06-09 09:17:01.940000,29462.66,29435,27816,29440,12060,29425,5059,29420,20937
2020-06-09 09:17:02.990000,29462.66,29430,3,29435,16813,29425,27613,29420,883
2020-06-09 09:17:04.040000,29462.66,29430,3,29435,15817,29425,5059,29420,31248
2020-06-09 09:17:05.470000,29462.66,29430,3,29435,25816,29425,5059,29420,20937
2020-06-09 09:17:06.640000,29462.66,29430,1703,29435,25816,29425,5059,29420,20937
2020-06-09 09:17:07.040000,29462.66,29425,1700,29430,27191,29420,5892,29415,22554
2020-06-09 09:17:08.220000,29462.66,29425,1,29430,27191,29420,5677,29415,22554
2020-06-09 09:17:09.270000,29462.66,29430,17192,29435,10648,29420,5677,29415,32865
2020-06-09 09:17:09.710000,29462.66,29425,6115,29430,21076,29420,5677,29415,22554
2020-06-09 09:17:10.830000,29458.81,29425,8015,29430,21076,29420,883,29415,27348
2020-06-09 09:17:11.880000,29458.81,29425,17018,29430,12073,29415,4794,29410,34311
2020-06-09 09:17:12.440000,29458.81,29425,27017,29430,12073,29415,4794,29410,24000
2020-06-09 09:17:13.350000,29458.81,29425,27017,29430,12073,29415,4794,29410,24000
2020-06-09 09:17:14.520000,29458.81,29425,7015,29430,21077,29415,27348,29410,11757
2020-06-09 09:17:14.940000,29458.81,29425,8015,29430,21077,29415,4794,29410,34311
2020-06-09 09:17:16.090000,29458.81,29425,6115,29430,21077,29415,27348,29410,11757
2020-06-09 09:17:16.560000,29458.81,29430,27192,29435,10648,29420,4796,29415,25554
2020-06-09 09:17:17.470000,29458.81,29430,18189,29435,19651,29420,4796,29415,25554
2020-06-09 09:17:18.450000,29458.81,29430,18189,29435,19651,29420,24850,29415,5500
2020-06-09 09:17:19.280000,29458.81,29430,18189,29435,19651,29420,4796,29415,25554
2020-06-09 09:17:20.460000,29458.81,29430,8190,29435,19651,29420,24850,29415,15811
2020-06-09 09:17:21.870000,29473.24,29430,1775,29435,25766,29425,4794,29420,20056
2020-06-09 09:17:23.120000,29473.24,29430,75,29435,16763,29425,27318,29420,2
2020-06-09 09:17:23.630000,29473.24,29435,649,29440,27178,29430,4689,29425,22554
2020-06-09 09:17:24.710000,29473.24,29435,649,29440,27178,29430,4689,29425,22554
2020-06-09 09:17:25.740000,29473.24,29440,261,29445,26917,29435,4646,29430,20454
2020-06-09 09:17:27.320000,29473.24,29440,261,29445,7915,29435,27200,29430,10711
2020-06-09 09:17:27.770000,29473.24,29445,6115,29450,20863,29440,6200,29435,22555
2020-06-09 09:17:28.740000,29473.24,29450,1861,29455,26922,29445,6200,29440,23354
2020-06-09 09:17:29.930000,29471.27,29450,61,29455,26922,29445,6200,29440,23354
2020-06-09 09:17:30.990000,29471.27,29455,6120,29460,20917,29445,26254,29440,13611
2020-06-09 09:17:32.040000,29471.27,29455,5,29460,27032,29450,6200,29445,20054
2020-06-09 09:17:33.100000,29471.27,29455,5,29460,27032,29450,6200,29445,20054
2020-06-09 09:17:34.160000,29471.27,29460,16329,29465,19007,29455,30,29450,28754
2020-06-09 09:17:35.220000,29471.27,29460,6330,29465,19007,29455,20,29450,28754
2020-06-09 09:17:36.290000,29471.27,29460,8230,29465,19007,29455,20,29450,28754
2020-06-09 09:17:37.350000,29471.27,29460,6330,29465,19007,29455,6220,29450,22554
2020-06-09 09:17:37.770000,29471.27,29460,6330,29465,19007,29455,20,29450,28754
2020-06-09 09:17:38.920000,29471.27,29460,315,29465,16119,29455,26274,29450,2500
2020-06-09 09:17:39.990000,29471.27,29460,2115,29465,25122,29455,6220,29450,22554
2020-06-09 09:17:41.050000,29486.71,29460,2115,29465,25122,29455,6220,29450,22554
2020-06-09 09:17:41.470000,29486.71,29455,9895,29460,21117,29450,6200,29445,20054
2020-06-09 09:17:42.640000,29486.71,29450,6200,29455,9895,29445,26254,29440,13611
2020-06-09 09:17:43.700000,29486.71,29455,9895,29460,21117,29445,26254,29440,13611
2020-06-09 09:17:44.770000,29486.71,29455,18898,29460,12114,29445,6200,29440,33665
2020-06-09 09:17:45.340000,29486.71,29455,28897,29460,12114,29445,6200,29440,23354
2020-06-09 09:17:46.170000,29486.71,29450,16114,29455,22782,29440,29554,29435,1
2020-06-09 09:17:47.050000,29486.71,29450,6115,29455,22782,29440,28754,29435,10312
2020-06-09 09:17:47.920000,29486.71,29450,1766,29455,28897,29445,6157,29440,22554
2020-06-09 09:17:48.980000,29486.71,29455,27389,29460,12114,29445,6157,29440,22554
2020-06-09 09:17:49.470000,29486.71,29450,15118,29455,12271,29440,6157,29435,32866
2020-06-09 09:17:50.590000,29486.71,29450,25117,29455,12271,29440,6157,29435,22555
2020-06-09 09:17:51.640000,29473.13,29445,6115,29450,19002,29435,28712,29430,10711
2020-06-09 09:17:52.170000,29473.13,29445,214,29450,15118,29440,4799,29435,32866
2020-06-09 09:17:53.200000,29473.13,29445,214,29450,15118,29440,4799,29435,32866
2020-06-09 09:17:54.250000,29473.13,29445,2114,29450,25117,29440,4799,29435,22555
2020-06-09 09:17:54.670000,29473.13,29445,8229,29450,19002,29435,27356,29430,10711
2020-06-09 09:17:55.810000,29473.13,29445,8229,29450,19002,29435,4802,29430,30765
2020-06-09 09:17:56.860000,29473.13,29445,27231,29450,9999,29435,4802,29430,20454
2020-06-09 09:17:57.170000,29473.13,29440,6115,29445,21116,29435,2,29430,25253
2020-06-09 09:17:58.040000,29473.13,29435,15118,29440,11899,29425,4804,29420,30367
2020-06-09 09:17:58.940000,29473.13,29435,6115,29440,20902,29425,27358,29420,10313
2020-06-09 09:18:00.050000,29473.13,29435,6115,29440,20902,29430,4799,29425,22559
2020-06-09 09:18:01.100000,29489.63,29435,6120,29440,20902,29425,27358,29420,10313
2020-06-09 09:18:02.150000,29489.63,29435,7920,29440,20902,29425,27358,29420,10313
2020-06-09 09:18:02.470000,29489.63,29435,6320,29440,20902,29425,27358,29420,10313
2020-06-09 09:18:03.710000,29489.63,29435,5,29440,27017,29430,4799,29425,22559
2020-06-09 09:18:04.180000,29489.63,29445,17232,29450,9999,29435,4815,29430,30365
2020-06-09 09:18:05.040000,29489.63,29440,6120,29445,11117,29435,16,29430,35164
2020-06-09 09:18:05.830000,29489.63,29440,18019,29445,21116,29430,4799,29425,32870
2020-06-09 09:18:06.880000,29489.63,29440,18019,29445,21116,29430,24853,29425,2505
2020-06-09 09:18:07.930000,29489.63,29440,6120,29445,21116,29430,24853,29425,12811
2020-06-09 09:18:08.970000,29489.63,29440,5,29445,27231,29435,4799,29430,20054
2020-06-09 09:18:09.330000,29489.63,29440,5,29445,17233,29435,4799,29430,30365
2020-06-09 09:18:10.090000,29489.63,29440,5,29445,17233,29435,4799,29430,30365
2020-06-09 09:18:10.860000,29492.44,29440,5,29445,27232,29435,4799,29430,20054
2020-06-09 09:18:11.640000,29492.44,29440,5,29445,27237,29435,4799,29430,20054
2020-06-09 09:18:12.340000,29492.44,29440,8020,29445,21122,29430,24853,29425,12811
2020-06-09 09:18:13.200000,29492.44,29440,8020,29445,21122,29430,24853,29425,12811
2020-06-09 09:18:14.430000,29492.44,29440,8020,29445,21122,29430,24853,29425,12811
2020-06-09 09:18:16.340000,29492.44,29440,27022,29445,12119,29430,4799,29425,22554
2020-06-09 09:18:16.750000,29492.44,29440,8020,29445,21122,29430,24853,29425,12811
2020-06-09 09:18:17.540000,29492.44,29440,8020,29445,21122,29435,73,29430,24853
2020-06-09 09:18:18.870000,29492.44,29440,8020,29445,21122,29435,70,29430,24853
2020-06-09 09:18:20.570000,29469.85,29440,5,29445,27237,29435,4869,29430,20054
2020-06-09 09:18:21.620000,29469.85,29440,7220,29445,21122,29435,4869,29430,20054
2020-06-09 09:18:22.130000,29469.85,29440,5,29445,8235,29435,27423,29430,10311
2020-06-09 09:18:22.850000,29469.85,29445,220,29450,6520,29440,4799,29435,32935
2020-06-09 09:18:23.740000,29469.85,29445,220,29450,6520,29440,27353,29435,10381
2020-06-09 09:18:24.760000,29469.85,29450,6520,29455,21325,29445,4819,29440,22554
2020-06-09 09:18:25.810000,29469.85,29445,4819,29450,27422,29440,4799,29435,22624
2020-06-09 09:18:26.200000,29469.85,29450,27422,29455,12322,29440,4799,29435,22624
2020-06-09 09:18:27.370000,29469.85,29450,27422,29455,12322,29440,5099,29435,22624
2020-06-09 09:18:27.740000,29469.85,29445,6115,29450,21307,29435,27423,29425,10311
2020-06-09 09:18:28.950000,29469.85,29440,16114,29445,20902,29435,70,29430,24853
2020-06-09 09:18:29.990000,29469.85,29435,6045,29440,19002,29430,4799,29425,22554
2020-06-09 09:18:30.440000,29484.45,29435,6045,29440,19002,29425,27353,29420,10318
2020-06-09 09:18:31.550000,29484.45,29435,6045,29440,19002,29425,27353,29420,10318
2020-06-09 09:18:32.040000,29484.45,29435,6045,29440,19002,29425,27353,29420,10318
2020-06-09 09:18:33.120000,29484.45,29435,7945,29440,19002,29425,27353,29420,10318
2020-06-09 09:18:34.160000,29484.45,29435,26947,29440,9999,29425,4799,29420,20061
2020-06-09 09:18:34.660000,29484.45,29430,6045,29435,20892,29425,4799,29420,20056
2020-06-09 09:18:35.720000,29484.45,29430,6695,29435,20892,29425,4799,29420,20056
2020-06-09 09:18:36.770000,29484.45,29430,6695,29435,20892,29420,24855,29415,12811
2020-06-09 09:18:37.040000,29484.45,29430,7695,29435,20892,29420,24855,29415,12811
2020-06-09 09:18:37.830000,29484.45,29430,6695,29435,20892,29420,24855,29415,12811
2020-06-09 09:18:38.880000,29484.45,29430,8595,29435,20892,29420,4801,29415,32865
2020-06-09 09:18:39.930000,29484.45,29430,27597,29435,11889,29420,4801,29415,22554
2020-06-09 09:18:40.330000,29481.48,29430,6695,29435,20892,29420,24855,29415,12811
2020-06-09 09:18:41.240000,29481.48,29430,8595,29435,20892,29420,24855,29415,12811
2020-06-09 09:18:42.180000,29481.48,29430,27697,29435,11889,29420,4811,29415,22554
2020-06-09 09:18:42.970000,29481.48,29430,25697,29435,11889,29420,4811,29415,22554
2020-06-09 09:18:44.250000,29481.48,29430,25697,29435,11889,29420,4845,29415,22554
2020-06-09 09:18:44.640000,29481.48,29430,15698,29435,11889,29420,4845,29415,32865
2020-06-09 09:18:45.820000,29481.48,29430,25697,29435,11889,29420,4845,29415,22554
2020-06-09 09:18:46.170000,29481.48,29430,15698,29435,11889,29420,4845,29415,32865
2020-06-09 09:18:47.390000,29481.48,29430,6695,29435,20892,29420,24899,29415,12811
2020-06-09 09:18:47.840000,29481.48,29430,17398,29435,11889,29420,4845,29415,32865
2020-06-09 09:18:48.950000,29481.48,29430,650,29435,7935,29425,27353,29420,10357
2020-06-09 09:18:49.430000,29481.48,29440,25047,29445,11999,29430,4799,29425,22554
2020-06-09 09:18:50.510000,29481.48,29435,6045,29440,19002,29425,27353,29420,10357
2020-06-09 09:18:51.040000,29471.95,29435,6045,29440,19002,29425,27353,29420,10357
2020-06-09 09:18:51.870000,29471.95,29435,6045,29440,19002,29425,27353,29420,10323
2020-06-09 09:18:53.120000,29471.95,29430,6045,29435,21002,29425,4799,29420,20066
2020-06-09 09:18:53.630000,29471.95,29435,27046,29440,9999,29425,4799,29420,20066
2020-06-09 09:18:54.480000,29471.95,29440,25046,29445,11999,29430,4799,29425,22554
2020-06-09 09:18:55.730000,29471.95,29440,16043,29445,21002,29430,24853,29425,2500
2020-06-09 09:18:56.270000,29471.95,29440,6044,29445,21002,29430,24853,29425,12811
2020-06-09 09:18:57.320000,29471.95,29440,6044,29445,21002,29430,24853,29425,12811
2020-06-09 09:18:57.950000,29471.95,29440,6044,29445,21002,29430,24853,29425,12811
2020-06-09 09:18:58.900000,29471.95,29440,27046,29445,11999,29430,4799,29425,22554
2020-06-09 09:18:59.960000,29471.95,29440,27046,29445,11999,29430,4796,29425,22554
2020-06-09 09:19:01.160000,29464.93,29440,27046,29445,11999,29430,4807,29425,22554
2020-06-09 09:19:02.080000,29464.93,29440,6744,29445,21002,29430,24861,29425,12811
2020-06-09 09:19:03.150000,29464.93,29440,17747,29445,11999,29430,4807,29425,32865
2020-06-09 09:19:04.210000,29464.93,29440,27746,29445,11999,29430,4807,29425,22554
2020-06-09 09:19:04.660000,29464.93,29435,25046,29440,12699,29430,11,29425,4796
2020-06-09 09:19:05.470000,29464.93,29435,16043,29440,21702,29425,27350,29420,12
2020-06-09 09:19:06.330000,29464.93,29440,8744,29445,21002,29430,24850,29425,12811
2020-06-09 09:19:07.360000,29464.93,29440,27846,29445,12000,29430,4796,29425,22554
2020-06-09 09:19:07.940000,29464.93,29435,16043,29440,21922,29425,27350,29420,12
2020-06-09 09:19:08.770000,29464.93,29430,6044,29435,21102,29420,24862,29415,12811
2020-06-09 09:19:10.020000,29464.93,29435,27146,29440,12919,29425,4796,29420,20186
2020-06-09 09:19:10.470000,29469.57,29435,16043,29440,21922,29425,27350,29420,132
2020-06-09 09:19:11.580000,29469.57,29440,27966,29445,12000,29430,4796,29425,22554
2020-06-09 09:19:12.630000,29469.57,29435,6044,29440,21922,29430,4796,29425,22554
2020-06-09 09:19:13.670000,29469.57,29435,17047,29440,12919,29425,4796,29420,30497
2020-06-09 09:19:14.750000,29469.57,29435,27046,29440,12919,29425,4796,29420,20186
2020-06-09 09:19:16.860000,29469.57,29435,27046,29440,12919,29425,4796,29420,20186
2020-06-09 09:19:17.440000,29469.57,29430,6044,29435,21002,29425,4796,29420,20186
2020-06-09 09:19:18.240000,29469.57,29435,27046,29440,12919,29425,4796,29420,20186
2020-06-09 09:19:19.030000,29469.57,29440,27966,29445,12000,29430,4796,29425,22554
2020-06-09 09:19:19.880000,29460.47,29440,7079,29445,21003,29430,24850,29425,12811
2020-06-09 09:19:20.640000,29460.47,29440,1035,29445,27047,29435,4796,29430,20054
2020-06-09 09:19:21.610000,29460.47,29440,1035,29445,27047,29435,4795,29430,20054
2020-06-09 09:19:23.190000,29460.47,29440,9179,29445,21003,29430,24849,29425,12811
2020-06-09 09:19:24.250000,29460.47,29440,1035,29445,27047,29435,4795,29430,20054
2020-06-09 09:19:24.670000,29460.47,29440,1035,29445,27047,29435,4795,29430,20054
2020-06-09 09:19:25.470000,29460.47,29440,1035,29445,18044,29435,27349,29425,10311
2020-06-09 09:19:26.360000,29460.47,29440,9179,29445,21003,29430,24849,29425,12811
2020-06-09 09:19:26.940000,29460.47,29440,9179,29445,21003,29430,4795,29425,32865
2020-06-09 09:19:27.730000,29460.47,29440,28181,29445,12000,29430,4795,29425,22554
2020-06-09 09:19:28.630000,29460.47,29435,6044,29440,22137,29425,27349,29420,10443
2020-06-09 09:19:29.370000,29460.47,29440,28181,29445,12000,29430,4795,29425,22554
2020-06-09 09:19:30.980000,29476.17,29435,27126,29440,13134,29425,4795,29420,3728
2020-06-09 09:19:31.870000,29476.17,29435,8104,29440,22137,29425,8391,29420,10443
2020-06-09 09:19:32.740000,29476.17,29435,27106,29440,13134,29425,4795,29420,3728
2020-06-09 09:19:33.820000,29476.17,29435,27106,29440,13134,29425,4795,29420,3608
2020-06-09 09:19:35.660000,29476.17,29430,6004,29435,21102,29425,4795,29420,3608
2020-06-09 09:19:36.440000,29476.17,29430,2100,29435,27106,29425,4795,29420,3608
2020-06-09 09:19:37.940000,29476.17,29430,5,29435,27106,29425,4795,29420,3608
2020-06-09 09:19:38.540000,29476.17,29430,2105,29435,27106,29425,4795,29420,3608
2020-06-09 09:19:39.610000,29476.17,29430,5,29435,18103,29425,8391,29420,12
2020-06-09 09:19:40.680000,29481.05,29440,9139,29445,21003,29430,8406,29425,10311
2020-06-09 09:19:41.140000,29481.05,29440,7039,29445,21003,29435,4790,29430,3616
2020-06-09 09:19:42.250000,29481.05,29440,1035,29445,17008,29435,4790,29430,13927
2020-06-09 09:19:42.770000,29481.05,29440,1048,29445,18004,29435,8386,29430,20
2020-06-09 09:19:43.820000,29481.05,29445,6105,29450,21411,29440,3722,29435,3596
2020-06-09 09:19:44.440000,29481.05,29445,6105,29450,21411,29440,3722,29435,3596
2020-06-09 09:19:45.420000,29481.05,29445,8205,29450,21411,29440,3722,29435,3600
2020-06-09 09:19:46.460000,29481.05,29440,3722,29445,18204,29435,9800,29430,20
2020-06-09 09:19:46.770000,29481.05,29445,27207,29450,12408,29435,6204,29430,3616
2020-06-09 09:19:47.530000,29481.05,29445,8205,29450,21411,29435,9800,29430,20
2020-06-09 09:19:48.580000,29481.05,29445,8205,29450,21411,29435,9800,29430,10331
2020-06-09 09:19:49.640000,29481.05,29445,27207,29450,12408,29435,6204,29430,3616
2020-06-09 09:19:50.030000,29481.05,29440,6004,29445,21203,29435,4,29430,9816
2020-06-09 09:19:51.220000,29460.65,29440,8084,29445,21203,29435,4,29430,9816
2020-06-09 09:19:51.670000,29460.65,29435,5984,29440,21102,29430,6220,29425,3596
2020-06-09 09:19:52.780000,29460.65,29435,8084,29440,21102,29430,6220,29425,3596
2020-06-09 09:19:53.340000,29460.65,29435,8084,29440,21102,29430,20,29425,9796
2020-06-09 09:19:55.550000,29460.65,29435,8085,29440,21102,29430,20,29425,9796
2020-06-09 09:19:56.270000,29460.65,29435,1,29440,27086,29430,6220,29425,3596
2020-06-09 09:19:56.980000,29460.65,29435,1,29440,27086,29430,6220,29425,3596
2020-06-09 09:19:58.030000,29460.65,29435,386,29440,27086,29430,6220,29425,3596
2020-06-09 09:19:58.470000,29460.65,29435,8370,29440,21102,29430,6220,29425,3596
2020-06-09 09:19:59.340000,29459.7,29435,8370,29440,21102,29430,6220,29425,3596
2020-06-09 09:20:00.240000,29459.7,29435,1686,29440,27086,29430,6220,29425,3596
2020-06-09 09:20:01.240000,29459.7,29435,8170,29440,21102,29430,6220,29425,3596
2020-06-09 09:20:02.340000,29459.7,29435,8180,29440,21102,29430,6220,29425,3596
2020-06-09 09:20:03.300000,29459.7,29435,2196,29440,27086,29430,6220,29425,3596
2020-06-09 09:20:04.400000,29459.7,29435,8180,29440,21102,29430,6220,29425,3596
2020-06-09 09:20:05.440000,29459.7,29435,8395,29440,21102,29425,12296,29420,10358
2020-06-09 09:20:06.490000,29459.7,29435,8395,29440,21102,29430,7500,29425,12296
2020-06-09 09:20:07.040000,29459.7,29435,8395,29440,21102,29430,7500,29425,12296
2020-06-09 09:20:08.580000,29459.7,29435,411,29440,8084,29430,17296,29425,12811
2020-06-09 09:20:09.630000,29459.7,29435,411,29440,8084,29430,17296,29425,12811
2020-06-09 09:20:10.240000,29476.16,29430,3043,29435,27397,29425,6200,29420,3643
2020-06-09 09:20:11.240000,29476.16,29430,2434,29435,27397,29425,6200,29420,3643
2020-06-09 09:20:12.250000,29476.16,29430,8418,29435,21413,29420,13747,29415,16407
2020-06-09 09:20:13.320000,29476.16,29425,5984,29430,21436,29420,13730,29415,6096
2020-06-09 09:20:14.360000,29476.16,29425,5984,29430,21436,29420,13730,29415,6096
2020-06-09 09:20:14.940000,29476.16,29430,17427,29435,12410,29420,13730,29415,16407
2020-06-09 09:20:15.830000,29476.16,29430,27426,29435,12410,29420,13730,29415,6096
2020-06-09 09:20:16.770000,29476.16,29430,8424,29435,21413,29420,17326,29415,12811
2020-06-09 09:20:18.050000,29476.16,29430,17427,29435,12410,29420,13768,29415,16407
2020-06-09 09:20:18.530000,29476.16,29425,5984,29430,21442,29420,13768,29415,6096
2020-06-09 09:20:19.610000,29476.16,29420,7434,29425,19002,29415,2204,29410,13742
2020-06-09 09:20:20.660000,29454.54,29415,5934,29420,19002,29410,6446,29405,12206
2020-06-09 09:20:21.700000,29454.54,29415,5934,29420,19002,29410,246,29405,18406
2020-06-09 09:20:22.750000,29454.54,29420,5934,29425,19002,29415,7500,29410,12542
2020-06-09 09:20:23.800000,29454.54,29420,5934,29425,19002,29415,7500,29410,12542
2020-06-09 09:20:25.230000,29454.54,29420,5934,29425,19002,29415,7500,29410,12542
2020-06-09 09:20:26.420000,29454.54,29415,28832,29420,9999,29410,246,29405,14810
2020-06-09 09:20:26.940000,29454.54,29410,5934,29415,19002,29405,13910,29400,7338
2020-06-09 09:20:27.770000,29454.54,29410,5934,29415,19002,29405,7510,29400,13538
2020-06-09 09:20:28.680000,29454.54,29405,5934,29410,19002,29400,42,29395,18496
2020-06-09 09:20:29.740000,29454.54,29400,5892,29405,9003,29395,8700,29390,23823
2020-06-09 09:20:30.740000,29444.72,29400,5892,29405,19002,29395,7500,29390,13512
2020-06-09 09:20:34.410000,29444.72,29400,5892,29405,19002,29395,7500,29390,13512
2020-06-09 09:20:36.540000,29444.72,29400,5892,29405,19002,29395,7500,29390,13512
2020-06-09 09:20:37.600000,29444.72,29400,5892,29405,19002,29395,7500,29390,13512
2020-06-09 09:20:37.970000,29444.72,29395,24894,29400,9999,29390,16,29385,7400
2020-06-09 09:20:39.190000,29444.72,29390,5876,29395,19002,29380,18618,29375,12861
2020-06-09 09:20:39.540000,29444.72,29395,24878,29400,9999,29385,6200,29380,12418
2020-06-09 09:20:40.770000,29424.64,29395,24878,29400,9999,29385,6200,29380,12418
2020-06-09 09:20:41.180000,29424.64,29395,5876,29400,19002,29390,13698,29385,6096
2020-06-09 09:20:42.350000,29424.64,29395,5876,29400,19002,29390,7498,29385,12296
2020-06-09 09:20:43.410000,29424.64,29400,25202,29405,9999,29390,13698,29385,6096
2020-06-09 09:20:44.470000,29424.64,29405,25200,29410,10000,29395,15612,29390,8196
2020-06-09 09:20:44.830000,29424.64,29405,25200,29410,10000,29395,15612,29390,8196
2020-06-09 09:20:46.050000,29424.64,29405,6198,29410,19003,29395,19208,29390,14911
2020-06-09 09:20:46.640000,29424.64,29405,16197,29410,19003,29395,19208,29390,4600
2020-06-09 09:20:47.630000,29424.64,29405,6198,29410,19003,29400,17,29395,19208
2020-06-09 09:20:48.670000,29424.64,29405,17301,29410,10000,29400,17,29395,15612
2020-06-09 09:20:49.060000,29424.64,29405,17516,29410,10000,29400,17,29395,15612
2020-06-09 09:20:50.250000,29424.64,29405,6413,29410,19003,29400,8317,29395,13008
2020-06-09 09:20:50.850000,29426.94,29405,215,29410,25201,29400,8312,29395,13008
2020-06-09 09:20:51.810000,29426.94,29410,6199,29415,19002,29405,7312,29400,14193
2020-06-09 09:20:52.860000,29426.94,29410,6199,29415,19002,29405,7312,29400,14193
2020-06-09 09:20:53.270000,29426.94,29410,27301,29415,9999,29400,8097,29395,13008
2020-06-09 09:20:54.450000,29426.94,29410,16198,29415,19002,29405,7312,29400,14193
2020-06-09 09:20:54.840000,29426.94,29410,16198,29415,19002,29405,7500,29400,14193
2020-06-09 09:20:56.030000,29426.94,29410,1,29415,25200,29405,13785,29400,8208
2020-06-09 09:20:56.530000,29426.94,29410,9399,29415,19002,29405,13485,29400,8208
2020-06-09 09:20:57.610000,29426.94,29410,8699,29415,19002,29405,7500,29400,14193
2020-06-09 09:20:58.030000,29426.94,29410,2501,29415,25200,29405,15585,29400,8208
2020-06-09 09:20:58.760000,29426.94,29415,6198,29420,19002,29405,19181,29400,14923
2020-06-09 09:20:59.730000,29426.89,29415,6198,29420,19002,29410,5985,29405,13196
2020-06-09 09:21:00.800000,29426.89,29415,27400,29420,9999,29405,15585,29400,8208
2020-06-09 09:21:01.260000,29426.89,29405,15201,29410,9999,29400,2112,29395,15585
2020-06-09 09:21:02.140000,29426.89,29405,6164,29410,19002,29400,2212,29395,19181
2020-06-09 09:21:03.040000,29426.89,29405,17367,29410,9999,29400,9,29395,15585
2020-06-09 09:21:03.870000,29426.89,29405,27357,29410,9999,29395,15585,29390,8196
2020-06-09 09:21:05.040000,29426.89,29405,6155,29410,19002,29395,19181,29390,14911
2020-06-09 09:21:05.540000,29426.89,29405,17358,29410,9999,29395,15585,29390,18507
2020-06-09 09:21:06.620000,29426.89,29405,18654,29410,19002,29395,19181,29390,4600
2020-06-09 09:21:07.160000,29426.89,29405,8655,29410,19002,29400,10,29395,19181
2020-06-09 09:21:08.210000,29426.89,29410,15158,29415,12199,29400,8195,29395,21007
2020-06-09 09:21:09.260000,29426.89,29410,25157,29415,12199,29400,8195,29395,13196
2020-06-09 09:21:10.820000,29430.65,29405,16154,29410,19002,29400,10,29395,19181
2020-06-09 09:21:11.330000,29430.65,29405,6155,29410,19002,29400,5995,29395,13196
2020-06-09 09:21:12.180000,29430.65,29405,17358,29410,9999,29400,10,29395,15585
2020-06-09 09:21:13.030000,29430.65,29405,17356,29410,9999,29400,10,29395,15585
2020-06-09 09:21:13.840000,29430.65,29410,25155,29415,12199,29400,8195,29395,13196
2020-06-09 09:21:15.050000,29430.65,29410,25155,29415,12199,29400,8195,29395,13196
2020-06-09 09:21:15.560000,29430.65,29410,6153,29415,21202,29405,7500,29400,14291
2020-06-09 09:21:16.610000,29430.65,29410,6153,29415,21202,29405,7500,29400,14291
2020-06-09 09:21:17.940000,29430.65,29410,6153,29415,21202,29405,7500,29400,14291
2020-06-09 09:21:19.750000,29430.65,29410,6153,29415,21202,29405,7500,29400,14291
2020-06-09 09:21:20.260000,29424.33,29410,6153,29415,21202,29405,7500,29400,14291
2020-06-09 09:21:21.340000,29424.33,29410,27355,29415,12199,29400,8195,29395,12196
2020-06-09 09:21:21.930000,29424.33,29410,17356,29415,12199,29400,8195,29395,22507
2020-06-09 09:21:22.920000,29424.33,29410,8353,29415,21202,29405,6500,29400,14291
2020-06-09 09:21:23.960000,29424.33,29405,4944,29410,15156,29400,8195,29395,22507
2020-06-09 09:21:24.460000,29424.33,29410,15156,29415,9999,29400,8195,29395,22507
2020-06-09 09:21:25.540000,29424.33,29405,25155,29410,12199,29400,10,29395,14585
2020-06-09 09:21:26.600000,29424.33,29405,25155,29410,12199,29400,10,29395,14585
2020-06-09 09:21:26.960000,29424.33,29400,6143,29405,19002,29395,8600,29390,14181
2020-06-09 09:21:27.740000,29424.33,29405,25145,29410,12199,29395,14585,29390,8196
2020-06-09 09:21:29.070000,29424.33,29405,25145,29410,12199,29395,14585,29390,8196
2020-06-09 09:21:30.820000,29426.07,29400,6143,29405,19002,29395,8600,29390,14181
2020-06-09 09:21:32.130000,29426.07,29400,27445,29405,9999,29390,14585,29385,6096
2020-06-09 09:21:33.080000,29426.07,29395,27411,29400,12514,29385,5983,29380,11418
2020-06-09 09:21:35.140000,29426.07,29400,27626,29405,9999,29390,12483,29385,6096
2020-06-09 09:21:36.670000,29426.07,29400,15327,29405,9999,29390,12483,29385,16407
2020-06-09 09:21:37.750000,29426.07,29400,15327,29405,9999,29390,12483,29385,16407
2020-06-09 09:21:38.270000,29426.07,29400,25326,29405,9999,29390,12483,29385,6096
2020-06-09 09:21:39.310000,29426.07,29400,25326,29405,9999,29390,12483,29385,6096
2020-06-09 09:21:39.670000,29426.07,29395,15112,29400,12514,29385,5983,29380,21729
2020-06-09 09:21:40.530000,29423.86,29400,17627,29405,9999,29395,2500,29390,12483
2020-06-09 09:21:41.440000,29423.86,29395,6200,29400,21517,29390,12473,29385,6096
2020-06-09 09:21:42.340000,29423.86,29390,6200,29395,19002,29380,13795,29375,16457
2020-06-09 09:21:43.520000,29423.86,29400,25417,29405,9999,29390,14973,29385,6096
2020-06-09 09:21:44.140000,29423.86,29395,6200,29400,21317,29390,9000,29385,12069
2020-06-09 09:21:44.970000,29423.86,29395,27497,29400,12314,29390,2503,29385,5973
2020-06-09 09:21:46.150000,29423.86,29395,6195,29400,21317,29390,14976,29385,6096
2020-06-09 09:21:46.550000,29423.86,29395,27497,29400,12314,29390,2503,29385,5973
2020-06-09 09:21:47.720000,29423.86,29390,6195,29395,21302,29385,5973,29380,11418
2020-06-09 09:21:48.170000,29423.86,29390,435,29395,27497,29385,5973,29380,11418
2020-06-09 09:21:49.290000,29423.86,29390,8917,29395,21302,29380,12595,29375,16457
2020-06-09 09:21:50.340000,29423.86,29390,27919,29395,12299,29380,12595,29375,6146
2020-06-09 09:21:50.670000,29406.76,29390,8917,29395,21302,29380,12595,29375,16457
2020-06-09 09:21:51.920000,29406.76,29390,17920,29395,12299,29380,12595,29375,16457
2020-06-09 09:21:52.970000,29406.76,29385,6195,29390,21723,29380,12595,29375,6146
2020-06-09 09:21:53.430000,29406.76,29385,6895,29390,19423,29380,12594,29375,6146
2020-06-09 09:21:54.540000,29406.76,29385,6195,29390,19423,29380,6655,29375,12119
2020-06-09 09:21:55.070000,29406.76,29385,17598,29390,10420,29380,155,29375,6023
2020-06-09 09:21:56.120000,29406.76,29380,8440,29385,19002,29375,50,29370,16083
2020-06-09 09:21:57.170000,29406.76,29380,27392,29385,9999,29370,12487,29365,6096
2020-06-09 09:21:57.460000,29406.76,29375,5990,29380,21402,29370,12487,29365,6096
2020-06-09 09:21:58.740000,29406.76,29380,25192,29385,9999,29370,12487,29365,6096
2020-06-09 09:21:59.040000,29406.76,29380,25192,29385,9999,29370,12487,29365,6096
2020-06-09 09:21:59.880000,29406.76,29375,24992,29380,12399,29370,14,29365,12473
2020-06-09 09:22:01.960000,29400.16,29380,26092,29385,9999,29370,12473,29365,6096
2020-06-09 09:22:03.000000,29400.16,29375,24992,29380,12399,29365,12977,29360,12712
2020-06-09 09:22:04.050000,29400.16,29375,24992,29380,12399,29370,30,29365,12977
2020-06-09 09:22:04.440000,29400.16,29370,5990,29375,21402,29365,7004,29360,18685
2020-06-09 09:22:05.610000,29400.16,29370,24992,29375,9999,29360,8489,29355,11712
2020-06-09 09:22:06.030000,29400.16,29370,5990,29375,19002,29365,6500,29360,14585
2020-06-09 09:22:07.170000,29400.16,29375,5990,29380,19002,29370,6500,29365,12069
2020-06-09 09:22:07.740000,29400.16,29375,8390,29380,19002,29370,9000,29365,12069
2020-06-09 09:22:08.640000,29400.16,29380,24992,29385,9999,29370,14973,29365,6096
2020-06-09 09:22:09.810000,29400.16,29375,5990,29380,21502,29370,14973,29365,6096
2020-06-09 09:22:10.230000,29398.65,29375,7290,29380,19002,29370,14973,29365,6096
2020-06-09 09:22:11.370000,29398.65,29375,8490,29380,19002,29370,9000,29365,12069
2020-06-09 09:22:12.440000,29398.65,29375,24992,29380,9999,29365,12473,29360,8612
2020-06-09 09:22:12.870000,29398.65,29370,8090,29375,19002,29360,26254,29355,8939
2020-06-09 09:22:14.010000,29398.65,29375,5990,29380,19002,29370,8716,29365,26254
2020-06-09 09:22:15.250000,29398.65,29375,7790,29380,19002,29370,8716,29365,26254
2020-06-09 09:22:16.120000,29398.65,29370,5990,29375,20802,29365,6200,29360,20054
2020-06-09 09:22:16.730000,29398.65,29370,881,29375,24992,29365,6200,29360,20054
2020-06-09 09:22:17.720000,29398.65,29375,14993,29380,9999,29365,13700,29360,28993
2020-06-09 09:22:18.780000,29398.65,29375,14993,29380,9999,29365,13700,29360,28993
2020-06-09 09:22:19.230000,29398.65,29375,5991,29380,19002,29370,7500,29365,26254
2020-06-09 09:22:20.370000,29398.65,29375,14994,29380,9999,29365,13700,29360,28993
2020-06-09 09:22:20.840000,29376.61,29375,24993,29380,9999,29365,13700,29360,20054
2020-06-09 09:22:21.950000,29376.61,29370,5990,29375,19003,29365,7500,29360,26254
2020-06-09 09:22:22.540000,29376.61,29375,24993,29380,9999,29365,13700,29360,20054
2020-06-09 09:22:23.370000,29376.61,29375,24993,29380,9999,29365,13700,29360,20054
2020-06-09 09:22:25.140000,29376.61,29375,24993,29380,9999,29365,13734,29360,20054
2020-06-09 09:22:26.200000,29376.61,29370,5980,29375,19003,29365,13734,29360,20054
2020-06-09 09:22:26.570000,29376.61,29375,24983,29380,9999,29365,13734,29360,20054
2020-06-09 09:22:28.310000,29376.61,29375,24983,29380,9999,29365,13734,29360,20054
2020-06-09 09:22:28.630000,29376.61,29370,5980,29375,19003,29365,7534,29360,26254
2020-06-09 09:22:29.370000,29367.3,29370,24982,29375,10000,29360,6201,29355,28438
2020-06-09 09:22:30.420000,29367.3,29370,24982,29375,10000,29360,6201,29355,28438
2020-06-09 09:22:31.040000,29367.3,29365,5980,29370,19002,29360,6201,29355,28438
2020-06-09 09:22:32.010000,29367.3,29360,14983,29365,9999,29355,884,29350,8700
2020-06-09 09:22:33.070000,29367.3,29350,15969,29355,19002,29345,8500,29340,29769
2020-06-09 09:22:34.130000,29367.3,29350,15969,29355,19002,29345,7500,29340,29769
2020-06-09 09:22:35.200000,29367.3,29345,1800,29350,24972,29340,14715,29335,22554
2020-06-09 09:22:36.260000,29367.3,29350,15968,29355,19002,29345,9250,29340,28769
2020-06-09 09:22:36.660000,29367.3,29350,24971,29355,9999,29345,1800,29340,13665
2020-06-09 09:22:37.850000,29367.3,29345,3987,29350,19002,29340,7465,29335,28754
2020-06-09 09:22:38.370000,29367.3,29345,23004,29350,9999,29340,15,29335,6200
2020-06-09 09:22:40.490000,29366.38,29340,6200,29345,19617,29335,6200,29330,27516
2020-06-09 09:22:41.550000,29366.38,29340,6200,29345,19617,29335,6200,29330,27517
2020-06-09 09:22:41.970000,29366.38,29340,6200,29345,19017,29330,33717,29325,11439
2020-06-09 09:22:43.150000,29366.38,29340,6200,29345,19017,29330,33717,29325,11439
2020-06-09 09:22:43.660000,29366.38,29335,6200,29340,19502,29330,13663,29325,22554
2020-06-09 09:22:44.740000,29366.38,29335,6200,29340,19502,29330,7463,29325,28754
2020-06-09 09:22:45.240000,29366.38,29330,2600,29335,25202,29320,33717,29315,11441
2020-06-09 09:22:46.320000,29366.38,29330,6200,29335,19002,29320,33717,29315,11441
2020-06-09 09:22:46.830000,29366.38,29335,25202,29340,9999,29325,6200,29320,27517
2020-06-09 09:22:47.910000,29366.38,29330,6200,29335,19002,29320,33717,29315,11441
2020-06-09 09:22:48.360000,29366.38,29330,6200,29335,19002,29325,1701,29320,33717
2020-06-09 09:22:49.500000,29366.38,29330,6200,29335,19002,29325,3201,29320,33717
2020-06-09 09:22:50.030000,29366.38,29340,25202,29345,10024,29330,22350,29325,25755
2020-06-09 09:22:51.140000,29358.15,29340,6200,29345,19027,29330,42408,29325,14640
2020-06-09 09:22:52.670000,29358.15,29335,6200,29340,19402,29330,22454,29325,25755
2020-06-09 09:22:53.030000,29358.15,29335,6200,29340,19402,29330,16254,29325,31955
2020-06-09 09:22:54.250000,29358.15,29340,25602,29345,10024,29330,22454,29325,25755
2020-06-09 09:22:54.670000,29358.15,29340,6200,29345,19027,29330,42508,29325,14640
2020-06-09 09:22:55.810000,29358.15,29340,6200,29345,19027,29330,42508,29325,14640
2020-06-09 09:22:56.270000,29358.15,29340,25402,29345,10024,29330,22454,29325,25755
2020-06-09 09:22:57.060000,29358.15,29335,6200,29340,19202,29330,16254,29325,31955
2020-06-09 09:22:57.910000,29358.15,29335,25422,29340,10199,29330,8804,29325,9401
2020-06-09 09:22:58.380000,29358.15,29335,25322,29340,9999,29325,9401,29320,27532
2020-06-09 09:22:59.480000,29358.15,29330,6166,29335,19122,29325,3171,29320,33732
2020-06-09 09:22:59.770000,29358.15,29330,25168,29335,10119,29325,3171,29320,13678
2020-06-09 09:23:00.640000,29373.23,29325,5800,29330,19002,29320,7478,29315,28756
2020-06-09 09:23:01.590000,29373.23,29330,5800,29335,19122,29325,2285,29320,33732
2020-06-09 09:23:03.730000,29373.23,29330,6200,29335,19122,29325,1,29320,33732
2020-06-09 09:23:04.230000,29373.23,29335,16319,29340,19002,29330,9950,29325,28755
2020-06-09 09:23:05.290000,29373.23,29335,25322,29340,9999,29325,6201,29320,27532
2020-06-09 09:23:06.730000,29373.23,29335,25322,29340,9999,29325,6201,29320,27532
2020-06-09 09:23:07.920000,29373.23,29335,25322,29340,10000,29325,6201,29320,27532
2020-06-09 09:23:08.430000,29373.23,29335,25322,29340,10000,29325,6201,29320,27532
2020-06-09 09:23:09.930000,29358.97,29335,6320,29340,19003,29330,7450,29325,28753
2020-06-09 09:23:11.070000,29358.97,29335,121,29340,25203,29330,13634,29325,22554
2020-06-09 09:23:12.120000,29358.97,29335,25202,29340,10000,29325,6199,29320,27517
2020-06-09 09:23:12.540000,29358.97,29340,25203,29345,10010,29330,13634,29325,22554
2020-06-09 09:23:13.710000,29358.97,29340,25203,29345,10010,29330,13634,29325,22554
2020-06-09 09:23:15.840000,29358.97,29340,25203,29345,10010,29330,13629,29325,22554
2020-06-09 09:23:16.920000,29358.97,29340,25203,29345,10010,29330,13629,29325,22554
2020-06-09 09:23:17.980000,29358.97,29340,15204,29345,10010,29330,13629,29325,31493
2020-06-09 09:23:18.540000,29358.97,29340,1,29345,25213,29335,6199,29330,27484
2020-06-09 09:23:19.430000,29358.97,29340,6200,29345,19013,29335,6199,29330,27484
2020-06-09 09:23:20.590000,29335.85,29340,15203,29345,10010,29330,13629,29325,31493
2020-06-09 09:23:21.630000,29335.85,29340,15203,29345,10010,29330,13663,29325,31493
2020-06-09 09:23:22.680000,29335.85,29345,15214,29350,10000,29340,2500,29335,6199
2020-06-09 09:23:23.730000,29335.85,29345,11,29350,25203,29340,16129,29335,22554
2020-06-09 09:23:24.770000,29335.85,29345,412,29350,25203,29340,16129,29335,22554
2020-06-09 09:23:25.240000,29335.85,29345,34,29350,25203,29340,16129,29335,22554
2020-06-09 09:23:26.350000,29335.85,29350,25203,29355,10000,29340,16129,29335,22554
2020-06-09 09:23:27.400000,29335.85,29350,24933,29355,10000,29340,16129,29335,22554
2020-06-09 09:23:27.870000,29335.85,29350,24933,29355,10000,29340,16129,29335,22554
2020-06-09 09:23:28.770000,29335.85,29345,5931,29350,19002,29340,9930,29335,28753
2020-06-09 09:23:29.540000,29335.85,29345,5931,29350,19002,29340,16129,29335,22554
2020-06-09 09:23:30.610000,29357.27,29350,24933,29355,10000,29340,16129,29335,22554
2020-06-09 09:23:31.070000,29357.27,29345,24933,29350,9999,29340,2500,29335,6199
2020-06-09 09:23:32.180000,29357.27,29350,5931,29355,19003,29345,7430,29340,31131
2020-06-09 09:23:33.220000,29357.27,29355,24934,29360,10000,29345,13629,29340,24932
2020-06-09 09:23:33.660000,29357.27,29350,24933,29355,10000,29340,16007,29335,22554
2020-06-09 09:23:34.820000,29357.27,29345,5951,29350,19002,29340,16007,29335,22554
2020-06-09 09:23:35.330000,29357.27,29345,5951,29350,19002,29340,9808,29335,28753
2020-06-09 09:23:36.140000,29357.27,29345,20,29350,24933,29340,16007,29335,22554
2020-06-09 09:23:36.890000,29357.27,29345,5917,29350,19002,29340,9808,29335,28753
2020-06-09 09:23:37.970000,29357.27,29350,25202,29355,10000,29345,1513,29340,8577
2020-06-09 09:23:38.330000,29357.27,29350,23689,29355,10000,29340,8577,29335,22554
2020-06-09 09:23:39.550000,29357.27,29345,23689,29350,9999,29340,2378,29335,6199
2020-06-09 09:23:39.850000,29357.27,29345,23689,29350,9999,29340,2378,29335,6199
2020-06-09 09:23:41.110000,29355.22,29345,4687,29350,19002,29340,16077,29335,22554
2020-06-09 09:23:42.470000,29355.22,29350,4687,29355,19003,29345,13694,29340,24932
2020-06-09 09:23:43.720000,29355.22,29350,13690,29355,10000,29340,16072,29335,31493
2020-06-09 09:23:44.030000,29355.22,29350,23689,29355,10000,29340,16072,29335,22554
2020-06-09 09:23:44.830000,29355.22,29345,23689,29350,9999,29340,2378,29335,6199
2020-06-09 09:23:45.810000,29355.22,29345,13904,29350,9999,29340,2378,29335,6199
2020-06-09 09:23:46.440000,29355.22,29345,25416,29350,9999,29335,6199,29330,27583
2020-06-09 09:23:47.440000,29355.22,29340,9999,29345,25416,29335,6199,29330,27583
2020-06-09 09:23:48.450000,29355.22,29345,25416,29350,9999,29335,6199,29330,27583
2020-06-09 09:23:50.560000,29368.77,29345,25416,29350,9999,29335,6199,29330,27583
2020-06-09 09:23:51.140000,29368.77,29345,25416,29350,9999,29335,6199,29330,27583
2020-06-09 09:23:51.950000,29368.77,29345,25416,29350,9999,29335,6199,29330,27583
2020-06-09 09:23:53.220000,29368.77,29345,25416,29350,9999,29335,6199,29330,27583
2020-06-09 09:23:53.640000,29368.77,29345,214,29350,25202,29340,13694,29335,22588
2020-06-09 09:23:54.780000,29368.77,29345,25416,29350,9999,29335,6233,29330,27583
2020-06-09 09:23:55.340000,29368.77,29345,25416,29350,9999,29335,6233,29330,27583
2020-06-09 09:23:56.870000,29368.77,29345,25416,29350,9999,29335,6233,29330,27583
2020-06-09 09:23:58.230000,29368.77,29345,25416,29350,9999,29335,6233,29330,27583
2020-06-09 09:24:00.070000,29368.77,29340,25202,29345,10213,29335,34,29330,13728
2020-06-09 09:24:00.570000,29346.98,29335,9999,29340,25168,29330,13728,29325,22554
2020-06-09 09:24:01.650000,29346.98,29340,9999,29345,25382,29335,6000,29330,33782
2020-06-09 09:24:02.710000,29346.98,29340,25168,29345,10213,29335,6000,29330,13728
2020-06-09 09:24:03.260000,29346.98,29340,25168,29345,10213,29330,13728,29325,22554
2020-06-09 09:24:04.730000,29346.98,29340,25168,29345,10213,29330,13528,29325,22554
2020-06-09 09:24:06.420000,29346.98,29335,6166,29340,19002,29325,6199,29320,36350
2020-06-09 09:24:06.930000,29346.98,29335,15101,29340,9999,29325,8199,29320,36350
2020-06-09 09:24:08.510000,29346.98,29340,25100,29345,10213,29330,13528,29325,24554
2020-06-09 09:24:09.570000,29346.98,29335,15101,29340,9999,29325,8199,29320,36350
2020-06-09 09:24:09.870000,29346.98,29340,25100,29345,10213,29330,13528,29325,24554
2020-06-09 09:24:11.150000,29367.0,29335,25100,29340,9999,29325,8199,29320,27411
2020-06-09 09:24:11.740000,29367.0,29340,25100,29345,10213,29330,13528,29325,24654
2020-06-09 09:24:12.740000,29367.0,29335,25100,29340,9999,29325,8299,29320,27411
2020-06-09 09:24:13.630000,29367.0,29330,6098,29335,19062,29325,6199,29320,27411
2020-06-09 09:24:14.850000,29367.0,29335,25170,29340,9999,29325,6199,29320,27411
2020-06-09 09:24:15.270000,29367.0,29335,25230,29340,9999,29325,6199,29320,27411
2020-06-09 09:24:16.970000,29367.0,29330,16097,29335,19132,29320,33610,29315,2502
2020-06-09 09:24:17.540000,29367.0,29330,15101,29335,10129,29320,13556,29315,31495
2020-06-09 09:24:20.150000,29367.0,29330,25100,29335,10129,29320,13556,29315,22556
2020-06-09 09:24:20.540000,29361.17,29330,9999,29335,25230,29325,6199,29320,27411
2020-06-09 09:24:21.740000,29361.17,29330,15066,29335,10129,29320,13556,29315,31495
2020-06-09 09:24:22.070000,29361.17,29330,15066,29335,10129,29320,13556,29315,31495
2020-06-09 09:24:22.770000,29361.17,29330,25065,29335,10129,29320,13556,29315,22556
2020-06-09 09:24:23.850000,29361.17,29330,9999,29335,25195,29325,6199,29320,27411
2020-06-09 09:24:24.360000,29361.17,29330,25065,29335,10129,29320,13556,29315,22556
2020-06-09 09:24:25.440000,29361.17,29330,25065,29335,10129,29320,13556,29315,22556
2020-06-09 09:24:25.830000,29361.17,29330,25065,29335,10129,29320,13556,29315,22556
2020-06-09 09:24:27.030000,29361.17,29330,25065,29335,10129,29320,13556,29315,22556
2020-06-09 09:24:27.360000,29361.17,29330,9999,29335,25195,29325,6199,29320,27411
2020-06-09 09:24:28.610000,29361.17,29330,25065,29335,10129,29320,13556,29315,22556
2020-06-09 09:24:29.030000,29361.17,29330,25065,29335,10129,29320,13556,29315,22556
2020-06-09 09:24:29.740000,29358.3,29330,25280,29335,10129,29320,13556,29315,22556
2020-06-09 09:24:30.720000,29358.3,29325,15066,29330,10214,29320,28,29315,13530
2020-06-09 09:24:31.240000,29358.3,29325,17566,29330,10214,29320,6227,29315,7331
2020-06-09 09:24:32.030000,29358.3,29325,2500,29330,25280,29320,13556,29315,22556
2020-06-09 09:24:32.810000,29358.3,29330,16277,29335,19072,29325,4100,29320,35910
2020-06-09 09:24:33.910000,29358.3,29330,6278,29335,19072,29325,2500,29320,15856
2020-06-09 09:24:34.440000,29358.3,29330,15281,29335,10069,29325,2500,29320,15856
2020-06-09 09:24:35.230000,29358.3,29330,15281,29335,10069,29325,2500,29320,15856
2020-06-09 09:24:36.020000,29358.3,29330,26380,29335,10069,29325,2501,29320,15856
2020-06-09 09:24:37.560000,29358.3,29325,15066,29330,10214,29320,28,29315,13530
2020-06-09 09:24:38.640000,29358.3,29325,15066,29330,10214,29320,28,29315,13530
2020-06-09 09:24:39.140000,29358.3,29325,15066,29330,10214,29320,28,29315,13530
2020-06-09 09:24:40.220000,29358.3,29325,25065,29330,10214,29320,28,29315,13530
2020-06-09 09:24:40.530000,29357.67,29330,25280,29335,10069,29320,13556,29315,22556
2020-06-09 09:24:41.800000,29357.67,29330,25280,29335,10069,29320,13556,29315,22561
2020-06-09 09:24:42.030000,29357.67,29330,25280,29335,10069,29320,13556,29315,22561
2020-06-09 09:24:42.840000,29357.67,29330,27780,29335,10069,29320,13556,29315,22561
2020-06-09 09:24:43.890000,29357.67,29330,2715,29335,25135,29325,6199,29320,27411
2020-06-09 09:24:44.950000,29357.67,29335,6133,29340,19003,29330,9829,29325,28754
2020-06-09 09:24:46.010000,29357.67,29335,70,29340,25066,29330,16029,29325,22554
2020-06-09 09:24:46.430000,29357.67,29335,6134,29340,19003,29330,16029,29325,22554
2020-06-09 09:24:47.140000,29357.67,29335,6134,29340,19003,29330,2500,29325,6210
2020-06-09 09:24:48.110000,29357.67,29335,6134,29340,19003,29330,16029,29325,22564
2020-06-09 09:24:49.170000,29357.67,29335,71,29340,25066,29330,16029,29325,22564
2020-06-09 09:24:49.450000,29357.67,29340,15067,29345,10214,29330,15969,29325,31503
2020-06-09 09:24:51.040000,29345.15,29340,25066,29345,10214,29330,15969,29325,22564
2020-06-09 09:24:52.400000,29345.15,29340,16063,29345,19217,29330,36023,29325,2510
2020-06-09 09:24:53.830000,29345.15,29340,15067,29345,10214,29330,15969,29325,31503
2020-06-09 09:24:54.540000,29345.15,29340,25066,29345,10214,29330,16003,29325,22564
2020-06-09 09:24:55.500000,29345.15,29340,16063,29345,19217,29335,6200,29330,29857
2020-06-09 09:24:56.550000,29345.15,29340,6064,29345,19217,29335,6200,29330,29857
2020-06-09 09:24:57.030000,29345.15,29340,25066,29345,10214,29330,16003,29325,22564
2020-06-09 09:24:58.380000,29345.15,29340,10000,29345,25280,29335,6050,29330,29857
2020-06-09 09:24:59.160000,29345.15,29340,1,29345,25280,29335,6050,29330,29857
2020-06-09 09:25:00.210000,29359.04,29340,25066,29345,10214,29330,15853,29325,22564
2020-06-09 09:25:01.250000,29359.04,29340,436,29345,25280,29335,6050,29330,29857
2020-06-09 09:25:02.810000,29359.04,29345,25280,29350,10388,29335,5614,29330,29857
2020-06-09 09:25:03.270000,29359.04,29345,6278,29350,19391,29340,12943,29335,2500
2020-06-09 09:25:04.380000,29359.04,29345,25280,29350,10388,29335,5614,29330,29857
2020-06-09 09:25:05.640000,29359.04,29345,25280,29350,10388,29335,5614,29330,29857
2020-06-09 09:25:06.480000,29359.04,29345,215,29350,25454,29340,12943,29335,22554
2020-06-09 09:25:07.550000,29359.04,29350,389,29355,25066,29345,12943,29340,22554
2020-06-09 09:25:08.640000,29359.04,29350,25454,29355,10000,29340,12943,29335,22554
2020-06-09 09:25:13.260000,29362.25,29350,389,29355,25066,29345,12943,29340,22554
2020-06-09 09:25:14.260000,29362.25,29355,1,29360,25066,29350,5399,29345,27383
2020-06-09 09:25:15.420000,29362.25,29360,25066,29365,10000,29350,5399,29345,27383
2020-06-09 09:25:16.470000,29362.25,29355,3,29360,25066,29350,5399,29345,27383
2020-06-09 09:25:16.870000,29362.25,29360,16063,29365,19003,29355,12339,29350,22943
2020-06-09 09:25:18.040000,29362.25,29365,15067,29370,10010,29360,16062,29355,12339
2020-06-09 09:25:19.110000,29362.25,29365,1,29370,25076,29360,21072,29355,27383
2020-06-09 09:25:20.170000,29374.23,29365,6064,29370,19013,29360,21072,29355,27383
2020-06-09 09:25:21.210000,29374.23,29360,25065,29365,10000,29350,5399,29345,27383
2020-06-09 09:25:22.260000,29374.23,29365,25066,29370,10010,29355,12339,29350,22943
2020-06-09 09:25:22.840000,29374.23,29365,1,29370,25076,29360,5010,29355,27383
2020-06-09 09:25:23.740000,29374.23,29370,25076,29375,10016,29360,5010,29355,27383
2020-06-09 09:25:24.920000,29374.23,29365,25065,29370,10010,29355,12339,29350,22943
2020-06-09 09:25:25.980000,29374.23,29365,26117,29370,10010,29360,2207,29355,27383
2020-06-09 09:25:26.380000,29374.23,29365,20054,29370,12410,29355,13529,29350,31882
2020-06-09 09:25:27.540000,29374.23,29370,38664,29375,10016,29360,6200,29355,29783
2020-06-09 09:25:27.960000,29374.23,29370,36264,29375,10016,29360,8600,29355,29783
2020-06-09 09:25:29.460000,29374.23,29370,36264,29375,10016,29360,6382,29355,29783
2020-06-09 09:25:30.240000,29396.64,29370,36264,29375,10016,29360,8782,29355,29783
2020-06-09 09:25:31.210000,29396.64,29370,11,29375,36270,29365,13529,29360,25136
2020-06-09 09:25:32.270000,29396.64,29370,11,29375,36270,29365,13529,29360,25136
2020-06-09 09:25:32.830000,29396.64,29375,17,29380,36264,29370,13529,29365,24954
2020-06-09 09:25:33.660000,29396.64,29375,17,29380,36264,29370,15929,29365,24954
2020-06-09 09:25:34.910000,29396.64,29380,6211,29385,30054,29375,6200,29370,28983
2020-06-09 09:25:35.970000,29396.64,29380,11,29385,36254,29375,6200,29370,28983
2020-06-09 09:25:36.440000,29396.64,29385,1,29390,36695,29380,13529,29375,22654
2020-06-09 09:25:38.070000,29396.64,29390,36695,29395,10000,29380,13529,29375,22654
2020-06-09 09:25:39.140000,29396.64,29395,36254,29400,10707,29390,15915,29385,6199
2020-06-09 09:25:41.270000,29403.59,29390,36853,29395,10000,29380,13528,29375,22654
2020-06-09 09:25:42.320000,29403.59,29390,36853,29395,10000,29380,14128,29375,22654
2020-06-09 09:25:43.360000,29403.59,29385,36253,29390,10617,29375,6299,29370,28983
2020-06-09 09:25:44.410000,29403.59,29385,36253,29390,10617,29375,6799,29370,28983
2020-06-09 09:25:44.860000,29403.59,29385,36253,29390,10617,29380,6199,29375,600
2020-06-09 09:25:45.660000,29403.59,29385,36253,29390,10617,29375,6799,29370,28983
2020-06-09 09:25:47.550000,29403.59,29380,30053,29385,16199,29375,6799,29370,8929
2020-06-09 09:25:47.970000,29403.59,29375,30053,29380,16199,29370,7799,29365,9731
2020-06-09 09:25:49.140000,29403.59,29375,36253,29380,9999,29370,6199,29365,9731
2020-06-09 09:25:49.640000,29403.59,29375,36253,29380,9999,29365,15930,29360,25136
2020-06-09 09:25:50.720000,29407.32,29375,9999,29380,36253,29370,13528,29365,23156
2020-06-09 09:25:51.230000,29407.32,29375,36253,29380,9999,29365,14130,29360,25136
2020-06-09 09:25:52.310000,29407.32,29370,9999,29375,36253,29365,14130,29360,25136
2020-06-09 09:25:52.940000,29407.32,29375,36253,29380,9999,29370,600,29365,13530
2020-06-09 09:25:53.910000,29407.32,29370,20054,29375,16199,29365,6201,29360,2582
2020-06-09 09:25:54.970000,29407.32,29375,36253,29380,9999,29370,600,29365,13530
2020-06-09 09:25:55.260000,29407.32,29375,36253,29380,9999,29365,13530,29360,25136
2020-06-09 09:25:57.080000,29407.32,29380,36253,29385,9999,29370,13528,29365,23156
2020-06-09 09:25:57.530000,29407.32,29380,20054,29385,16199,29375,6199,29370,7929
2020-06-09 09:25:58.650000,29407.32,29380,36253,29385,9999,29375,600,29370,14128
2020-06-09 09:25:59.030000,29407.32,29380,215,29385,36253,29375,6799,29370,27983
2020-06-09 09:25:59.730000,29407.32,29380,39068,29385,9999,29370,14128,29365,23156
2020-06-09 09:26:00.530000,29425.09,29385,36253,29390,10617,29375,6199,29370,27783
2020-06-09 09:26:01.380000,29425.09,29385,36253,29390,10617,29375,6599,29370,27783
2020-06-09 09:26:02.870000,29425.09,29385,36253,29390,10617,29375,6599,29370,27783
2020-06-09 09:26:04.370000,29425.09,29390,36871,29395,10000,29380,13528,29375,22954
2020-06-09 09:26:05.520000,29425.09,29385,36253,29390,10617,29375,6599,29370,27783
2020-06-09 09:26:06.690000,29425.09,29375,30053,29380,16199,29370,6599,29365,7931
2020-06-09 09:26:07.610000,29425.09,29380,36253,29385,12599,29370,13928,29365,23156
2020-06-09 09:26:08.680000,29425.09,29370,30052,29375,18799,29365,6201,29360,2582
2020-06-09 09:26:09.160000,29425.09,29375,38852,29380,12599,29365,13930,29360,25136
2020-06-09 09:26:10.240000,29416.39,29370,30052,29375,18799,29365,6201,29360,2582
2020-06-09 09:26:11.280000,29416.39,29370,36252,29375,12599,29365,6201,29360,2582
2020-06-09 09:26:11.660000,29416.39,29370,30052,29375,18799,29365,6601,29360,2582
2020-06-09 09:26:12.880000,29416.39,29370,20053,29375,18799,29365,6201,29360,2582
2020-06-09 09:26:13.250000,29416.39,29370,9999,29375,38852,29365,13930,29360,25136
2020-06-09 09:26:14.460000,29416.39,29375,38852,29380,12599,29365,13930,29360,25136
2020-06-09 09:26:14.740000,29416.39,29375,38852,29380,12599,29370,6199,29365,7731
2020-06-09 09:26:15.490000,29416.39,29375,30052,29380,18799,29370,6199,29365,7731
2020-06-09 09:26:16.580000,29416.39,29375,36252,29380,12599,29370,6199,29365,7731
2020-06-09 09:26:16.860000,29416.39,29375,20053,29380,18799,29370,6199,29365,7731
2020-06-09 09:26:17.610000,29416.39,29375,36252,29380,12599,29365,13930,29360,25136
2020-06-09 09:26:18.670000,29416.39,29375,36252,29380,12599,29365,13930,29360,25136
2020-06-09 09:26:19.030000,29416.39,29380,18799,29385,12599,29370,33583,29365,2902
2020-06-09 09:26:20.250000,29416.39,29375,6200,29380,9999,29370,7324,29365,29156
2020-06-09 09:26:20.640000,29394.02,29380,16199,29385,12599,29375,400,29370,33578
2020-06-09 09:26:21.830000,29394.02,29380,6200,29385,12599,29375,399,29370,33578
2020-06-09 09:26:22.060000,29394.02,29380,6200,29385,12599,29375,399,29370,13524
2020-06-09 09:26:22.890000,29394.02,29375,5796,29380,9999,29370,13524,29365,22956
2020-06-09 09:26:23.950000,29394.02,29380,5796,29385,12599,29370,13524,29365,31895
2020-06-09 09:26:24.470000,29394.02,29375,5796,29380,11499,29370,13524,29365,22956
2020-06-09 09:26:25.510000,29394.02,29375,5796,29380,11499,29370,13524,29365,22956
2020-06-09 09:26:25.950000,29394.02,29375,8496,29380,11499,29365,13926,29360,35447
2020-06-09 09:26:27.090000,29394.02,29375,8496,29380,11499,29365,13526,29360,35447
2020-06-09 09:26:27.370000,29394.02,29370,5796,29375,12699,29365,13526,29360,25136
2020-06-09 09:26:28.640000,29394.02,29370,5796,29375,32753,29365,13526,29360,25136
2020-06-09 09:26:29.720000,29394.02,29375,28550,29380,11499,29365,13526,29360,35447
2020-06-09 09:26:30.060000,29394.02,29375,38549,29380,11499,29365,13526,29360,25136
2020-06-09 09:26:30.760000,29429.12,29370,5796,29375,32753,29365,7326,29360,31336
2020-06-09 09:26:31.810000,29429.12,29375,8496,29380,31553,29370,7324,29365,28756
2020-06-09 09:26:32.170000,29429.12,29375,28350,29380,11499,29365,13526,29360,35447
2020-06-09 09:26:32.760000,29429.12,29375,8296,29380,31553,29365,33580,29360,15393
2020-06-09 09:26:33.920000,29429.12,29375,15795,29380,11499,29370,27378,29365,8702
2020-06-09 09:26:34.150000,29429.12,29375,5796,29380,11499,29370,27378,29365,8702
2020-06-09 09:26:37.100000,29429.12,29375,18495,29380,31553,29365,27380,29360,11282
2020-06-09 09:26:37.540000,29429.12,29370,5796,29375,13133,29365,27380,29360,11282
2020-06-09 09:26:38.670000,29429.12,29370,5796,29375,13133,29365,33580,29360,5082
2020-06-09 09:26:38.840000,29429.12,29375,8930,29380,11499,29370,27378,29365,8702
2020-06-09 09:26:39.730000,29429.12,29375,6230,29380,11499,29370,27378,29365,8702
2020-06-09 09:26:40.070000,29429.12,29380,17595,29385,12599,29375,19620,29370,13524
2020-06-09 09:26:41.310000,29407.06,29380,15795,29385,12599,29375,19620,29370,13524
2020-06-09 09:26:41.760000,29407.06,29380,18595,29385,32653,29370,33144,29365,2502
2020-06-09 09:26:42.880000,29407.06,29380,6011,29385,12599,29375,19630,29370,13524
2020-06-09 09:26:43.240000,29407.06,29380,6011,29385,12599,29375,25830,29370,7324
2020-06-09 09:26:43.910000,29407.06,29385,5796,29390,10617,29380,26729,29375,8710
2020-06-09 09:26:45.010000,29407.06,29385,5796,29390,10617,29380,26729,29375,8711
2020-06-09 09:26:45.270000,29407.06,29385,18595,29390,30671,29375,25616,29370,7324
2020-06-09 09:26:46.460000,29407.06,29385,5796,29390,10617,29380,26729,29375,8711
2020-06-09 09:26:47.130000,29407.06,29385,16895,29390,10617,29380,26729,29375,8711
2020-06-09 09:26:47.870000,29407.06,29385,17014,29390,10617,29380,26729,29375,8711
2020-06-09 09:26:48.710000,29407.06,29385,7015,29390,30671,29375,25616,29370,17635
2020-06-09 09:26:49.760000,29407.06,29385,18814,29390,10617,29380,26729,29375,8711
2020-06-09 09:26:50.070000,29407.06,29385,8815,29390,30671,29375,25616,29370,17635
2020-06-09 09:26:50.820000,29420.87,29385,15914,29390,10617,29380,26729,29375,8711
2020-06-09 09:26:51.880000,29420.87,29385,5915,29390,10617,29380,26729,29375,8711
2020-06-09 09:26:53.040000,29420.87,29385,18814,29390,30671,29375,25616,29370,7324
2020-06-09 09:26:53.990000,29420.87,29380,15795,29385,33072,29375,11,29370,32929
2020-06-09 09:26:54.440000,29420.87,29380,5796,29385,13018,29375,19416,29370,13524
2020-06-09 09:26:55.330000,29420.87,29380,5796,29385,13018,29375,25616,29370,7324
2020-06-09 09:26:56.130000,29420.87,29380,5796,29385,13018,29375,19416,29370,13524
2020-06-09 09:26:56.830000,29420.87,29380,5596,29385,13018,29375,19416,29370,13524
2020-06-09 09:26:58.210000,29420.87,29380,5596,29385,13018,29375,19415,29370,13524
2020-06-09 09:27:00.320000,29399.34,29380,5596,29385,13018,29375,19415,29370,13524
2020-06-09 09:27:01.380000,29399.34,29390,5614,29395,11702,29385,19286,29380,13524
2020-06-09 09:27:01.860000,29399.34,29395,7299,29400,12709,29390,32792,29385,5400
2020-06-09 09:27:02.960000,29399.34,29400,8306,29405,10052,29395,24868,29390,8700
2020-06-09 09:27:04.020000,29399.34,29400,18305,29405,30106,29390,29892,29385,5400
2020-06-09 09:27:05.080000,29399.34,29395,5596,29400,15709,29390,23692,29385,11600
2020-06-09 09:27:05.530000,29399.34,29395,18495,29400,35763,29385,25468,29380,7324
2020-06-09 09:27:06.670000,29399.34,29395,15595,29400,35763,29385,23768,29380,7324
2020-06-09 09:27:06.910000,29399.34,29395,15595,29400,35763,29385,23768,29380,7324
