time,nav,sell1,sell1_cnt,sell2,sell2_cnt,buy1,buy1_cnt,buy2,buy2_cnt
2020-06-10 10:38:01.530000,0.0,29160,7113,29165,32253,29150,20649,29145,9999
2020-06-10 10:38:01.800000,0.0,29160,5713,29165,32253,29150,20649,29145,9999
2020-06-10 10:38:02.300000,0.0,29160,6513,29165,32253,29150,20649,29145,9999
2020-06-10 10:38:02.920000,0.0,29160,5713,29165,2200,29155,14549,29150,16099
2020-06-10 10:38:03.590000,0.0,29160,333,29165,7580,29155,20649,29150,9999
2020-06-10 10:38:05.590000,0.0,29160,333,29165,7580,29155,20649,29150,9999
2020-06-10 10:38:06.100000,0.0,29165,5380,29170,2971,29160,20316,29155,9999
2020-06-10 10:38:06.420000,0.0,29165,5380,29170,2971,29160,14216,29155,16099
2020-06-10 10:38:06.890000,0.0,29165,5380,29170,33024,29155,20316,29150,9999
2020-06-10 10:38:07.300000,0.0,29165,5380,29170,33024,29155,20316,29150,9999
2020-06-10 10:38:07.800000,0.0,29165,5380,29170,33024,29155,20316,29150,9999
2020-06-10 10:38:08.950000,0.0,29165,5380,29170,2971,29155,30315,29150,9999
2020-06-10 10:38:09.340000,0.0,29165,5380,29170,2971,29160,14216,29155,16099
2020-06-10 10:38:09.440000,0.0,29165,5380,29170,2971,29160,20316,29155,9999
2020-06-10 10:38:09.690000,0.0,29170,8591,29175,32053,29160,20316,29155,9999
2020-06-10 10:38:10.090000,29204.52,29170,6491,29175,32053,29160,20316,29155,9999
2020-06-10 10:38:10.590000,29204.52,29170,6491,29175,32053,29160,20316,29155,9999
2020-06-10 10:38:11.560000,29204.52,29165,5380,29170,3211,29160,14216,29155,16099
2020-06-10 10:38:11.660000,29204.52,29170,8591,29175,32053,29160,20316,29155,9999
2020-06-10 10:38:12.640000,29204.52,29170,8591,29175,32053,29160,20316,29155,9999
2020-06-10 10:38:12.830000,29204.52,29165,5380,29170,3211,29160,14216,29155,16099
2020-06-10 10:38:13.660000,29204.52,29170,8591,29175,32053,29160,20316,29155,9999
2020-06-10 10:38:13.750000,29204.52,29170,6491,29175,32053,29160,20316,29155,9999
2020-06-10 10:38:14.120000,29204.52,29170,6491,29175,32053,29160,20316,29155,9999
2020-06-10 10:38:14.750000,29204.52,29170,7891,29175,32053,29160,20316,29155,9999
2020-06-10 10:38:15.510000,29204.52,29170,1111,29175,7380,29165,20316,29160,9999
2020-06-10 10:38:16.300000,29204.52,29170,1111,29175,7380,29165,20316,29160,9999
2020-06-10 10:38:16.420000,29204.52,29175,5380,29180,11111,29170,13105,29165,6100
2020-06-10 10:38:16.700000,29204.52,29175,5380,29180,11111,29170,13105,29165,6100
2020-06-10 10:38:17.090000,29204.52,29175,5380,29180,1112,29170,13105,29165,16099
2020-06-10 10:38:17.940000,29204.52,29175,5380,29180,11111,29170,13105,29165,6100
2020-06-10 10:38:18.080000,29204.52,29175,6019,29180,31165,29165,19205,29160,9999
2020-06-10 10:38:18.920000,29204.52,29175,6019,29180,31165,29165,19205,29160,9999
2020-06-10 10:38:19.030000,29204.52,29175,6019,29180,31165,29165,19205,29160,9999
2020-06-10 10:38:19.230000,29204.52,29175,6552,29180,31165,29165,19205,29160,9999
2020-06-10 10:38:20.430000,29204.52,29175,6552,29180,11111,29170,13105,29165,6100
2020-06-10 10:38:20.790000,29183.06,29175,6552,29180,11111,29170,13105,29165,6100
2020-06-10 10:38:21.620000,29183.06,29175,8352,29180,31165,29165,19205,29160,9999
2020-06-10 10:38:22.000000,29183.06,29170,5380,29175,2972,29165,19205,29160,9999
2020-06-10 10:38:22.290000,29183.06,29175,8352,29180,31165,29165,19205,29160,9999
2020-06-10 10:38:22.790000,29183.06,29175,6552,29180,31165,29165,19205,29160,9999
2020-06-10 10:38:23.670000,29183.06,29175,6552,29180,11111,29170,13105,29165,6100
2020-06-10 10:38:23.790000,29183.06,29175,6552,29180,31165,29165,19205,29160,9999
2020-06-10 10:38:24.730000,29183.06,29175,6852,29180,31165,29165,19205,29160,9999
2020-06-10 10:38:24.860000,29183.06,29175,6552,29180,31165,29165,19205,29160,9999
2020-06-10 10:38:25.790000,29183.06,29175,6552,29180,11111,29170,13105,29165,6100
2020-06-10 10:38:26.010000,29183.06,29175,1172,29180,6492,29170,19205,29165,9999
2020-06-10 10:38:26.850000,29183.06,29175,6552,29180,11111,29170,19205,29160,9999
2020-06-10 10:38:27.290000,29183.06,29175,1172,29180,6492,29170,19205,29165,9999
2020-06-10 10:38:27.530000,29183.06,29175,8652,29180,11111,29165,19205,29160,9999
2020-06-10 10:38:28.430000,29183.06,29175,6552,29180,1112,29165,29204,29160,9999
2020-06-10 10:38:28.560000,29183.06,29175,6552,29180,1112,29165,29204,29160,9999
2020-06-10 10:38:28.930000,29183.06,29175,7152,29180,31165,29165,19205,29160,9999
2020-06-10 10:38:29.320000,29183.06,29175,8752,29180,31165,29165,19205,29160,9999
2020-06-10 10:38:30.030000,29183.06,29175,7252,29180,31165,29165,19205,29160,9999
2020-06-10 10:38:30.090000,29183.06,29175,6652,29180,31165,29165,19205,29160,9999
2020-06-10 10:38:30.320000,29183.06,29175,7452,29180,31165,29165,19205,29160,9999
2020-06-10 10:38:31.120000,29200.45,29175,8752,29180,31165,29165,19205,29160,9999
2020-06-10 10:38:31.320000,29200.45,29175,7452,29180,31165,29165,19205,29160,9999
2020-06-10 10:38:31.620000,29200.45,29175,6552,29180,31165,29165,19205,29160,9999
2020-06-10 10:38:32.670000,29200.45,29175,8752,29180,31165,29165,19205,29160,9999
2020-06-10 10:38:33.130000,29200.45,29170,5380,29175,3372,29165,19205,29160,9999
2020-06-10 10:38:33.700000,29200.45,29170,5380,29175,3372,29160,29204,29155,9999
2020-06-10 10:38:34.230000,29200.45,29175,8752,29180,31165,29165,19205,29160,9999
2020-06-10 10:38:35.270000,29200.45,29175,6552,29180,31165,29165,19205,29160,9999
2020-06-10 10:38:35.400000,29200.45,29175,7152,29180,31165,29165,19205,29160,9999
2020-06-10 10:38:35.790000,29200.45,29175,7252,29180,31165,29165,19205,29160,9999
2020-06-10 10:38:36.380000,29200.45,29170,5380,29175,3472,29165,13105,29160,16099
2020-06-10 10:38:36.700000,29200.45,29170,5380,29175,23526,29160,29204,29155,9999
2020-06-10 10:38:37.380000,29200.45,29170,5380,29175,3472,29160,29204,29155,9999
2020-06-10 10:38:37.480000,29200.45,29170,5380,29175,23526,29160,29204,29155,9999
2020-06-10 10:38:37.900000,29200.45,29170,7680,29175,33525,29160,19205,29155,9999
2020-06-10 10:38:38.230000,29200.45,29170,7680,29175,33525,29160,19205,29155,9999
2020-06-10 10:38:39.010000,29200.45,29170,5380,29175,33525,29160,19205,29155,9999
2020-06-10 10:38:39.100000,29200.45,29170,7680,29175,33525,29160,19205,29155,9999
2020-06-10 10:38:39.400000,29200.45,29170,8232,29175,33525,29160,19205,29155,9999
2020-06-10 10:38:40.050000,29200.45,29170,8232,29175,33525,29160,19205,29155,9999
2020-06-10 10:38:40.240000,29200.45,29170,5932,29175,33525,29160,19205,29155,9999
2020-06-10 10:38:42.180000,29188.02,29170,5932,29175,23526,29160,29204,29155,9999
2020-06-10 10:38:42.600000,29188.02,29170,5932,29175,33525,29160,19205,29155,9999
2020-06-10 10:38:43.130000,29188.02,29170,8232,29175,33525,29160,19205,29155,9999
2020-06-10 10:38:43.690000,29188.02,29170,7532,29175,33525,29160,19205,29155,9999
2020-06-10 10:38:44.100000,29188.02,29170,6532,29175,33525,29160,19205,29155,9999
2020-06-10 10:38:44.800000,29188.02,29170,5932,29175,33525,29160,19205,29155,9999
2020-06-10 10:38:45.880000,29188.02,29165,5380,29170,32905,29155,19205,29150,10033
2020-06-10 10:38:46.400000,29188.02,29165,5380,29170,32905,29155,19205,29150,10033
2020-06-10 10:38:47.020000,29188.02,29160,5380,29165,32353,29150,19239,29145,9999
2020-06-10 10:38:47.410000,29188.02,29160,5380,29165,32353,29150,19239,29145,9999
2020-06-10 10:38:48.470000,29188.02,29160,5380,29165,2300,29150,29238,29145,9999
2020-06-10 10:38:48.720000,29188.02,29160,5380,29165,2300,29155,19205,29150,10254
2020-06-10 10:38:49.520000,29188.02,29160,5380,29165,2300,29155,13105,29150,16354
2020-06-10 10:38:49.610000,29188.02,29160,5380,29165,2300,29155,13105,29150,16354
2020-06-10 10:38:50.570000,29193.98,29160,5380,29165,2300,29150,29459,29145,9999
2020-06-10 10:38:50.750000,29193.98,29160,5380,29165,2300,29150,29459,29145,9999
2020-06-10 10:38:50.920000,29193.98,29160,5380,29165,32353,29150,19460,29145,9999
2020-06-10 10:38:51.630000,29193.98,29160,5380,29165,2300,29155,19205,29150,10254
2020-06-10 10:38:51.750000,29193.98,29160,5267,29165,2300,29155,19205,29150,10254
2020-06-10 10:38:52.530000,29193.98,29160,5267,29165,2300,29150,29459,29145,9999
2020-06-10 10:38:53.210000,29193.98,29160,5267,29165,2300,29150,29459,29145,9999
2020-06-10 10:38:54.350000,29193.98,29155,5267,29160,1200,29150,19460,29145,9999
2020-06-10 10:38:54.720000,29193.98,29155,5267,29160,31253,29150,255,29145,19205
2020-06-10 10:38:55.300000,29193.98,29155,5267,29160,31253,29150,255,29145,19205
2020-06-10 10:38:55.720000,29193.98,29160,6467,29165,32353,29150,19460,29145,9999
2020-06-10 10:38:56.390000,29193.98,29160,5267,29165,2300,29150,29459,29145,9999
2020-06-10 10:38:57.000000,29193.98,29160,5267,29165,2300,29155,13105,29150,16354
2020-06-10 10:38:57.950000,29193.98,29160,5267,29165,2300,29155,13105,29150,16354
2020-06-10 10:38:58.190000,29193.98,29160,5267,29165,2300,29150,29459,29145,9999
2020-06-10 10:38:58.590000,29193.98,29160,5267,29165,2300,29150,29459,29145,9999
2020-06-10 10:38:59.590000,29193.98,29160,5267,29165,2300,29155,13105,29150,16354
2020-06-10 10:39:00.580000,29193.98,29160,5267,29165,2300,29155,13105,29150,16354
2020-06-10 10:39:00.770000,29177.7,29165,7567,29170,33005,29155,19205,29150,10254
2020-06-10 10:39:01.620000,29177.7,29165,5267,29170,33005,29155,19205,29150,10254
2020-06-10 10:39:01.830000,29177.7,29160,5267,29170,33005,29155,19205,29150,10254
2020-06-10 10:39:02.670000,29177.7,29160,5267,29170,33005,29150,29459,29145,9999
2020-06-10 10:39:02.860000,29177.7,29160,5267,29170,33005,29150,29459,29145,9999
2020-06-10 10:39:03.720000,29177.7,29160,5600,29165,30053,29150,19460,29145,9999
2020-06-10 10:39:03.870000,29177.7,29155,5267,29160,2733,29150,19460,29145,9999
2020-06-10 10:39:04.120000,29177.7,29160,8000,29165,30053,29150,19460,29145,9999
2020-06-10 10:39:04.800000,29177.7,29160,5600,29170,33005,29155,13105,29150,16354
2020-06-10 10:39:04.950000,29177.7,29160,5085,29170,33005,29155,13105,29150,16354
2020-06-10 10:39:05.310000,29177.7,29160,5085,29170,33005,29150,29459,29145,9999
2020-06-10 10:39:05.700000,29177.7,29160,5085,29165,30053,29150,19460,29145,9999
2020-06-10 10:39:06.230000,29177.7,29160,5085,29165,30053,29150,19460,29145,9999
2020-06-10 10:39:06.730000,29177.7,29160,5085,29165,20054,29150,29459,29145,9999
2020-06-10 10:39:07.420000,29177.7,29160,5085,29165,30053,29150,19460,29145,9999
2020-06-10 10:39:08.470000,29177.7,29160,5085,29165,30053,29150,19460,29145,9999
2020-06-10 10:39:09.830000,29177.7,29160,5385,29165,30053,29150,19460,29145,9999
2020-06-10 10:39:10.570000,29177.7,29160,5585,29165,30053,29150,19460,29145,9999
2020-06-10 10:39:10.790000,29177.7,29160,5085,29165,30053,29150,19460,29145,9999
2020-06-10 10:39:11.030000,29183.48,29160,7485,29165,30053,29150,19460,29145,9999
2020-06-10 10:39:11.320000,29183.48,29160,5085,29165,30053,29150,19460,29145,9999
2020-06-10 10:39:12.140000,29183.48,29160,6385,29165,30053,29150,19460,29145,9999
2020-06-10 10:39:12.290000,29183.48,29160,5085,29165,30053,29150,19460,29145,9999
2020-06-10 10:39:12.700000,29183.48,29160,5285,29165,30053,29150,19460,29145,9999
2020-06-10 10:39:13.310000,29183.48,29160,5085,29165,30053,29150,19460,29145,9999
2020-06-10 10:39:14.250000,29183.48,29160,5085,29170,33005,29150,29459,29145,9999
2020-06-10 10:39:15.310000,29183.48,29160,5085,29170,33005,29150,29459,29145,9999
2020-06-10 10:39:15.560000,29183.48,29160,5085,29165,9999,29155,13105,29150,6355
2020-06-10 10:39:15.820000,29183.48,29160,6085,29165,30053,29150,19460,29145,9999
2020-06-10 10:39:16.320000,29183.48,29155,5085,29160,2400,29150,19460,29145,9999
2020-06-10 10:39:16.620000,29183.48,29155,5085,29160,2400,29150,13360,29145,16099
2020-06-10 10:39:17.430000,29183.48,29155,5085,29160,22454,29150,255,29145,29204
2020-06-10 10:39:17.590000,29183.48,29155,7485,29160,32453,29150,255,29145,19205
2020-06-10 10:39:17.930000,29183.48,29150,4830,29155,22454,29145,6100,29140,13271
2020-06-10 10:39:18.320000,29183.48,29150,4830,29155,2400,29145,19205,29140,10165
2020-06-10 10:39:19.030000,29183.48,29150,4830,29155,2400,29145,19205,29140,10165
2020-06-10 10:39:19.120000,29183.48,29155,7230,29160,32453,29145,19205,29140,10165
2020-06-10 10:39:19.590000,29183.48,29155,4830,29160,32453,29145,19205,29140,10165
2020-06-10 10:39:20.180000,29183.48,29155,4830,29160,12399,29150,13105,29145,6100
2020-06-10 10:39:20.400000,29197.68,29155,4830,29160,32453,29145,19205,29140,10165
2020-06-10 10:39:21.090000,29197.68,29155,4830,29160,32453,29145,19205,29140,10165
2020-06-10 10:39:21.600000,29197.68,29155,5730,29160,32453,29145,19205,29140,10165
2020-06-10 10:39:22.710000,29197.68,29155,4791,29160,12399,29145,19205,29140,10165
2020-06-10 10:39:22.990000,29197.68,29155,4791,29160,2400,29145,29204,29140,10165
2020-06-10 10:39:24.230000,29197.68,29155,5191,29160,32453,29145,19205,29140,10165
2020-06-10 10:39:24.700000,29197.68,29155,5191,29160,32453,29145,19205,29140,10165
2020-06-10 10:39:25.100000,29197.68,29155,4791,29160,32453,29145,19205,29140,10165
2020-06-10 10:39:25.910000,29197.68,29155,6291,29160,32453,29145,19205,29140,10165
2020-06-10 10:39:26.290000,29197.68,29155,4791,29160,32453,29145,19205,29140,10165
2020-06-10 10:39:28.020000,29197.68,29155,4791,29160,32453,29145,19205,29140,10165
2020-06-10 10:39:28.230000,29197.68,29155,4791,29160,32453,29145,19205,29140,10165
2020-06-10 10:39:29.580000,29197.68,29155,6991,29160,32453,29145,19205,29140,10165
2020-06-10 10:39:30.020000,29197.68,29155,4791,29160,32453,29145,19205,29140,10165
2020-06-10 10:39:30.320000,29197.68,29155,7091,29160,32453,29145,19205,29140,10165
2020-06-10 10:39:31.150000,29205.03,29155,4791,29160,32453,29145,19205,29140,10165
2020-06-10 10:39:31.300000,29205.03,29155,4791,29160,32453,29145,19205,29140,10165
2020-06-10 10:39:31.520000,29205.03,29155,4791,29160,32453,29145,19205,29140,10165
2020-06-10 10:39:31.930000,29205.03,29155,4791,29160,32453,29145,19205,29140,10165
2020-06-10 10:39:32.710000,29205.03,29150,4791,29155,2400,29145,19205,29140,10165
2020-06-10 10:39:33.010000,29205.03,29150,5323,29155,2400,29145,19205,29140,10165
2020-06-10 10:39:33.750000,29205.03,29150,5323,29155,22454,29140,29370,29135,10050
2020-06-10 10:39:34.130000,29205.03,29150,5323,29155,2400,29145,19205,29140,10165
2020-06-10 10:39:34.720000,29205.03,29150,5323,29155,32453,29140,19371,29135,10050
2020-06-10 10:39:35.330000,29205.03,29145,4791,29150,532,29140,19371,29135,10050
2020-06-10 10:39:35.830000,29205.03,29150,5323,29155,32453,29140,19371,29135,10050
2020-06-10 10:39:36.460000,29205.03,29145,4791,29150,532,29140,19371,29135,10050
2020-06-10 10:39:37.490000,29205.03,29145,4791,29150,532,29140,166,29135,29255
2020-06-10 10:39:37.640000,29205.03,29150,5323,29155,32453,29140,19371,29135,10050
2020-06-10 10:39:38.530000,29205.03,29145,4791,29150,1132,29140,13271,29135,16150
2020-06-10 10:39:38.600000,29205.03,29145,4791,29150,1132,29140,166,29135,29255
2020-06-10 10:39:38.720000,29205.03,29145,4791,29150,1132,29140,19371,29135,10050
2020-06-10 10:39:39.580000,29205.03,29150,5923,29155,32453,29140,19371,29135,10050
2020-06-10 10:39:39.670000,29205.03,29150,5323,29155,32453,29140,19371,29135,10050
2020-06-10 10:39:39.830000,29205.03,29150,5323,29155,32453,29140,19371,29135,10050
2020-06-10 10:39:40.690000,29205.03,29150,5323,29155,32453,29140,19371,29135,10050
2020-06-10 10:39:41.130000,29180.55,29150,5323,29155,32453,29140,19371,29135,10050
2020-06-10 10:39:41.600000,29180.55,29150,5323,29155,2400,29145,19205,29140,10165
2020-06-10 10:39:42.030000,29180.55,29150,5323,29155,2400,29140,29370,29135,10050
2020-06-10 10:39:42.750000,29180.55,29150,532,29155,7191,29145,19205,29140,10165
2020-06-10 10:39:43.800000,29180.55,29150,5323,29155,2400,29145,13105,29140,16265
2020-06-10 10:39:44.330000,29180.55,29150,5323,29155,2400,29140,29370,29135,10050
2020-06-10 10:39:44.720000,29180.55,29150,5323,29155,2400,29145,13105,29140,16265
2020-06-10 10:39:45.390000,29180.55,29150,5323,29155,2400,29145,19205,29140,10165
2020-06-10 10:39:45.700000,29180.55,29150,5323,29155,2400,29145,19205,29140,10165
2020-06-10 10:39:46.450000,29180.55,29150,5323,29155,32453,29140,19371,29135,10050
2020-06-10 10:39:46.810000,29180.55,29150,5323,29155,32453,29140,19371,29135,10050
2020-06-10 10:39:47.500000,29180.55,29150,5962,29155,32453,29140,19371,29135,10050
2020-06-10 10:39:48.330000,29180.55,29150,8362,29155,32453,29140,19371,29135,10050
2020-06-10 10:39:49.080000,29180.55,29150,5962,29155,32453,29140,19371,29135,10050
2020-06-10 10:39:49.170000,29180.55,29150,8362,29155,32453,29140,19371,29135,10050
2020-06-10 10:39:49.530000,29180.55,29150,6762,29155,32453,29140,19371,29135,10050
2020-06-10 10:39:49.890000,29180.55,29150,5962,29155,32453,29140,19371,29135,10050
2020-06-10 10:39:51.120000,29170.47,29150,5962,29155,32453,29140,19371,29135,10050
2020-06-10 10:39:52.310000,29170.47,29150,8362,29155,32453,29140,19371,29135,10050
2020-06-10 10:39:52.590000,29170.47,29150,5962,29155,32453,29140,19371,29135,10050
2020-06-10 10:39:53.590000,29170.47,29145,4791,29150,1171,29140,19371,29135,10050
2020-06-10 10:39:54.090000,29170.47,29150,5962,29155,32453,29140,19371,29135,10050
2020-06-10 10:39:55.000000,29170.47,29150,5962,29155,32453,29140,19371,29135,10050
2020-06-10 10:39:55.470000,29170.47,29150,15961,29155,32453,29140,19371,29135,51
2020-06-10 10:39:55.730000,29170.47,29150,5962,29155,32453,29140,19371,29135,10050
2020-06-10 10:39:56.540000,29170.47,29145,4791,29150,23525,29140,166,29135,29255
2020-06-10 10:39:57.100000,29170.47,29145,4791,29150,23525,29140,166,29135,29255
2020-06-10 10:39:58.600000,29170.47,29145,4791,29150,33524,29140,166,29135,19256
2020-06-10 10:39:59.690000,29170.47,29140,4625,29145,12399,29135,19256,29130,1
2020-06-10 10:40:00.190000,29170.47,29145,7025,29150,33524,29135,19256,29130,10000
2020-06-10 10:40:00.880000,29183.78,29140,4625,29145,2400,29135,6151,29130,23105
2020-06-10 10:40:01.290000,29183.78,29140,100,29145,7025,29135,19256,29130,10000
2020-06-10 10:40:02.790000,29183.78,29140,100,29145,7025,29135,19256,29130,10000
2020-06-10 10:40:03.320000,29183.78,29145,4625,29150,3471,29135,29255,29130,10000
2020-06-10 10:40:04.130000,29183.78,29145,4625,29150,23525,29135,29255,29130,10000
2020-06-10 10:40:04.930000,29183.78,29150,8096,29155,32453,29140,19205,29135,10050
2020-06-10 10:40:05.110000,29183.78,29150,5796,29155,32453,29140,19205,29135,10050
2020-06-10 10:40:05.990000,29183.78,29150,5796,29155,2400,29140,29204,29135,10050
2020-06-10 10:40:06.240000,29183.78,29150,5796,29155,2400,29145,19205,29140,9999
2020-06-10 10:40:07.040000,29183.78,29150,5796,29155,2400,29145,19205,29140,10133
2020-06-10 10:40:07.220000,29183.78,29150,1504,29155,7025,29145,19205,29140,10133
2020-06-10 10:40:09.250000,29183.78,29150,1504,29155,7025,29145,19205,29140,10133
2020-06-10 10:40:10.020000,29183.78,29155,4625,29160,2450,29150,18101,29145,9999
2020-06-10 10:40:10.520000,29183.78,29160,7075,29165,30063,29150,18101,29145,9999
2020-06-10 10:40:11.240000,29183.17,29160,4675,29165,30063,29150,18101,29145,9999
2020-06-10 10:40:11.330000,29183.17,29160,7075,29165,30063,29150,18101,29145,9999
2020-06-10 10:40:12.300000,29183.17,29155,4625,29160,2150,29150,18101,29145,9999
2020-06-10 10:40:12.420000,29183.17,29160,6775,29165,30063,29150,18101,29145,9999
2020-06-10 10:40:12.800000,29183.17,29155,4625,29160,1650,29150,18101,29145,9999
2020-06-10 10:40:13.190000,29183.17,29155,4625,29160,1650,29150,11601,29145,16099
2020-06-10 10:40:13.880000,29183.17,29155,4625,29160,1650,29150,17701,29145,10009
2020-06-10 10:40:14.020000,29183.17,29155,4625,29160,1650,29150,17701,29145,10009
2020-06-10 10:40:14.420000,29183.17,29155,4625,29160,1650,29145,27710,29140,10133
2020-06-10 10:40:14.920000,29183.17,29155,4625,29160,1650,29150,11601,29145,16109
2020-06-10 10:40:16.000000,29183.17,29155,4625,29160,1650,29150,11601,29145,16109
2020-06-10 10:40:16.130000,29183.17,29160,6275,29165,30063,29150,17701,29145,10009
2020-06-10 10:40:16.390000,29183.17,29160,4675,29165,30063,29150,17701,29145,10009
2020-06-10 10:40:17.200000,29183.17,29160,4675,29165,10,29155,11601,29150,16099
2020-06-10 10:40:18.090000,29183.17,29160,4675,29165,10009,29155,11601,29150,6100
2020-06-10 10:40:18.220000,29183.17,29160,50,29165,4635,29155,17701,29150,9999
2020-06-10 10:40:19.160000,29183.17,29160,4975,29165,10,29155,17701,29150,10009
2020-06-10 10:40:19.340000,29183.17,29160,4675,29165,10009,29155,11601,29150,6110
2020-06-10 10:40:20.230000,29183.17,29160,4675,29165,10,29155,17701,29150,10009
2020-06-10 10:40:20.410000,29183.17,29160,4675,29165,10,29150,27710,29145,10009
2020-06-10 10:40:21.300000,29194.62,29160,4675,29165,30063,29150,17711,29145,10009
2020-06-10 10:40:21.420000,29194.62,29160,6875,29165,30063,29155,10,29150,17711
2020-06-10 10:40:22.360000,29194.62,29160,4675,29165,30063,29155,10,29150,17711
2020-06-10 10:40:22.510000,29194.62,29160,7075,29165,30063,29155,10,29150,17711
2020-06-10 10:40:23.420000,29194.62,29155,4615,29160,2450,29150,17711,29145,10009
2020-06-10 10:40:23.580000,29194.62,29160,7065,29165,30063,29150,17711,29145,10009
2020-06-10 10:40:23.830000,29194.62,29155,4615,29160,2450,29150,11611,29145,16109
2020-06-10 10:40:24.220000,29194.62,29155,5415,29160,32503,29150,10,29145,17711
2020-06-10 10:40:25.010000,29194.62,29155,7015,29160,32503,29150,10,29145,17711
2020-06-10 10:40:25.140000,29194.62,29155,4615,29160,32503,29150,10,29145,17711
2020-06-10 10:40:25.590000,29194.62,29155,6315,29160,32503,29150,10,29145,17711
2020-06-10 10:40:26.190000,29194.62,29155,4615,29160,12449,29150,11611,29145,6110
2020-06-10 10:40:26.420000,29194.62,29155,5168,29160,12449,29150,11611,29145,6110
2020-06-10 10:40:27.420000,29194.62,29155,6668,29160,32503,29150,10,29145,17711
2020-06-10 10:40:27.700000,29194.62,29155,6668,29160,32503,29150,10,29145,17711
2020-06-10 10:40:28.250000,29194.62,29155,5168,29160,32503,29150,10,29145,17711
2020-06-10 10:40:28.390000,29194.62,29155,5168,29160,32503,29150,10,29145,17711
2020-06-10 10:40:28.730000,29194.62,29155,7468,29160,32503,29150,10,29145,17711
2020-06-10 10:40:29.010000,29194.62,29155,5168,29160,12449,29150,11611,29145,6110
2020-06-10 10:40:29.780000,29194.62,29155,5168,29160,2450,29150,17711,29145,10009
2020-06-10 10:40:30.090000,29194.62,29155,5168,29160,32503,29150,10,29145,17711
2020-06-10 10:40:30.820000,29184.45,29155,5168,29160,32503,29150,10,29145,17711
2020-06-10 10:40:31.290000,29184.45,29155,6768,29160,32503,29150,10,29145,17711
2020-06-10 10:40:31.820000,29184.45,29150,4605,29155,2853,29145,11611,29140,16233
2020-06-10 10:40:32.230000,29184.45,29150,6100,29155,2853,29145,17711,29140,10133
2020-06-10 10:40:32.920000,29184.45,29150,5987,29155,32906,29145,10,29140,17835
2020-06-10 10:40:33.140000,29184.45,29150,7087,29155,32906,29145,10,29140,17835
2020-06-10 10:40:33.980000,29184.45,29150,5987,29155,32906,29145,10,29140,17835
2020-06-10 10:40:34.120000,29184.45,29150,5987,29155,2853,29145,10,29140,27834
2020-06-10 10:40:35.030000,29184.45,29155,8840,29160,32503,29145,17711,29140,10133
2020-06-10 10:40:35.230000,29184.45,29150,5987,29155,2153,29145,17711,29140,10133
2020-06-10 10:40:36.070000,29184.45,29155,8140,29160,32503,29145,17711,29140,10133
2020-06-10 10:40:36.140000,29184.45,29155,7240,29160,32503,29145,17711,29140,10133
2020-06-10 10:40:36.530000,29184.45,29155,6540,29160,32503,29145,17711,29140,10133
2020-06-10 10:40:37.120000,29184.45,29155,6540,29160,32503,29145,17711,29140,10133
2020-06-10 10:40:39.400000,29184.45,29155,6540,29160,2450,29150,17701,29145,10009
2020-06-10 10:40:39.710000,29184.45,29155,553,29160,8437,29150,17701,29145,10009
2020-06-10 10:40:41.210000,29181.24,29160,6037,29165,10,29155,17148,29150,9999
2020-06-10 10:40:41.900000,29181.24,29160,6037,29165,10,29155,17148,29150,9999
2020-06-10 10:40:42.870000,29181.24,29160,6037,29165,10,29155,17148,29150,9999
2020-06-10 10:40:43.020000,29181.24,29160,6037,29165,10,29155,11048,29150,16099
2020-06-10 10:40:43.400000,29181.24,29160,6037,29165,10,29155,17148,29150,9999
2020-06-10 10:40:44.320000,29181.24,29160,50,29165,5997,29155,17148,29150,9999
2020-06-10 10:40:44.730000,29181.24,29165,5997,29170,2952,29160,17098,29155,9999
2020-06-10 10:40:45.490000,29181.24,29165,10,29170,8939,29160,17098,29155,9999
2020-06-10 10:40:46.540000,29181.24,29165,8197,29170,2952,29160,11048,29155,16049
2020-06-10 10:40:46.710000,29181.24,29165,8197,29170,2952,29160,17098,29155,9999
2020-06-10 10:40:47.010000,29181.24,29165,543,29170,8939,29160,17098,29155,9999
2020-06-10 10:40:48.160000,29181.24,29165,543,29170,8939,29160,17098,29155,9999
2020-06-10 10:40:48.290000,29181.24,29170,652,29175,9484,29165,16555,29160,9999
2020-06-10 10:40:49.150000,29181.24,29170,652,29175,9484,29165,16555,29160,9999
2020-06-10 10:40:49.630000,29181.24,29170,8839,29175,33550,29160,16555,29155,9999
2020-06-10 10:40:51.020000,29185.23,29170,8839,29175,33550,29160,16555,29155,9999
2020-06-10 10:40:51.760000,29185.23,29170,8839,29175,33550,29160,16555,29155,9999
2020-06-10 10:40:52.860000,29185.23,29170,6639,29175,33550,29160,16555,29155,9999
2020-06-10 10:40:53.860000,29185.23,29170,6639,29175,3497,29160,26554,29155,9999
2020-06-10 10:40:54.050000,29185.23,29170,652,29175,9484,29165,16555,29160,9999
2020-06-10 10:40:54.600000,29185.23,29170,652,29175,9484,29165,16555,29160,9999
2020-06-10 10:40:55.110000,29185.23,29170,652,29175,9484,29165,16555,29160,9999
2020-06-10 10:40:57.000000,29185.23,29175,7184,29180,31165,29165,15903,29160,9999
2020-06-10 10:40:57.320000,29185.23,29175,7184,29180,11111,29170,11048,29165,4855
2020-06-10 10:40:58.050000,29185.23,29175,7184,29180,11111,29170,15903,29160,19999
2020-06-10 10:40:59.100000,29185.23,29175,8084,29180,31165,29165,15903,29160,9999
2020-06-10 10:40:59.600000,29185.23,29170,8274,29175,33550,29160,15903,29155,9999
2020-06-10 10:41:00.670000,29185.23,29170,5974,29175,3497,29165,15903,29160,9999
2020-06-10 10:41:01.130000,29196.96,29170,5974,29175,33550,29160,15903,29155,9999
2020-06-10 10:41:02.240000,29196.96,29170,8274,29175,33550,29160,15903,29155,9999
2020-06-10 10:41:02.520000,29196.96,29170,8261,29175,33550,29160,15903,29155,9999
2020-06-10 10:41:03.220000,29196.96,29170,6161,29175,33550,29160,15903,29155,9999
2020-06-10 10:41:03.970000,29196.96,29170,5961,29175,33550,29160,15903,29155,9999
2020-06-10 10:41:04.300000,29196.96,29170,6861,29175,33550,29160,15903,29155,9999
2020-06-10 10:41:04.700000,29196.96,29170,5961,29175,33550,29160,15903,29155,9999
2020-06-10 10:41:05.630000,29196.96,29170,5961,29175,3497,29165,15903,29160,9999
2020-06-10 10:41:05.910000,29196.96,29170,6161,29175,33550,29160,15903,29155,9999
2020-06-10 10:41:06.200000,29196.96,29170,5961,29175,33550,29160,15903,29155,9999
2020-06-10 10:41:06.970000,29196.96,29170,5961,29175,33550,29160,15903,29155,9999
2020-06-10 10:41:07.090000,29196.96,29170,5961,29175,33550,29160,15903,29155,9999
2020-06-10 10:41:07.390000,29196.96,29170,5961,29175,3497,29160,25902,29155,9999
2020-06-10 10:41:07.920000,29196.96,29170,5961,29175,33550,29160,15903,29155,9999
2020-06-10 10:41:08.420000,29196.96,29170,8261,29175,33550,29160,15903,29155,9999
2020-06-10 10:41:08.830000,29196.96,29170,5961,29175,33550,29160,15903,29155,9999
2020-06-10 10:41:09.610000,29196.96,29170,6061,29175,33550,29160,15903,29155,9999
2020-06-10 10:41:09.810000,29196.96,29165,5907,29170,2300,29160,15903,29155,9999
2020-06-10 10:41:10.020000,29196.96,29165,5817,29170,2300,29160,15903,29155,9999
2020-06-10 10:41:10.500000,29196.96,29170,8117,29175,33550,29160,15903,29155,9999
2020-06-10 10:41:11.030000,29187.86,29170,7151,29175,33550,29160,15903,29155,9999
2020-06-10 10:41:11.750000,29187.86,29170,6151,29175,33550,29160,15903,29155,9999
2020-06-10 10:41:11.890000,29187.86,29170,8051,29175,33550,29160,15903,29155,9999
2020-06-10 10:41:12.220000,29187.86,29170,8051,29175,33550,29160,15903,29155,9999
2020-06-10 10:41:12.530000,29187.86,29170,8051,29175,33550,29160,15903,29155,9999
2020-06-10 10:41:12.720000,29187.86,29165,5817,29170,32687,29155,15903,29150,9999
2020-06-10 10:41:13.120000,29187.86,29165,5817,29170,32687,29155,15903,29150,9999
2020-06-10 10:41:13.870000,29187.86,29165,5817,29170,2634,29155,25902,29150,9999
2020-06-10 10:41:14.300000,29187.86,29165,100,29170,8451,29160,15903,29155,9999
2020-06-10 10:41:14.730000,29187.86,29165,100,29170,8451,29160,15903,29155,9999
2020-06-10 10:41:15.470000,29187.86,29165,100,29170,8451,29160,15903,29155,9999
2020-06-10 10:41:16.700000,29187.86,29165,739,29170,8451,29160,15903,29155,9999
2020-06-10 10:41:17.590000,29187.86,29165,739,29170,8451,29160,15903,29155,9999
2020-06-10 10:41:18.750000,29187.86,29165,8966,29170,2634,29155,25902,29150,9999
2020-06-10 10:41:19.120000,29187.86,29165,6666,29170,2634,29160,15903,29155,9999
2020-06-10 10:41:19.530000,29187.86,29165,849,29170,8451,29160,15903,29155,9999
2020-06-10 10:41:20.220000,29187.86,29165,849,29170,8451,29160,15903,29155,9999
2020-06-10 10:41:20.310000,29205.43,29165,849,29170,8451,29160,15903,29155,9999
2020-06-10 10:41:21.280000,29205.43,29170,6151,29175,33550,29160,17148,29155,9999
2020-06-10 10:41:21.480000,29205.43,29170,7651,29175,33550,29160,17148,29155,9999
2020-06-10 10:41:21.730000,29205.43,29170,6151,29175,33550,29160,17148,29155,9999
2020-06-10 10:41:22.950000,29205.43,29170,7851,29175,33550,29160,17148,29155,9999
2020-06-10 10:41:23.230000,29205.43,29170,6151,29175,33550,29160,17148,29155,9999
2020-06-10 10:41:23.950000,29205.43,29170,6751,29175,33550,29160,17148,29155,9999
2020-06-10 10:41:24.120000,29205.43,29170,6751,29175,33550,29160,17148,29155,9999
2020-06-10 10:41:25.230000,29205.43,29170,6151,29175,13496,29165,11048,29160,6100
2020-06-10 10:41:26.060000,29205.43,29170,6151,29175,13496,29165,11048,29160,6100
2020-06-10 10:41:26.530000,29205.43,29170,6151,29175,33550,29160,17148,29155,9999
2020-06-10 10:41:27.280000,29205.43,29170,8451,29175,33550,29160,17148,29155,9999
2020-06-10 10:41:27.490000,29205.43,29170,8451,29175,33550,29160,17148,29155,9999
2020-06-10 10:41:28.200000,29205.43,29170,7751,29175,33550,29160,17148,29155,9999
2020-06-10 10:41:28.290000,29205.43,29170,7751,29175,33550,29160,17148,29155,9999
2020-06-10 10:41:28.350000,29205.43,29165,5817,29170,2734,29160,17148,29155,9999
2020-06-10 10:41:28.530000,29205.43,29165,5817,29170,2734,29160,17148,29155,9999
2020-06-10 10:41:29.240000,29205.43,29165,5817,29170,2734,29160,17148,29155,9999
2020-06-10 10:41:29.700000,29205.43,29170,8551,29175,33550,29160,17148,29155,9999
2020-06-10 10:41:30.230000,29204.75,29170,7751,29175,33550,29160,17148,29155,9999
2020-06-10 10:41:30.700000,29204.75,29165,5817,29170,2734,29160,11048,29155,16099
2020-06-10 10:41:31.340000,29204.75,29170,8551,29175,33550,29160,17148,29155,9999
2020-06-10 10:41:31.520000,29204.75,29170,6151,29175,33550,29160,17148,29155,9999
2020-06-10 10:41:32.400000,29204.75,29170,6151,29175,13496,29160,17148,29155,9999
2020-06-10 10:41:32.570000,29204.75,29170,8351,29175,33550,29160,17148,29155,9999
2020-06-10 10:41:32.700000,29204.75,29170,6751,29175,33550,29160,17148,29155,9999
2020-06-10 10:41:33.460000,29204.75,29170,6151,29175,33550,29160,17148,29155,9999
2020-06-10 10:41:33.820000,29204.75,29165,5817,29170,2734,29160,17148,29155,9999
2020-06-10 10:41:34.510000,29204.75,29170,8551,29175,33550,29160,17148,29155,9999
2020-06-10 10:41:34.630000,29204.75,29170,6151,29175,33550,29160,17148,29155,9999
2020-06-10 10:41:35.010000,29204.75,29170,7751,29175,33550,29160,17148,29155,9999
2020-06-10 10:41:35.490000,29204.75,29170,6151,29175,33550,29160,17148,29155,9999
2020-06-10 10:41:36.090000,29204.75,29165,5817,29170,2734,29160,17148,29155,9999
2020-06-10 10:41:36.320000,29204.75,29170,8551,29175,33550,29160,17148,29155,9999
2020-06-10 10:41:37.160000,29204.75,29165,5817,29170,2734,29160,17148,29155,9999
2020-06-10 10:41:37.320000,29204.75,29165,5817,29170,32787,29155,17148,29150,9999
2020-06-10 10:41:37.630000,29204.75,29165,6717,29170,32787,29155,17148,29150,9999
2020-06-10 10:41:37.990000,29204.75,29165,5817,29170,32787,29155,17148,29150,9999
2020-06-10 10:41:38.710000,29204.75,29165,8217,29170,32787,29155,17148,29150,9999
2020-06-10 10:41:38.830000,29204.75,29160,5817,29165,2400,29155,17148,29150,9999
2020-06-10 10:41:39.130000,29204.75,29160,5817,29165,2400,29155,11048,29150,16099
2020-06-10 10:41:39.520000,29204.75,29160,5817,29165,2400,29155,17148,29150,9999
2020-06-10 10:41:40.270000,29204.75,29160,5817,29165,2400,29155,17148,29150,9999
2020-06-10 10:41:40.330000,29204.75,29160,5817,29165,12399,29155,11048,29150,6100
2020-06-10 10:41:40.600000,29204.75,29160,5817,29165,32453,29150,17148,29145,10049
2020-06-10 10:41:41.320000,29201.81,29160,5817,29165,32453,29150,17148,29145,10049
2020-06-10 10:41:41.610000,29201.81,29155,5817,29160,2400,29150,17148,29145,10049
2020-06-10 10:41:42.380000,29201.81,29160,8217,29165,32453,29150,17148,29145,10049
2020-06-10 10:41:42.600000,29201.81,29160,5817,29165,32453,29150,17148,29145,10049
2020-06-10 10:41:43.430000,29201.81,29155,5817,29160,22554,29145,27197,29140,20133
2020-06-10 10:41:43.610000,29201.81,29155,5817,29160,32553,29145,17198,29140,20133
2020-06-10 10:41:44.470000,29201.81,29150,5817,29155,2500,29145,17198,29140,20133
2020-06-10 10:41:44.690000,29201.81,29150,5817,29155,32553,29145,50,29140,27282
2020-06-10 10:41:44.930000,29201.81,29150,5817,29155,32553,29145,50,29140,27282
2020-06-10 10:41:45.520000,29201.81,29150,7417,29155,32553,29145,50,29140,27282
2020-06-10 10:41:45.930000,29201.81,29150,5817,29155,2500,29145,17198,29140,20133
2020-06-10 10:41:46.330000,29201.81,29150,5817,29155,32553,29145,50,29140,27282
2020-06-10 10:41:47.070000,29201.81,29150,5817,29155,32553,29145,50,29140,27282
2020-06-10 10:41:47.220000,29201.81,29155,8317,29160,32553,29145,17198,29140,20133
2020-06-10 10:41:47.600000,29201.81,29155,5817,29160,32553,29145,17198,29140,20133
2020-06-10 10:41:48.170000,29201.81,29155,5817,29160,32553,29145,17248,29140,20133
2020-06-10 10:41:48.330000,29201.81,29160,8317,29165,32453,29150,17148,29145,10099
2020-06-10 10:41:48.630000,29201.81,29160,5817,29165,32453,29150,17148,29145,10099
2020-06-10 10:41:49.770000,29201.81,29160,5817,29165,32453,29150,17148,29145,10099
2020-06-10 10:41:50.100000,29201.81,29155,5817,29160,32553,29145,17248,29140,20133
2020-06-10 10:41:50.600000,29201.81,29155,5817,29160,32553,29145,17248,29140,20133
2020-06-10 10:41:50.990000,29176.72,29155,5817,29160,32553,29145,17248,29140,20133
2020-06-10 10:41:51.770000,29176.72,29155,5817,29160,2500,29150,17148,29145,10099
2020-06-10 10:41:52.020000,29176.72,29155,5817,29160,2500,29150,17148,29145,10099
2020-06-10 10:41:53.020000,29176.72,29160,8317,29165,32453,29150,17148,29145,10099
2020-06-10 10:41:53.860000,29176.72,29155,5813,29165,32453,29150,17148,29145,10099
2020-06-10 10:41:53.990000,29176.72,29160,5813,29165,32453,29150,17148,29145,10099
2020-06-10 10:41:54.220000,29176.72,29160,8313,29165,32453,29150,17148,29145,10099
2020-06-10 10:41:55.290000,29176.72,29160,5813,29165,32453,29150,17148,29145,10099
2020-06-10 10:41:55.620000,29176.72,29155,5813,29160,1600,29150,11048,29145,16199
2020-06-10 10:41:56.120000,29176.72,29155,5813,29160,1600,29150,11048,29145,16199
2020-06-10 10:41:57.340000,29176.72,29155,5813,29160,1600,29150,17148,29145,10099
2020-06-10 10:41:57.520000,29176.72,29155,5813,29160,31653,29145,17248,29140,20133
2020-06-10 10:41:58.350000,29176.72,29155,5813,29160,31653,29145,17248,29140,20133
2020-06-10 10:41:58.790000,29176.72,29155,5813,29160,1600,29150,17148,29145,10099
2020-06-10 10:41:59.200000,29176.72,29160,7413,29165,32453,29155,515,29150,17148
2020-06-10 10:41:59.930000,29176.72,29160,5813,29165,32453,29155,515,29150,17148
2020-06-10 10:41:59.990000,29176.72,29160,5813,29165,32453,29155,515,29150,17148
2020-06-10 10:42:00.430000,29200.87,29160,6813,29165,32453,29155,515,29150,17148
2020-06-10 10:42:00.730000,29200.87,29160,7113,29165,32453,29155,515,29150,17148
2020-06-10 10:42:01.510000,29200.87,29160,7645,29165,32453,29155,515,29150,17148
2020-06-10 10:42:01.600000,29200.87,29155,7698,29160,31885,29145,17248,29140,20133
2020-06-10 10:42:02.550000,29200.87,29155,7698,29160,31885,29145,17248,29140,20133
2020-06-10 10:42:02.740000,29200.87,29155,7698,29160,31885,29145,17248,29140,20133
2020-06-10 10:42:03.620000,29200.87,29155,7698,29160,31885,29145,17248,29140,20133
2020-06-10 10:42:03.770000,29200.87,29150,5298,29155,32453,29145,100,29140,27282
2020-06-10 10:42:04.520000,29200.87,29150,5298,29155,32453,29145,100,29140,27282
2020-06-10 10:42:06.270000,29200.87,29150,5298,29155,32453,29145,100,29140,27282
2020-06-10 10:42:07.870000,29200.87,29150,5298,29155,32453,29145,100,29140,27282
2020-06-10 10:42:11.020000,29180.65,29155,7698,29160,31885,29145,17248,29140,20133
2020-06-10 10:42:11.430000,29180.65,29150,5298,29155,22454,29145,100,29140,37281
2020-06-10 10:42:13.160000,29180.65,29150,5298,29155,22454,29145,100,29140,37281
2020-06-10 10:42:13.360000,29180.65,29150,5850,29155,32453,29145,100,29140,27282
2020-06-10 10:42:14.220000,29180.65,29150,5850,29155,32453,29145,100,29140,27282
2020-06-10 10:42:14.690000,29180.65,29150,5737,29155,32453,29145,100,29140,27282
2020-06-10 10:42:15.130000,29180.65,29150,6070,29155,22454,29145,100,29140,37281
2020-06-10 10:42:15.830000,29180.65,29150,6070,29155,32453,29145,100,29140,27282
2020-06-10 10:42:15.990000,29180.65,29150,6070,29155,22454,29145,100,29140,37281
2020-06-10 10:42:16.220000,29180.65,29150,885,29155,7585,29145,17248,29140,20133
2020-06-10 10:42:18.330000,29180.65,29150,6070,29155,2400,29145,17248,29140,20133
2020-06-10 10:42:18.600000,29180.65,29150,885,29155,7585,29145,17248,29140,20133
2020-06-10 10:42:19.420000,29180.65,29150,8470,29155,22454,29145,100,29140,37281
2020-06-10 10:42:20.080000,29180.65,29150,8470,29155,32453,29145,100,29140,27282
2020-06-10 10:42:20.530000,29180.65,29150,6070,29155,22454,29145,100,29140,37281
2020-06-10 10:42:21.020000,29177.06,29150,6070,29155,32453,29145,100,29140,27282
2020-06-10 10:42:23.530000,29177.06,29150,6070,29155,22454,29145,100,29140,37281
2020-06-10 10:42:24.300000,29177.06,29145,5085,29150,885,29140,21182,29135,16150
2020-06-10 10:42:24.520000,29177.06,29145,7385,29150,30938,29140,10134,29135,17199
2020-06-10 10:42:25.220000,29177.06,29140,11149,29145,22354,29135,51,29130,27148
2020-06-10 10:42:26.410000,29177.06,29140,11149,29145,32353,29135,51,29130,17149
2020-06-10 10:42:26.620000,29177.06,29145,8400,29150,30938,29135,17199,29130,10000
2020-06-10 10:42:27.450000,29177.06,29145,6100,29150,30938,29135,17199,29130,10000
2020-06-10 10:42:28.500000,29177.06,29140,100,29145,6100,29135,17199,29130,10000
2020-06-10 10:42:28.560000,29177.06,29140,100,29145,6100,29135,17199,29130,10000
2020-06-10 10:42:31.300000,29202.63,29145,6100,29150,30938,29140,121,29135,17199
2020-06-10 10:42:31.810000,29202.63,29145,6100,29150,30938,29140,121,29135,17199
2020-06-10 10:42:32.750000,29202.63,29145,6300,29150,30938,29140,121,29135,17199
2020-06-10 10:42:33.030000,29202.63,29145,6100,29150,30938,29140,121,29135,17199
2020-06-10 10:42:33.780000,29202.63,29145,6100,29150,30938,29140,121,29135,17199
2020-06-10 10:42:34.230000,29202.63,29150,16984,29155,32453,29140,17269,29135,51
2020-06-10 10:42:34.620000,29202.63,29145,6100,29150,30948,29140,121,29135,17199
2020-06-10 10:42:35.360000,29202.63,29150,16994,29155,32453,29140,17269,29135,51
2020-06-10 10:42:35.620000,29202.63,29150,6995,29155,32453,29140,17269,29135,10050
2020-06-10 10:42:36.530000,29202.63,29145,6100,29150,11894,29140,11169,29135,6151
2020-06-10 10:42:37.450000,29202.63,29145,6100,29150,11894,29140,17269,29135,51
2020-06-10 10:42:37.560000,29202.63,29145,6100,29150,21949,29140,121,29135,27198
2020-06-10 10:42:37.790000,29202.63,29145,6100,29150,31948,29140,121,29135,17199
2020-06-10 10:42:38.500000,29202.63,29150,17994,29155,32453,29140,17269,29135,51
2020-06-10 10:42:38.620000,29202.63,29150,6995,29155,32453,29140,17269,29135,10050
2020-06-10 10:42:40.600000,29202.63,29150,6995,29155,32453,29140,17269,29135,10050
2020-06-10 10:42:41.000000,29181.65,29150,6995,29155,32453,29140,17269,29135,10050
2020-06-10 10:42:41.390000,29181.65,29150,6995,29155,32453,29140,17269,29135,10050
2020-06-10 10:42:41.790000,29181.65,29150,9395,29155,32453,29140,17269,29135,10050
2020-06-10 10:42:42.810000,29181.65,29150,6995,29155,32453,29140,17269,29135,10050
2020-06-10 10:42:43.760000,29181.65,29150,6995,29155,32453,29140,17269,29135,10050
2020-06-10 10:42:43.820000,29181.65,29150,6995,29155,32453,29140,17269,29135,10050
2020-06-10 10:42:44.870000,29181.65,29150,6995,29155,32453,29140,17269,29135,10050
2020-06-10 10:42:45.990000,29181.65,29150,7634,29155,32453,29140,17269,29135,10050
2020-06-10 10:42:46.930000,29181.65,29150,7634,29155,32453,29140,17269,29135,10050
2020-06-10 10:42:46.990000,29181.65,29150,7634,29155,32453,29140,17269,29135,10050
2020-06-10 10:42:47.980000,29181.65,29150,7634,29155,32453,29140,17269,29135,10050
2020-06-10 10:42:50.620000,29181.65,29150,1534,29155,8500,29145,17148,29140,10120
2020-06-10 10:42:51.010000,29196.25,29150,1495,29155,8500,29145,17148,29140,10120
2020-06-10 10:42:54.270000,29196.25,29150,7895,29155,22454,29140,17269,29135,10050
2020-06-10 10:42:54.400000,29196.25,29150,7595,29155,32453,29140,17269,29135,10050
2020-06-10 10:42:54.630000,29196.25,29150,7595,29155,12399,29145,17148,29140,121
2020-06-10 10:42:55.320000,29196.25,29150,7595,29155,32453,29140,17269,29135,10050
2020-06-10 10:42:56.600000,29196.25,29150,7595,29155,32453,29140,17269,29135,10050
2020-06-10 10:42:57.440000,29196.25,29150,8295,29155,32453,29140,17269,29135,10050
2020-06-10 10:42:57.720000,29196.25,29145,6100,29150,3895,29140,6221,29135,21098
2020-06-10 10:42:58.470000,29196.25,29145,6100,29150,3895,29140,17269,29135,10050
2020-06-10 10:42:58.720000,29196.25,29145,6100,29150,3895,29140,17269,29135,10050
2020-06-10 10:42:59.520000,29196.25,29150,9995,29155,32453,29140,17269,29135,10050
2020-06-10 10:42:59.930000,29196.25,29150,7595,29155,32453,29140,17269,29135,10050
2020-06-10 10:43:00.690000,29192.76,29150,7595,29155,32453,29140,17269,29135,10050
2020-06-10 10:43:02.330000,29192.76,29150,7595,29155,32453,29140,17269,29135,10050
2020-06-10 10:43:02.930000,29192.76,29150,7595,29155,32453,29140,17269,29135,10050
2020-06-10 10:43:04.040000,29192.76,29145,6100,29150,23949,29140,6221,29135,21098
2020-06-10 10:43:04.490000,29192.76,29145,6100,29150,23949,29140,6221,29135,21098
2020-06-10 10:43:05.020000,29192.76,29150,9995,29155,32453,29140,17269,29135,10050
2020-06-10 10:43:05.540000,29192.76,29150,7595,29155,32453,29140,17269,29135,10050
2020-06-10 10:43:05.930000,29192.76,29150,7595,29155,22454,29140,27268,29135,10050
2020-06-10 10:43:06.930000,29192.76,29150,7595,29155,32453,29140,17269,29135,10050
2020-06-10 10:43:07.690000,29192.76,29150,1495,29155,8500,29145,17148,29140,10120
2020-06-10 10:43:07.790000,29192.76,29150,1495,29155,8500,29145,17148,29140,10120
2020-06-10 10:43:10.220000,29192.76,29155,6100,29160,32020,29145,15653,29140,10120
2020-06-10 10:43:10.720000,29206.42,29155,6100,29160,32020,29145,15653,29140,10120
2020-06-10 10:43:11.390000,29206.42,29155,6100,29160,11966,29150,15653,29140,10120
2020-06-10 10:43:12.070000,29206.42,29160,8067,29165,32453,29150,15653,29145,9999
2020-06-10 10:43:12.390000,29206.42,29160,6767,29165,32453,29150,15653,29145,9999
2020-06-10 10:43:12.800000,29206.42,29155,6100,29160,23121,29145,25652,29140,10120
2020-06-10 10:43:13.220000,29206.42,29155,8500,29160,33120,29145,15653,29140,10120
2020-06-10 10:43:14.000000,29206.42,29160,39220,29165,12399,29150,4605,29145,11048
2020-06-10 10:43:14.220000,29206.42,29155,6100,29160,33120,29145,15653,29140,10120
2020-06-10 10:43:15.060000,29206.42,29155,6100,29160,33120,29145,15653,29140,10120
2020-06-10 10:43:15.220000,29206.42,29155,9132,29160,33120,29145,15653,29140,10120
2020-06-10 10:43:15.520000,29206.42,29155,6632,29160,33120,29145,15653,29140,10120
2020-06-10 10:43:16.020000,29206.42,29155,9132,29160,33120,29145,15653,29140,10120
2020-06-10 10:43:16.690000,29206.42,29155,6632,29160,33120,29145,15653,29140,10120
2020-06-10 10:43:17.750000,29206.42,29155,532,29160,19166,29150,15653,29140,10120
2020-06-10 10:43:17.970000,29206.42,29155,532,29160,19166,29150,15653,29140,10120
2020-06-10 10:43:18.840000,29206.42,29155,9032,29160,23121,29145,25652,29140,10120
2020-06-10 10:43:19.020000,29206.42,29155,9365,29160,33120,29145,15653,29140,10120
2020-06-10 10:43:20.920000,29183.81,29150,6100,29155,33318,29140,15774,29135,10050
2020-06-10 10:43:21.220000,29183.81,29155,9365,29160,33120,29145,15653,29140,10120
2020-06-10 10:43:21.980000,29183.81,29155,9365,29160,33119,29145,15653,29140,10120
2020-06-10 10:43:22.390000,29183.81,29150,6100,29155,23319,29140,25773,29135,10050
2020-06-10 10:43:23.090000,29183.81,29150,6100,29155,33318,29140,15774,29135,10050
2020-06-10 10:43:23.420000,29183.81,29145,6100,29150,32553,29140,121,29135,15704
2020-06-10 10:43:23.830000,29183.81,29145,6100,29150,32553,29140,121,29135,15704
2020-06-10 10:43:24.620000,29183.81,29145,6500,29150,32553,29140,121,29135,15704
2020-06-10 10:43:24.830000,29183.81,29145,6100,29150,32553,29140,121,29135,15704
2020-06-10 10:43:25.670000,29183.81,29145,6100,29150,32553,29140,121,29135,15704
2020-06-10 10:43:26.030000,29183.81,29145,5585,29150,2500,29140,15784,29135,10050
2020-06-10 10:43:26.530000,29183.81,29145,5585,29150,32553,29140,131,29135,15704
2020-06-10 10:43:27.230000,29183.81,29145,5585,29150,2500,29140,4736,29135,21098
2020-06-10 10:43:27.340000,29183.81,29150,8085,29155,33328,29140,15784,29135,10050
2020-06-10 10:43:27.690000,29183.81,29150,5585,29155,33328,29140,15784,29135,10050
2020-06-10 10:43:30.510000,29183.81,29150,5685,29155,33328,29140,15784,29135,10050
2020-06-10 10:43:30.610000,29183.81,29150,5585,29155,33328,29140,15784,29135,10050
2020-06-10 10:43:31.470000,29177.22,29150,5585,29155,33328,29140,15786,29135,10050
2020-06-10 10:43:31.620000,29177.22,29145,5585,29150,22554,29140,133,29135,25703
2020-06-10 10:43:32.510000,29177.22,29145,5585,29150,2500,29140,133,29135,25703
2020-06-10 10:43:33.560000,29177.22,29150,8085,29155,33328,29140,15786,29135,10050
2020-06-10 10:43:33.680000,29177.22,29150,5585,29155,33328,29140,15786,29135,10050
2020-06-10 10:43:33.820000,29177.22,29145,5585,29150,2500,29140,133,29135,25703
2020-06-10 10:43:34.610000,29177.22,29145,5585,29150,2500,29140,4738,29135,21098
2020-06-10 10:43:34.700000,29177.22,29145,5585,29150,2500,29140,4738,29135,21098
2020-06-10 10:43:35.680000,29177.22,29150,8085,29155,33328,29140,15786,29135,10050
2020-06-10 10:43:35.810000,29177.22,29150,5585,29155,33328,29140,15786,29135,10050
2020-06-10 10:43:36.790000,29177.22,29150,8085,29155,33328,29140,15786,29135,10050
2020-06-10 10:43:37.740000,29177.22,29150,5585,29155,33328,29140,15786,29135,10050
2020-06-10 10:43:37.810000,29177.22,29150,8085,29155,33328,29140,15786,29135,10050
2020-06-10 10:43:38.790000,29177.22,29145,5585,29150,2500,29140,15786,29135,10050
2020-06-10 10:43:38.930000,29177.22,29145,5585,29150,22554,29140,133,29135,25703
2020-06-10 10:43:39.400000,29177.22,29150,8085,29155,33328,29140,15786,29135,10050
2020-06-10 10:43:39.820000,29177.22,29150,5585,29155,33328,29140,15786,29135,10050
2020-06-10 10:43:40.920000,29177.22,29145,5585,29150,22554,29140,133,29135,25703
2020-06-10 10:43:41.040000,29181.25,29145,5685,29150,22554,29140,133,29135,25703
2020-06-10 10:43:41.310000,29181.25,29145,5685,29150,22554,29140,133,29135,25703
2020-06-10 10:43:42.040000,29181.25,29145,5685,29150,12499,29140,15786,29135,51
2020-06-10 10:43:42.310000,29181.25,29145,100,29150,8085,29140,15786,29135,10050
2020-06-10 10:43:43.020000,29181.25,29145,5685,29150,2500,29140,15786,29135,10050
2020-06-10 10:43:43.090000,29181.25,29145,100,29150,8085,29140,15786,29135,10050
2020-06-10 10:43:43.510000,29181.25,29145,100,29150,8085,29140,15786,29135,10050
2020-06-10 10:43:44.600000,29181.25,29145,100,29150,8085,29140,15786,29135,10050
2020-06-10 10:43:45.090000,29181.25,29145,7985,29150,22554,29140,133,29135,25703
2020-06-10 10:43:45.620000,29181.25,29145,5685,29150,2500,29140,133,29135,25703
2020-06-10 10:43:46.700000,29181.25,29145,5685,29150,12499,29140,11181,29135,4656
2020-06-10 10:43:46.820000,29181.25,29145,5685,29150,12499,29140,15786,29135,51
2020-06-10 10:43:47.290000,29181.25,29145,5685,29150,12499,29140,15786,29135,51
2020-06-10 10:43:47.800000,29181.25,29145,100,29150,8085,29140,15786,29135,10050
2020-06-10 10:43:51.430000,29192.07,29150,5585,29155,23379,29140,25685,29135,10050
2020-06-10 10:43:51.550000,29192.07,29150,5585,29155,13324,29145,15553,29140,133
2020-06-10 10:43:52.470000,29192.07,29150,5585,29155,3325,29145,15553,29140,10132
2020-06-10 10:43:52.600000,29192.07,29150,5585,29155,3325,29145,15553,29140,10132
2020-06-10 10:43:52.820000,29192.07,29150,5585,29155,3325,29145,15553,29140,10132
2020-06-10 10:43:53.550000,29192.07,29155,8910,29160,33119,29145,15553,29140,10132
2020-06-10 10:43:54.020000,29192.07,29155,8910,29160,33119,29145,15553,29140,10132
2020-06-10 10:43:55.630000,29192.07,29150,5472,29155,3325,29145,15553,29140,10132
2020-06-10 10:43:55.910000,29192.07,29150,6572,29155,33378,29140,15686,29135,10050
2020-06-10 10:43:56.680000,29192.07,29150,7772,29155,33378,29140,15686,29135,10050
2020-06-10 10:43:56.770000,29192.07,29150,6572,29155,33378,29140,15686,29135,10050
2020-06-10 10:43:57.790000,29192.07,29150,5472,29155,33378,29140,15686,29135,10050
2020-06-10 10:43:58.890000,29192.07,29150,7872,29155,33378,29140,15686,29135,10050
2020-06-10 10:44:00.690000,29176.32,29145,5472,29150,2400,29140,15686,29135,10050
2020-06-10 10:44:01.920000,29176.32,29145,6025,29150,2400,29140,15686,29135,10050
2020-06-10 10:44:02.300000,29176.32,29145,553,29150,7872,29140,15686,29135,10050
2020-06-10 10:44:04.050000,29176.32,29150,5472,29155,3275,29145,15000,29140,10132
2020-06-10 10:44:04.390000,29176.32,29150,5472,29155,3275,29145,15001,29140,10132
2020-06-10 10:44:05.520000,29176.32,29150,5472,29155,3275,29145,17049,29140,10132
2020-06-10 10:44:05.830000,29176.32,29150,5472,29155,13274,29145,1,29140,17181
2020-06-10 10:44:06.670000,29176.32,29150,5472,29155,3275,29145,1,29140,27180
2020-06-10 10:44:06.890000,29176.32,29155,8747,29160,23170,29145,27048,29140,10132
2020-06-10 10:44:07.740000,29176.32,29155,6347,29160,23170,29150,6100,29145,20948
2020-06-10 10:44:08.090000,29176.32,29155,6347,29160,13115,29150,17048,29145,1
2020-06-10 10:44:09.220000,29176.32,29155,875,29160,8588,29150,17048,29145,10000
2020-06-10 10:44:10.450000,29176.32,29160,716,29165,17872,29155,16173,29145,10000
2020-06-10 10:44:10.720000,29198.57,29160,716,29165,17872,29155,16173,29145,10000
2020-06-10 10:44:11.090000,29198.57,29160,716,29165,17872,29155,5225,29150,10948
2020-06-10 10:44:11.580000,29198.57,29160,8588,29165,32454,29150,16173,29145,10000
2020-06-10 10:44:12.500000,29198.57,29160,716,29165,17872,29155,16173,29145,10000
2020-06-10 10:44:12.920000,29198.57,29160,716,29165,17872,29155,16173,29145,10000
2020-06-10 10:44:14.110000,29198.57,29160,716,29165,17872,29155,16173,29145,10000
2020-06-10 10:44:14.450000,29198.57,29160,716,29165,7873,29155,16173,29150,9999
2020-06-10 10:44:15.170000,29198.57,29160,1355,29165,17872,29155,16173,29145,10000
2020-06-10 10:44:15.530000,29198.57,29160,9227,29165,22455,29150,26172,29145,10000
2020-06-10 10:44:16.200000,29198.57,29160,9227,29165,32454,29150,16173,29145,10000
2020-06-10 10:44:16.420000,29198.57,29160,1355,29165,17872,29155,16173,29145,10000
2020-06-10 10:44:17.030000,29198.57,29160,9027,29165,32454,29155,5225,29150,10948
2020-06-10 10:44:17.790000,29198.57,29160,6827,29165,32454,29155,5225,29150,10948
2020-06-10 10:44:18.030000,29198.57,29160,1355,29165,7873,29155,16123,29150,9999
2020-06-10 10:44:19.330000,29198.57,29160,1755,29165,17872,29155,16123,29145,10000
2020-06-10 10:44:19.720000,29198.57,29160,2255,29165,17872,29155,16123,29145,10000
2020-06-10 10:44:20.450000,29198.57,29160,1355,29165,7873,29155,16123,29150,9999
2020-06-10 10:44:21.700000,29202.38,29165,1,29170,8406,29160,14768,29155,9999
2020-06-10 10:44:22.570000,29202.38,29165,1,29170,8406,29160,14768,29155,9999
2020-06-10 10:44:22.820000,29202.38,29165,1,29170,8406,29160,14768,29155,9999
2020-06-10 10:44:23.120000,29202.38,29165,335,29170,8406,29160,14768,29155,9999
2020-06-10 10:44:25.210000,29202.38,29165,335,29170,8406,29160,24767,29155,9999
2020-06-10 10:44:26.260000,29202.38,29165,335,29170,8406,29160,14768,29155,9999
2020-06-10 10:44:27.320000,29202.38,29165,1035,29170,8406,29160,14768,29155,9999
2020-06-10 10:44:27.590000,29202.38,29165,335,29170,8406,29160,14768,29155,9999
2020-06-10 10:44:28.370000,29202.38,29165,8107,29170,2934,29160,14768,29155,9999
2020-06-10 10:44:28.620000,29202.38,29165,8107,29170,32987,29155,17048,29150,9999
2020-06-10 10:44:29.420000,29202.38,29165,8640,29170,32987,29155,17048,29150,9999
2020-06-10 10:44:29.620000,29202.38,29165,8628,29170,32987,29155,17048,29150,9999
2020-06-10 10:44:30.460000,29202.38,29165,856,29170,8406,29160,17048,29155,9999
2020-06-10 10:44:30.710000,29202.38,29165,844,29170,8406,29160,17048,29155,9999
2020-06-10 10:44:31.700000,29195.24,29165,944,29170,8406,29160,17048,29155,9999
2020-06-10 10:44:32.020000,29195.24,29165,3144,29170,8406,29160,17048,29155,9999
2020-06-10 10:44:33.070000,29195.24,29165,844,29170,8406,29160,17048,29155,9999
2020-06-10 10:44:33.790000,29195.24,29165,844,29170,8406,29160,17048,29155,9999
2020-06-10 10:44:36.210000,29195.24,29165,1144,29170,8406,29160,17048,29155,9999
2020-06-10 10:44:36.620000,29195.24,29165,944,29170,8406,29160,17048,29155,9999
2020-06-10 10:44:37.490000,29195.24,29165,3144,29170,8406,29160,17048,29155,9999
2020-06-10 10:44:40.390000,29196.02,29165,844,29170,8406,29160,17048,29155,9999
2020-06-10 10:44:41.220000,29196.02,29170,8306,29175,31250,29160,16204,29155,9999
2020-06-10 10:44:41.590000,29196.02,29170,8306,29175,31250,29160,16204,29155,9999
2020-06-10 10:44:43.160000,29196.02,29165,5472,29170,32887,29155,16204,29150,9999
2020-06-10 10:44:43.310000,29196.02,29165,7772,29170,32887,29155,16204,29150,9999
2020-06-10 10:44:43.690000,29196.02,29165,5472,29170,32887,29155,16204,29150,9999
2020-06-10 10:44:44.330000,29196.02,29165,7772,29170,32887,29155,16204,29150,9999
2020-06-10 10:44:46.360000,29196.02,29165,7772,29170,32887,29155,16204,29150,9999
2020-06-10 10:44:47.400000,29196.02,29160,5472,29165,32353,29150,16204,29145,10000
2020-06-10 10:44:47.700000,29196.02,29160,7772,29165,32353,29150,16204,29145,10000
2020-06-10 10:44:48.900000,29196.02,29160,7772,29165,32353,29150,16204,29145,10000
2020-06-10 10:44:49.030000,29196.02,29155,5472,29160,2300,29150,16204,29145,10000
2020-06-10 10:44:49.950000,29196.02,29160,7772,29165,32353,29150,16204,29145,10000
2020-06-10 10:44:50.010000,29196.02,29160,7772,29165,32353,29150,16204,29145,10000
2020-06-10 10:44:50.500000,29196.02,29160,5472,29165,32353,29150,16204,29145,10000
2020-06-10 10:44:51.140000,29194.82,29160,5472,29165,32353,29150,16204,29145,10000
2020-06-10 10:44:51.530000,29194.82,29155,5472,29160,2100,29150,16204,29145,10000
2020-06-10 10:44:52.030000,29194.82,29160,7572,29165,32353,29150,16204,29145,10000
2020-06-10 10:44:52.590000,29194.82,29160,5472,29165,32353,29150,16204,29145,10000
2020-06-10 10:44:53.230000,29194.82,29160,7257,29165,32353,29150,16204,29145,10000
2020-06-10 10:44:53.700000,29194.82,29160,4957,29165,32353,29150,16204,29145,10000
2020-06-10 10:44:54.210000,29194.82,29165,37310,29170,12833,29155,5256,29150,10948
2020-06-10 10:44:54.400000,29194.82,29160,4957,29165,32353,29150,16204,29145,10000
2020-06-10 10:44:54.790000,29194.82,29160,7057,29165,32353,29150,16204,29145,10000
2020-06-10 10:44:55.250000,29194.82,29160,5457,29165,32353,29150,16204,29145,10000
2020-06-10 10:44:55.600000,29194.82,29160,5057,29165,32353,29150,16204,29145,10000
2020-06-10 10:44:56.250000,29194.82,29160,5057,29165,32353,29150,16204,29145,10000
2020-06-10 10:44:56.370000,29194.82,29160,6957,29165,32353,29150,16204,29145,10000
2020-06-10 10:44:56.620000,29194.82,29155,4957,29160,2400,29150,5256,29145,20948
2020-06-10 10:44:56.920000,29194.82,29160,7357,29165,32353,29150,16204,29145,10000
2020-06-10 10:44:57.820000,29194.82,29155,4957,29160,100,29150,16204,29145,10000
2020-06-10 10:44:57.920000,29194.82,29160,5057,29165,32353,29150,16204,29145,10000
2020-06-10 10:44:58.030000,29194.82,29160,5057,29165,32353,29150,16204,29145,10000
2020-06-10 10:44:59.310000,29194.82,29160,7357,29165,32353,29150,16204,29145,10000
2020-06-10 10:44:59.730000,29194.82,29160,7357,29165,32353,29150,16204,29145,10000
2020-06-10 10:45:00.230000,29194.82,29160,5057,29165,32353,29150,16204,29145,10000
2020-06-10 10:45:00.950000,29194.82,29160,5057,29165,32353,29150,16204,29145,10000
2020-06-10 10:45:01.200000,29203.24,29160,7357,29165,32353,29150,16204,29145,10000
2020-06-10 10:45:01.990000,29203.24,29160,5057,29165,32353,29150,16204,29145,10000
2020-06-10 10:45:03.040000,29203.24,29155,4957,29160,32453,29145,16205,29140,10182
2020-06-10 10:45:03.290000,29203.24,29155,4957,29160,32453,29145,16205,29140,10182
2020-06-10 10:45:04.090000,29203.24,29155,7257,29160,32453,29145,16205,29140,10182
2020-06-10 10:45:04.400000,29203.24,29155,4957,29160,32453,29145,16205,29140,10182
2020-06-10 10:45:05.150000,29203.24,29155,4957,29160,32453,29145,16205,29140,10182
2020-06-10 10:45:06.200000,29203.24,29155,4957,29160,2400,29150,10948,29145,15256
2020-06-10 10:45:06.590000,29203.24,29160,7357,29165,32353,29150,16204,29145,10000
2020-06-10 10:45:07.020000,29203.24,29160,5057,29165,32353,29150,16204,29145,10000
2020-06-10 10:45:07.490000,29203.24,29160,6157,29165,32353,29150,16204,29145,10000
2020-06-10 10:45:07.840000,29203.24,29155,4957,29160,2500,29150,16204,29145,10000
2020-06-10 10:45:08.230000,29203.24,29155,4957,29160,2500,29150,16204,29145,10000
2020-06-10 10:45:08.620000,29203.24,29155,4957,29160,32553,29145,16205,29140,10182
2020-06-10 10:45:09.190000,29203.24,29155,7357,29160,32553,29145,16205,29140,10182
2020-06-10 10:45:09.910000,29203.24,29155,7357,29160,32553,29145,16205,29140,10182
2020-06-10 10:45:10.230000,29203.24,29150,4957,29155,22454,29145,1,29140,26386
2020-06-10 10:45:10.970000,29202.27,29150,4957,29155,22454,29145,1,29140,26386
2020-06-10 10:45:11.150000,29202.27,29150,4957,29155,2400,29145,1,29140,26386
2020-06-10 10:45:11.520000,29202.27,29155,7357,29160,32553,29145,16205,29140,10182
2020-06-10 10:45:11.930000,29202.27,29155,5857,29160,32553,29145,16205,29140,10182
2020-06-10 10:45:12.400000,29202.27,29155,4957,29160,32553,29145,16205,29140,10182
2020-06-10 10:45:13.100000,29202.27,29155,7357,29160,32553,29145,16205,29140,10182
2020-06-10 10:45:13.320000,29202.27,29150,4957,29155,2400,29145,1,29140,26386
2020-06-10 10:45:14.160000,29202.27,29150,4957,29155,2400,29145,5257,29140,21130
2020-06-10 10:45:14.290000,29202.27,29155,7357,29160,32553,29145,16205,29140,10182
2020-06-10 10:45:14.490000,29202.27,29150,4957,29155,400,29145,16205,29140,10182
2020-06-10 10:45:14.900000,29202.27,29155,5357,29160,32553,29145,16205,29140,10182
2020-06-10 10:45:15.400000,29202.27,29155,4957,29160,32553,29145,16205,29140,10182
2020-06-10 10:45:16.290000,29202.27,29155,6257,29160,32553,29145,16205,29140,10182
2020-06-10 10:45:16.440000,29202.27,29155,7057,29160,32553,29145,16205,29140,10182
2020-06-10 10:45:16.550000,29202.27,29150,4957,29155,2400,29145,16205,29140,10182
2020-06-10 10:45:17.350000,29202.27,29155,7357,29160,32553,29145,16205,29140,10182
2020-06-10 10:45:17.630000,29202.27,29155,4957,29160,32553,29145,16205,29140,10182
2020-06-10 10:45:18.470000,29202.27,29155,6157,29160,32553,29145,16205,29140,10182
2020-06-10 10:45:18.630000,29202.27,29150,4957,29155,32453,29145,1,29140,16387
2020-06-10 10:45:19.470000,29202.27,29150,7357,29155,32453,29145,1,29140,16387
2020-06-10 10:45:19.830000,29202.27,29150,4957,29155,32453,29140,16387,29135,10050
2020-06-10 10:45:20.520000,29178.19,29145,4957,29150,12399,29140,16387,29135,51
2020-06-10 10:45:20.990000,29178.19,29150,7357,29155,32453,29140,16387,29135,10050
2020-06-10 10:45:21.390000,29178.19,29150,4957,29155,32453,29140,16387,29135,10050
2020-06-10 10:45:22.130000,29178.19,29150,4957,29155,32453,29140,16387,29135,10050
2020-06-10 10:45:22.220000,29178.19,29150,4957,29155,32453,29140,16387,29135,10050
2020-06-10 10:45:23.190000,29178.19,29150,4957,29155,32453,29140,16387,29135,10050
2020-06-10 10:45:23.380000,29178.19,29150,4957,29155,32453,29140,16387,29135,10050
2020-06-10 10:45:24.250000,29178.19,29155,17356,29160,32553,29145,16204,29140,183
2020-06-10 10:45:24.420000,29178.19,29155,4957,29160,32553,29145,16204,29140,10182
2020-06-10 10:45:24.720000,29178.19,29150,4957,29155,12399,29145,16204,29140,183
2020-06-10 10:45:25.420000,29178.19,29150,4957,29155,32453,29140,16387,29135,10050
2020-06-10 10:45:25.610000,29178.19,29150,4957,29155,32453,29140,16387,29135,10050
2020-06-10 10:45:25.830000,29178.19,29145,4957,29150,12399,29140,16387,29135,51
2020-06-10 10:45:26.890000,29178.19,29150,17212,29155,32453,29140,16387,29135,51
2020-06-10 10:45:27.050000,29178.19,29150,17545,29155,32453,29140,16387,29135,51
2020-06-10 10:45:27.950000,29178.19,29150,7546,29155,32453,29140,16387,29135,10050
2020-06-10 10:45:29.200000,29178.19,29150,5290,29155,12399,29145,16204,29140,183
2020-06-10 10:45:29.590000,29178.19,29150,5290,29155,12399,29145,16204,29140,183
2020-06-10 10:45:30.230000,29178.19,29150,5290,29155,32453,29140,16387,29135,10050
2020-06-10 10:45:31.120000,29200.31,29150,7790,29155,32453,29140,16387,29135,10050
2020-06-10 10:45:31.250000,29200.31,29150,5290,29155,32453,29140,16387,29135,10050
2020-06-10 10:45:32.010000,29200.31,29150,5290,29155,12399,29145,16204,29140,183
2020-06-10 10:45:32.700000,29200.31,29150,5290,29155,12399,29145,10948,29140,5439
2020-06-10 10:45:32.830000,29200.31,29150,5290,29155,32453,29140,16387,29135,10050
2020-06-10 10:45:33.220000,29200.31,29150,5290,29155,32453,29140,16387,29135,10050
2020-06-10 10:45:33.530000,29200.31,29150,5490,29155,32453,29140,16387,29135,10050
2020-06-10 10:45:34.260000,29200.31,29150,5290,29155,32453,29140,16387,29135,10050
2020-06-10 10:45:34.360000,29200.31,29150,5590,29155,32453,29140,16387,29135,10050
2020-06-10 10:45:34.680000,29200.31,29145,4957,29150,22887,29140,183,29135,26254
2020-06-10 10:45:35.140000,29200.31,29145,4957,29150,22887,29140,183,29135,26254
2020-06-10 10:45:35.840000,29200.31,29145,7457,29150,32886,29140,183,29135,16255
2020-06-10 10:45:36.060000,29200.31,29145,4957,29150,22887,29140,183,29135,26254
2020-06-10 10:45:36.890000,29200.31,29145,4957,29150,12832,29140,16387,29135,51
2020-06-10 10:45:37.040000,29200.31,29145,4957,29150,32886,29140,183,29135,16255
2020-06-10 10:45:37.320000,29200.31,29145,4957,29150,32886,29140,183,29135,16255
2020-06-10 10:45:37.730000,29200.31,29145,5444,29150,32886,29140,183,29135,16255
2020-06-10 10:45:38.540000,29200.31,29145,7244,29150,32886,29140,183,29135,16255
2020-06-10 10:45:38.590000,29200.31,29145,4844,29150,32886,29140,183,29135,16255
2020-06-10 10:45:39.510000,29200.31,29145,4844,29150,32886,29140,183,29135,16255
2020-06-10 10:45:39.610000,29200.31,29150,17676,29155,32503,29140,16387,29135,51
2020-06-10 10:45:39.810000,29200.31,29150,7677,29155,32503,29140,16387,29135,10050
2020-06-10 10:45:40.200000,29200.31,29150,5177,29155,32503,29140,16387,29135,10050
2020-06-10 10:45:40.620000,29200.31,29150,7577,29155,32503,29140,16387,29135,10050
2020-06-10 10:45:41.030000,29198.08,29150,5177,29155,32503,29140,16387,29135,10050
2020-06-10 10:45:42.210000,29198.08,29150,5177,29155,32503,29140,16387,29135,10050
2020-06-10 10:45:43.200000,29198.08,29150,5177,29155,32503,29140,16387,29135,10050
2020-06-10 10:45:43.350000,29198.08,29150,8109,29155,32503,29140,16387,29135,10050
2020-06-10 10:45:43.920000,29198.08,29150,5709,29155,32503,29140,16387,29135,10050
2020-06-10 10:45:44.760000,29198.08,29150,6348,29155,32503,29140,16387,29135,10050
2020-06-10 10:45:44.980000,29198.08,29150,6348,29155,12449,29145,16204,29140,183
2020-06-10 10:45:45.230000,29198.08,29150,1504,29155,7294,29145,16204,29140,10182
2020-06-10 10:45:46.340000,29198.08,29150,1504,29155,7294,29145,16204,29140,10182
2020-06-10 10:45:46.790000,29198.08,29155,50,29160,7344,29150,16204,29145,9999
2020-06-10 10:45:47.230000,29198.08,29155,50,29160,7344,29150,16204,29145,9999
2020-06-10 10:45:47.590000,29198.08,29155,7294,29160,32553,29150,1504,29145,17048
2020-06-10 10:45:48.410000,29198.08,29155,4894,29160,12499,29150,12452,29145,6100
2020-06-10 10:45:48.650000,29198.08,29155,5446,29160,32553,29150,1504,29145,17048
2020-06-10 10:45:49.460000,29198.08,29155,5446,29160,12499,29150,18552,29140,10182
2020-06-10 10:45:49.820000,29198.08,29155,5446,29160,2500,29150,18552,29145,9999
2020-06-10 10:45:50.290000,29200.33,29155,602,29160,7344,29150,18552,29145,9999
2020-06-10 10:45:52.210000,29200.33,29155,5446,29160,2500,29150,18552,29145,9999
2020-06-10 10:45:53.150000,29200.33,29155,5446,29160,32553,29150,1504,29145,17048
2020-06-10 10:45:54.190000,29200.33,29155,5446,29160,12499,29150,12452,29145,6100
2020-06-10 10:45:54.320000,29200.33,29155,602,29160,17343,29150,18552,29140,10182
2020-06-10 10:45:55.240000,29200.33,29155,602,29160,7344,29150,18552,29145,9999
2020-06-10 10:45:55.350000,29200.33,29155,7846,29160,32553,29150,1504,29145,17048
2020-06-10 10:45:55.620000,29200.33,29155,602,29160,7344,29150,18552,29145,9999
2020-06-10 10:45:57.790000,29200.33,29155,602,29160,7344,29150,18512,29145,9999
2020-06-10 10:45:59.110000,29200.33,29160,100,29165,7144,29155,17048,29150,11463
2020-06-10 10:45:59.930000,29200.33,29165,4844,29170,2834,29160,10948,29155,16099
2020-06-10 10:46:00.430000,29200.33,29165,4844,29170,32887,29155,17048,29150,11463
2020-06-10 10:46:01.500000,29179.29,29170,2834,29175,6041,29165,16446,29155,10601
2020-06-10 10:46:01.740000,29179.29,29170,7678,29175,31250,29160,16446,29155,10601
2020-06-10 10:46:02.570000,29179.29,29165,4844,29170,2834,29160,16446,29155,10601
2020-06-10 10:46:02.930000,29179.29,29165,4844,29170,2834,29155,27047,29150,11463
2020-06-10 10:46:03.600000,29179.29,29165,5444,29170,32887,29155,17048,29150,11463
2020-06-10 10:46:04.250000,29179.29,29165,7044,29170,32887,29155,17048,29150,11463
2020-06-10 10:46:05.350000,29179.29,29165,7244,29170,32887,29155,17048,29150,11463
2020-06-10 10:46:05.630000,29179.29,29165,4844,29170,2834,29160,10948,29155,16099
2020-06-10 10:46:06.130000,29179.29,29165,5044,29170,32887,29155,17048,29150,11463
2020-06-10 10:46:06.630000,29179.29,29165,7251,29170,32887,29160,10,29155,17048
2020-06-10 10:46:07.800000,29179.29,29165,4851,29170,32887,29160,10,29155,17048
2020-06-10 10:46:07.890000,29179.29,29165,7,29170,7678,29160,16456,29155,10601
2020-06-10 10:46:08.130000,29179.29,29165,7151,29170,2834,29155,26957,29150,11463
2020-06-10 10:46:08.860000,29179.29,29165,4851,29170,2834,29160,16356,29155,10601
2020-06-10 10:46:09.130000,29179.29,29165,7,29170,7678,29160,16356,29155,10601
2020-06-10 10:46:09.920000,29179.29,29165,7,29170,7678,29160,16356,29155,10601
2020-06-10 10:46:10.060000,29179.29,29165,1,29170,7678,29160,16349,29155,10601
2020-06-10 10:46:10.330000,29179.29,29170,7678,29175,31250,29160,16349,29155,10601
2020-06-10 10:46:10.990000,29179.29,29170,7678,29175,31250,29160,16349,29155,10601
2020-06-10 10:46:11.420000,29198.69,29170,5378,29175,31250,29160,16349,29155,10601
2020-06-10 10:46:11.830000,29198.69,29165,4844,29170,32887,29155,16951,29150,11463
2020-06-10 10:46:12.330000,29198.69,29165,4844,29170,2834,29155,26950,29150,11463
2020-06-10 10:46:13.080000,29198.69,29165,5644,29170,32887,29155,16951,29150,11463
2020-06-10 10:46:13.270000,29198.69,29165,7144,29170,32887,29155,16951,29150,11683
2020-06-10 10:46:13.450000,29198.69,29165,4944,29170,32887,29155,16951,29150,11683
2020-06-10 10:46:14.160000,29198.69,29165,6144,29170,32887,29155,16951,29150,11683
2020-06-10 10:46:14.250000,29198.69,29165,7144,29170,32887,29155,16951,29150,11683
2020-06-10 10:46:14.520000,29198.69,29165,6144,29170,32887,29155,16951,29150,11683
2020-06-10 10:46:15.220000,29198.69,29165,7144,29170,32887,29155,16951,29150,11683
2020-06-10 10:46:15.390000,29198.69,29165,7144,29170,32887,29155,16951,29150,11683
2020-06-10 10:46:15.520000,29198.69,29165,4844,29170,32887,29155,16951,29150,11683
2020-06-10 10:46:16.280000,29198.69,29165,7144,29170,32887,29155,16951,29150,11683
2020-06-10 10:46:16.410000,29198.69,29165,7144,29170,32887,29155,16951,29150,11683
2020-06-10 10:46:17.720000,29198.69,29165,4844,29170,32887,29155,16951,29150,11683
2020-06-10 10:46:18.440000,29198.69,29165,5444,29170,32887,29155,16951,29150,11683
2020-06-10 10:46:18.830000,29198.69,29170,7678,29175,31250,29160,16349,29155,10601
2020-06-10 10:46:19.300000,29198.69,29170,7678,29175,31250,29160,16349,29155,10601
2020-06-10 10:46:20.510000,29198.69,29170,7126,29175,31250,29160,16349,29155,10601
2020-06-10 10:46:27.390000,29182.99,29170,7126,29175,31250,29160,16349,29155,10601
2020-06-10 10:46:27.480000,29182.99,29170,7126,29175,31250,29165,6,29160,16349
2020-06-10 10:46:27.710000,29182.99,29170,7126,29175,31250,29165,6,29160,16349
2020-06-10 10:46:28.920000,29182.99,29170,2,29175,16040,29165,16355,29155,10601
2020-06-10 10:46:29.420000,29182.99,29170,2,29175,6041,29165,16355,29160,9999
2020-06-10 10:46:30.530000,29182.99,29170,1402,29175,16040,29165,16355,29155,10601
2020-06-10 10:46:30.710000,29182.99,29170,4846,29175,11196,29165,16355,29155,10601
2020-06-10 10:46:30.900000,29180.11,29170,335,29175,16040,29165,16355,29155,10601
2020-06-10 10:46:31.570000,29180.11,29170,5179,29175,11196,29165,16355,29155,10601
2020-06-10 10:46:32.030000,29180.11,29170,7479,29175,31250,29165,6,29160,16349
2020-06-10 10:46:32.590000,29180.11,29170,5179,29175,31250,29165,6,29160,16349
2020-06-10 10:46:33.010000,29180.11,29170,5179,29175,31250,29165,6,29160,16349
2020-06-10 10:46:33.420000,29180.11,29170,335,29175,16040,29165,16355,29155,10601
2020-06-10 10:46:34.200000,29180.11,29170,335,29175,6041,29165,16355,29160,9999
2020-06-10 10:46:34.710000,29180.11,29175,1197,29180,15265,29170,16349,29165,6
2020-06-10 10:46:35.120000,29180.11,29175,6041,29180,10421,29170,16349,29165,6
2020-06-10 10:46:35.990000,29180.11,29175,1197,29180,15265,29170,16349,29165,6
2020-06-10 10:46:36.820000,29180.11,29175,6041,29180,10421,29170,16349,29165,6
2020-06-10 10:46:37.290000,29180.11,29175,6041,29180,10421,29170,16349,29165,6
2020-06-10 10:46:37.790000,29180.11,29175,1197,29180,5266,29170,16349,29165,10005
2020-06-10 10:46:38.230000,29180.11,29175,6041,29180,10421,29170,16349,29165,6
2020-06-10 10:46:38.730000,29180.11,29175,1197,29180,5266,29170,16349,29165,10005
2020-06-10 10:46:39.120000,29180.11,29175,1197,29180,15265,29170,16349,29165,6
2020-06-10 10:46:40.130000,29180.11,29175,8141,29180,30475,29165,16355,29160,9999
2020-06-10 10:46:40.270000,29180.11,29175,8141,29180,30475,29165,16355,29160,9999
2020-06-10 10:46:40.490000,29180.11,29175,8191,29180,30475,29165,16355,29160,9999
2020-06-10 10:46:42.120000,29201.89,29170,100,29175,8191,29165,16355,29160,9999
2020-06-10 10:46:42.410000,29201.89,29170,100,29175,8191,29165,16355,29160,9999
2020-06-10 10:46:44.710000,29201.89,29170,100,29175,8191,29165,16355,29160,9999
2020-06-10 10:46:46.820000,29201.89,29170,100,29175,8191,29165,16355,29160,9999
2020-06-10 10:46:48.990000,29201.89,29170,100,29175,8191,29165,16355,29160,9999
2020-06-10 10:46:50.190000,29201.89,29170,100,29175,8191,29165,16355,29160,9999
2020-06-10 10:46:50.630000,29197.77,29175,1247,29180,15265,29170,16249,29165,6
2020-06-10 10:46:51.580000,29197.77,29175,1247,29180,15265,29170,16249,29165,6
2020-06-10 10:46:51.750000,29197.77,29175,1247,29180,5266,29170,16249,29165,10005
2020-06-10 10:46:52.750000,29197.77,29175,1247,29180,5266,29170,16249,29165,10005
2020-06-10 10:46:54.780000,29197.77,29175,1247,29180,5266,29170,16249,29165,10005
2020-06-10 10:46:54.890000,29197.77,29175,1247,29180,5266,29170,16249,29165,10005
2020-06-10 10:46:55.390000,29197.77,29175,1252,29180,5266,29170,16242,29165,10005
2020-06-10 10:46:56.310000,29197.77,29175,1252,29180,5266,29170,16242,29165,10005
2020-06-10 10:46:56.890000,29197.77,29175,1785,29180,5266,29170,16242,29165,10005
2020-06-10 10:46:57.490000,29197.77,29175,1785,29180,5266,29170,16242,29165,10005
2020-06-10 10:46:57.600000,29197.77,29175,1785,29180,5266,29170,16242,29165,10005
2020-06-10 10:46:58.190000,29197.77,29175,1785,29180,5276,29170,16242,29165,10005
2020-06-10 10:47:00.200000,29197.77,29175,1785,29180,5276,29170,16242,29165,10005
2020-06-10 10:47:02.520000,29194.94,29180,432,29185,6054,29175,16242,29170,9999
2020-06-10 10:47:03.220000,29194.94,29180,5276,29185,1210,29175,16242,29170,9999
2020-06-10 10:47:03.720000,29194.94,29180,432,29185,6054,29175,16242,29170,9999
2020-06-10 10:47:04.220000,29194.94,29180,432,29185,6054,29175,16242,29170,9999
2020-06-10 10:47:05.940000,29194.94,29180,7476,29185,31263,29175,1785,29170,16951
2020-06-10 10:47:07.610000,29194.94,29180,7476,29185,11209,29175,18736,29165,10005
2020-06-10 10:47:07.800000,29194.94,29180,432,29185,6054,29175,18736,29170,9999
2020-06-10 10:47:08.090000,29194.94,29185,6054,29190,2537,29180,16951,29175,11784
2020-06-10 10:47:08.420000,29194.94,29185,6054,29190,12536,29180,11283,29175,7453
2020-06-10 10:47:09.590000,29194.94,29185,1210,29190,7381,29180,16951,29175,11784
2020-06-10 10:47:09.750000,29194.94,29185,2410,29190,7381,29180,16951,29175,11784
2020-06-10 10:47:09.810000,29194.94,29185,6054,29190,2537,29180,16951,29175,11784
2020-06-10 10:47:11.040000,29218.65,29185,1210,29190,7381,29180,16951,29175,11784
2020-06-10 10:47:12.760000,29218.65,29185,8254,29190,32490,29180,432,29175,18304
2020-06-10 10:47:12.980000,29218.65,29180,4844,29185,3410,29175,18304,29170,9999
2020-06-10 10:47:13.820000,29218.65,29185,8254,29190,32490,29175,18304,29170,9999
2020-06-10 10:47:13.920000,29218.65,29185,8893,29190,32490,29175,18304,29170,9999
2020-06-10 10:47:14.120000,29218.65,29180,4844,29185,4049,29175,12636,29170,15667
2020-06-10 10:47:14.890000,29218.65,29185,8893,29190,32490,29175,18304,29170,9999
2020-06-10 10:47:15.010000,29218.65,29185,8893,29190,32490,29175,18304,29170,9999
2020-06-10 10:47:18.790000,29218.65,29185,8893,29190,32490,29175,18304,29170,9999
2020-06-10 10:47:19.220000,29218.65,29185,6693,29190,12436,29180,16519,29175,1785
2020-06-10 10:47:19.630000,29218.65,29185,6579,29190,32490,29175,18304,29170,9999
2020-06-10 10:47:19.930000,29218.65,29185,6579,29190,22491,29175,28303,29170,9999
2020-06-10 10:47:20.780000,29224.83,29185,6879,29190,32490,29175,18304,29170,9999
2020-06-10 10:47:20.910000,29224.83,29185,7279,29190,32490,29175,18304,29170,9999
2020-06-10 10:47:21.280000,29224.83,29185,8379,29190,32490,29175,18304,29170,9999
2020-06-10 10:47:21.720000,29224.83,29185,6579,29190,32490,29175,18304,29170,9999
2020-06-10 10:47:22.190000,29224.83,29185,6679,29190,22491,29175,28303,29170,9999
2020-06-10 10:47:22.910000,29224.83,29185,6679,29190,12436,29180,16519,29175,1785
2020-06-10 10:47:23.070000,29224.83,29185,1835,29190,7291,29180,16519,29175,11784
2020-06-10 10:47:23.410000,29224.83,29185,6679,29190,2447,29180,16519,29175,11784
2020-06-10 10:47:24.530000,29224.83,29185,6679,29190,32500,29175,18304,29170,9999
2020-06-10 10:47:24.690000,29224.83,29185,6679,29190,32500,29175,18304,29170,9999
2020-06-10 10:47:24.920000,29224.83,29185,6679,29190,32500,29175,18304,29170,9999
2020-06-10 10:47:25.130000,29224.83,29185,6679,29190,32500,29175,18304,29170,9999
2020-06-10 10:47:25.520000,29224.83,29185,6679,29190,32500,29175,18304,29170,9999
2020-06-10 10:47:26.100000,29224.83,29185,6679,29190,32500,29175,18304,29170,9999
2020-06-10 10:47:26.700000,29224.83,29185,6679,29190,32500,29175,18304,29170,9999
2020-06-10 10:47:27.020000,29224.83,29185,6679,29190,12446,29180,10851,29175,7453
2020-06-10 10:47:27.520000,29224.83,29185,6679,29190,12446,29180,16519,29175,1785
2020-06-10 10:47:28.160000,29224.83,29185,6679,29190,12446,29180,10851,29175,7453
2020-06-10 10:47:28.390000,29224.83,29185,6679,29190,12446,29180,16519,29175,1785
2020-06-10 10:47:28.780000,29224.83,29185,6679,29190,12446,29180,16519,29175,1785
2020-06-10 10:47:29.270000,29224.83,29185,6679,29190,32500,29175,18304,29170,9999
2020-06-10 10:47:29.500000,29224.83,29185,6679,29190,12446,29180,10851,29175,7453
2020-06-10 10:47:30.270000,29224.83,29185,6679,29190,32500,29175,18304,29170,9999
2020-06-10 10:47:30.420000,29224.83,29185,6679,29190,12446,29180,10851,29175,7453
2020-06-10 10:47:31.310000,29223.28,29185,6679,29190,32500,29175,18304,29170,9999
2020-06-10 10:47:31.530000,29223.28,29185,8979,29190,32500,29175,18304,29170,9999
2020-06-10 10:47:31.690000,29223.28,29180,4844,29185,4135,29175,18304,29170,9999
2020-06-10 10:47:32.360000,29223.28,29180,4844,29185,4135,29175,18304,29170,9999
2020-06-10 10:47:32.550000,29223.28,29180,4844,29185,14134,29175,12636,29170,5668
2020-06-10 10:47:32.800000,29223.28,29185,8979,29190,32500,29175,18304,29170,9999
2020-06-10 10:47:33.190000,29223.28,29185,6679,29190,32500,29175,18304,29170,9999
2020-06-10 10:47:33.940000,29223.28,29185,8579,29190,32500,29175,18304,29170,9999
2020-06-10 10:47:34.120000,29223.28,29185,8579,29190,32500,29175,18304,29170,9999
2020-06-10 10:47:34.980000,29223.28,29180,4844,29185,4135,29175,18304,29170,9999
2020-06-10 10:47:35.120000,29223.28,29180,5178,29185,4135,29175,18304,29170,9999
2020-06-10 10:47:35.510000,29223.28,29180,887,29185,8979,29175,18304,29170,9999
2020-06-10 10:47:36.030000,29223.28,29180,887,29185,8979,29175,18304,29170,9999
2020-06-10 10:47:36.420000,29223.28,29185,6679,29190,12446,29180,11622,29175,7453
2020-06-10 10:47:36.920000,29223.28,29185,6679,29190,2447,29180,16519,29175,11784
2020-06-10 10:47:37.590000,29223.28,29185,6679,29190,2497,29180,16519,29175,11784
2020-06-10 10:47:37.810000,29223.28,29185,6679,29190,32550,29175,18304,29170,9999
2020-06-10 10:47:38.640000,29223.28,29185,6679,29190,32550,29175,18304,29170,9999
2020-06-10 10:47:38.790000,29223.28,29185,6679,29190,12496,29175,18304,29170,9999
2020-06-10 10:47:39.120000,29223.28,29185,6679,29190,32550,29175,18304,29170,9999
2020-06-10 10:47:39.610000,29223.28,29185,6979,29190,32550,29175,18304,29170,9999
2020-06-10 10:47:40.280000,29223.28,29185,6679,29190,32550,29175,18304,29170,9999
2020-06-10 10:47:41.310000,29210.17,29185,8379,29190,32550,29175,18304,29170,9999
2020-06-10 10:47:42.320000,29210.17,29185,8479,29190,32550,29175,18304,29170,9999
2020-06-10 10:47:42.480000,29210.17,29185,8979,29190,32550,29175,18304,29170,9999
2020-06-10 10:47:42.670000,29210.17,29185,6679,29190,32550,29175,18304,29170,9999
2020-06-10 10:47:42.900000,29210.17,29185,6679,29190,32550,29175,18304,29170,9999
2020-06-10 10:47:43.220000,29210.17,29185,7379,29190,32550,29175,18304,29170,9999
2020-06-10 10:47:43.500000,29210.17,29185,6679,29190,32550,29175,18304,29170,9999
2020-06-10 10:47:44.210000,29210.17,29185,9079,29190,32550,29175,18304,29170,9999
2020-06-10 10:47:44.930000,29210.17,29185,6679,29190,32550,29175,18304,29170,9999
2020-06-10 10:47:45.000000,29210.17,29185,6679,29190,32540,29175,18304,29170,9999
2020-06-10 10:47:45.420000,29210.17,29185,9079,29190,32540,29175,18304,29170,9999
2020-06-10 10:47:45.710000,29210.17,29185,6679,29190,32540,29175,18304,29170,9999
2020-06-10 10:47:46.590000,29210.17,29185,6679,29190,32540,29175,18304,29170,9999
2020-06-10 10:47:46.990000,29210.17,29185,6163,29190,32540,29175,18304,29170,9999
2020-06-10 10:47:47.690000,29210.17,29185,6963,29190,32540,29175,18304,29170,9999
2020-06-10 10:47:48.750000,29210.17,29185,6163,29190,32540,29175,18304,29170,9999
2020-06-10 10:47:49.300000,29210.17,29185,6163,29190,32540,29180,1500,29175,18304
2020-06-10 10:47:49.720000,29210.17,29180,6100,29185,2919,29175,18304,29170,9999
2020-06-10 10:47:50.220000,29210.17,29185,9019,29190,32540,29175,18304,29170,9999
2020-06-10 10:47:51.330000,29217.11,29185,7419,29190,32640,29175,18304,29170,9999
2020-06-10 10:47:51.720000,29217.11,29185,9819,29190,32640,29175,18304,29170,9999
2020-06-10 10:47:52.010000,29217.11,29180,6100,29185,3719,29175,18304,29170,9999
2020-06-10 10:47:52.980000,29217.11,29185,9819,29190,32640,29175,18304,29170,9999
2020-06-10 10:47:53.420000,29217.11,29180,6100,29185,23773,29170,26518,29165,10005
2020-06-10 10:47:53.890000,29217.11,29180,6100,29185,23773,29170,26518,29165,10005
2020-06-10 10:47:55.030000,29217.11,29180,7600,29185,33772,29170,16519,29165,10005
2020-06-10 10:47:56.040000,29217.11,29180,8400,29185,33772,29170,16519,29165,10005
2020-06-10 10:47:56.140000,29217.11,29175,6100,29180,2300,29170,16519,29165,10005
2020-06-10 10:47:56.530000,29217.11,29175,6100,29180,2300,29170,16519,29165,10005
2020-06-10 10:47:57.590000,29217.11,29180,8400,29185,33772,29170,16519,29165,10005
2020-06-10 10:47:57.650000,29217.11,29180,7600,29185,33772,29170,16519,29165,10005
2020-06-10 10:47:58.030000,29217.11,29175,6100,29180,1500,29170,16519,29165,10005
2020-06-10 10:47:58.640000,29217.11,29180,7587,29185,33772,29170,16519,29165,10005
2020-06-10 10:47:59.760000,29217.11,29180,6087,29185,33772,29175,13,29170,16519
2020-06-10 10:48:00.750000,29217.11,29180,6087,29185,33772,29175,13,29170,16519
2020-06-10 10:48:00.870000,29200.97,29180,6087,29185,3719,29175,15532,29170,9999
2020-06-10 10:48:01.810000,29200.97,29185,9806,29190,32640,29175,15532,29170,9999
2020-06-10 10:48:02.120000,29200.97,29185,7406,29190,32640,29175,15532,29170,9999
2020-06-10 10:48:03.210000,29200.97,29185,8106,29190,32640,29175,15532,29170,9999
2020-06-10 10:48:03.920000,29200.97,29185,7406,29190,32640,29175,15532,29170,9999
2020-06-10 10:48:06.230000,29200.97,29180,6087,29185,3619,29175,10851,29170,14680
2020-06-10 10:48:06.700000,29200.97,29180,6087,29185,3619,29175,10851,29170,14680
2020-06-10 10:48:07.230000,29200.97,29180,6087,29185,3619,29175,15532,29170,9999
2020-06-10 10:48:07.590000,29200.97,29185,9706,29190,32640,29175,15532,29170,9999
2020-06-10 10:48:08.120000,29200.97,29180,6087,29185,3619,29175,15532,29170,9999
2020-06-10 10:48:08.490000,29200.97,29180,6087,29185,3925,29175,15532,29170,9999
2020-06-10 10:48:09.200000,29200.97,29180,6087,29185,3925,29175,10851,29170,14680
2020-06-10 10:48:09.380000,29200.97,29180,6087,29185,13924,29175,10851,29170,4681
2020-06-10 10:48:09.550000,29200.97,29180,6087,29185,3925,29170,25531,29165,10005
2020-06-10 10:48:10.260000,29200.97,29180,6187,29185,3925,29170,25531,29165,10005
2020-06-10 10:48:10.350000,29200.97,29180,6087,29185,3925,29175,10851,29170,14680
2020-06-10 10:48:11.320000,29227.44,29180,532,29185,10012,29175,15532,29170,9999
2020-06-10 10:48:12.540000,29227.44,29180,6619,29185,3925,29175,15532,29170,9999
2020-06-10 10:48:13.440000,29227.44,29180,6619,29185,3925,29175,15532,29170,9999
2020-06-10 10:48:13.730000,29227.44,29180,532,29185,10012,29175,15532,29170,9999
2020-06-10 10:48:14.630000,29227.44,29180,7419,29185,3925,29175,10851,29170,14680
2020-06-10 10:48:14.870000,29227.44,29180,6619,29185,3925,29175,10851,29170,14680
2020-06-10 10:48:15.020000,29227.44,29180,6619,29185,3925,29175,15532,29170,9999
2020-06-10 10:48:15.290000,29227.44,29180,6619,29185,3925,29175,15532,29170,9999
2020-06-10 10:48:15.520000,29227.44,29180,6619,29185,3925,29175,10851,29170,14680
2020-06-10 10:48:15.930000,29227.44,29180,6619,29185,3925,29175,10851,29170,14680
2020-06-10 10:48:17.690000,29227.44,29180,6619,29185,23979,29170,25531,29165,10005
2020-06-10 10:48:17.800000,29227.44,29180,9119,29185,23979,29170,25531,29165,10005
2020-06-10 10:48:18.080000,29227.44,29180,6619,29185,23979,29170,25531,29165,10005
2020-06-10 10:48:19.750000,29227.44,29180,6619,29185,3925,29175,10851,29170,14680
2020-06-10 10:48:19.850000,29227.44,29180,6619,29185,3925,29175,10851,29170,14680
2020-06-10 10:48:19.910000,29227.44,29180,6619,29185,23979,29170,25531,29165,10005
2020-06-10 10:48:20.800000,29227.44,29180,6619,29185,13924,29175,10851,29170,4681
2020-06-10 10:48:20.890000,29207.14,29180,6619,29185,13924,29175,10851,29170,4681
2020-06-10 10:48:21.720000,29207.14,29180,6619,29185,23979,29170,25531,29165,10005
2020-06-10 10:48:22.110000,29207.14,29180,6619,29185,13924,29175,10851,29170,4681
2020-06-10 10:48:23.130000,29207.14,29180,6619,29185,13924,29175,10851,29170,4681
2020-06-10 10:48:23.940000,29207.14,29180,6619,29185,3925,29175,10851,29170,14680
2020-06-10 10:48:24.030000,29207.14,29180,6619,29185,3925,29175,10851,29170,14680
2020-06-10 10:48:24.320000,29207.14,29180,6619,29185,3925,29170,25531,29165,10005
2020-06-10 10:48:24.990000,29207.14,29180,6619,29185,3925,29175,10851,29170,14680
2020-06-10 10:48:25.110000,29207.14,29180,6619,29185,3925,29175,15532,29170,9999
2020-06-10 10:48:25.910000,29207.14,29180,6619,29185,3925,29175,15532,29170,9999
2020-06-10 10:48:26.630000,29207.14,29180,6619,29185,33978,29170,15532,29165,10005
2020-06-10 10:48:26.780000,29207.14,29180,6619,29185,3925,29175,10851,29170,14680
2020-06-10 10:48:33.920000,29222.23,29185,7712,29190,12590,29180,15000,29170,9999
2020-06-10 10:48:34.420000,29222.23,29185,7712,29190,32644,29175,16951,29170,9999
2020-06-10 10:48:34.920000,29222.23,29180,100,29185,7712,29175,26950,29170,9999
2020-06-10 10:48:35.420000,29222.23,29185,7712,29190,12590,29180,10751,29175,6100
2020-06-10 10:48:35.810000,29222.23,29185,7712,29190,32644,29175,16851,29170,9999
2020-06-10 10:48:36.610000,29222.23,29185,7712,29190,12590,29180,16851,29170,19999
2020-06-10 10:48:36.760000,29222.23,29185,9412,29190,32644,29175,16851,29170,9999
2020-06-10 10:48:36.920000,29222.23,29185,7712,29190,2591,29175,26850,29170,9999
2020-06-10 10:48:37.660000,29222.23,29185,7712,29190,12590,29180,10751,29175,6100
2020-06-10 10:48:37.780000,29222.23,29185,7712,29190,12590,29180,16851,29170,9999
2020-06-10 10:48:37.870000,29222.23,29185,7712,29190,12590,29180,10751,29175,6100
2020-06-10 10:48:38.480000,29222.23,29185,7712,29190,12590,29180,16851,29170,9999
2020-06-10 10:48:38.890000,29222.23,29185,8046,29190,12590,29180,10751,29175,6100
2020-06-10 10:48:39.760000,29222.23,29185,8846,29190,32644,29175,16851,29170,9999
2020-06-10 10:48:39.890000,29222.23,29185,8046,29190,32644,29175,16851,29170,9999
2020-06-10 10:48:40.810000,29222.23,29185,8046,29190,12590,29180,10751,29175,6100
2020-06-10 10:48:40.940000,29210.29,29185,9346,29190,22645,29175,26850,29170,9999
2020-06-10 10:48:41.330000,29210.29,29185,8046,29190,32644,29175,16851,29170,9999
2020-06-10 10:48:42.390000,29210.29,29185,8046,29190,32644,29175,16851,29170,9999
2020-06-10 10:48:43.430000,29210.29,29185,8047,29190,2591,29175,26850,29170,9999
2020-06-10 10:48:43.590000,29210.29,29185,8690,29190,12590,29180,10751,29175,6100
2020-06-10 10:48:43.820000,29210.29,29185,8690,29190,32644,29180,10,29175,16851
2020-06-10 10:48:44.390000,29210.29,29185,8690,29190,32644,29180,10,29175,16851
2020-06-10 10:48:44.590000,29210.29,29185,8690,29190,32644,29180,10,29175,16851
2020-06-10 10:48:44.890000,29210.29,29185,8690,29190,32644,29180,10,29175,16861
2020-06-10 10:48:45.560000,29210.29,29185,8690,29190,22645,29180,10,29175,26860
2020-06-10 10:48:45.680000,29210.29,29185,8690,29190,32644,29180,10,29175,16861
2020-06-10 10:48:46.640000,29210.29,29185,8690,29190,32644,29180,10,29175,16861
2020-06-10 10:48:47.820000,29210.29,29185,9290,29190,32644,29180,10,29175,16861
2020-06-10 10:48:48.030000,29210.29,29180,6087,29185,5203,29175,16861,29170,10009
2020-06-10 10:48:48.420000,29210.29,29185,11290,29190,32644,29175,16861,29170,10009
2020-06-10 10:48:48.710000,29210.29,29185,9290,29190,32644,29175,16861,29170,10009
2020-06-10 10:48:48.890000,29210.29,29185,8690,29190,32644,29175,16861,29170,10009
2020-06-10 10:48:49.790000,29210.29,29185,11290,29190,32644,29175,16861,29170,10009
2020-06-10 10:48:50.840000,29226.13,29180,6087,29185,35266,29175,10,29170,16861
2020-06-10 10:48:51.290000,29226.13,29180,8687,29185,35266,29170,16861,29165,10015
2020-06-10 10:48:51.820000,29226.13,29180,8687,29185,35266,29170,16861,29165,10015
2020-06-10 10:48:52.900000,29226.13,29175,6087,29180,12600,29170,16861,29165,16
2020-06-10 10:48:53.100000,29226.13,29175,6087,29180,12600,29170,10761,29165,6116
2020-06-10 10:48:53.320000,29226.13,29180,8688,29185,35275,29170,16861,29165,10015
2020-06-10 10:48:57.020000,29226.13,29180,8688,29185,35275,29170,16861,29165,10015
2020-06-10 10:48:57.630000,29226.13,29180,8688,29185,35275,29170,16861,29165,10015
2020-06-10 10:48:58.620000,29226.13,29175,6087,29180,2601,29170,16861,29165,10015
2020-06-10 10:48:59.240000,29226.13,29180,8688,29185,35275,29170,16861,29165,10015
2020-06-10 10:48:59.620000,29226.13,29180,8688,29185,35275,29170,16851,29165,10005
2020-06-10 10:49:00.620000,29226.13,29180,6088,29185,15221,29175,10864,29170,6100
2020-06-10 10:49:01.020000,29227.07,29180,6088,29185,25276,29175,113,29170,26850
2020-06-10 10:49:01.830000,29227.07,29180,8688,29185,35275,29175,113,29170,16851
2020-06-10 10:49:02.120000,29227.07,29180,7788,29185,35275,29175,113,29170,16851
2020-06-10 10:49:02.900000,29227.07,29180,6088,29185,5222,29175,113,29170,26850
2020-06-10 10:49:03.020000,29227.07,29180,7088,29185,35275,29175,113,29170,16851
2020-06-10 10:49:03.410000,29227.07,29180,7088,29185,35275,29175,113,29170,16851
2020-06-10 10:49:03.820000,29227.07,29180,6888,29185,35275,29175,113,29170,16851
2020-06-10 10:49:04.490000,29227.07,29180,6088,29185,35275,29175,113,29170,16851
2020-06-10 10:49:04.720000,29227.07,29180,6088,29185,5222,29175,113,29170,26850
2020-06-10 10:49:05.550000,29227.07,29180,6088,29185,25276,29175,113,29170,26850
2020-06-10 10:49:06.680000,29227.07,29180,6088,29185,15221,29175,10864,29170,6100
2020-06-10 10:49:06.900000,29227.07,29180,6087,29185,15221,29175,10863,29170,6100
2020-06-10 10:49:07.710000,29227.07,29185,11309,29190,32644,29175,16963,29170,9999
2020-06-10 10:49:07.930000,29227.07,29180,6087,29185,5222,29175,10863,29170,16099
2020-06-10 10:49:08.720000,29227.07,29180,6087,29185,25276,29175,112,29170,26850
2020-06-10 10:49:08.880000,29227.07,29180,7087,29185,35275,29175,112,29170,16851
2020-06-10 10:49:09.040000,29227.07,29175,7975,29180,2600,29170,10751,29165,16105
2020-06-10 10:49:09.750000,29227.07,29175,5975,29180,22654,29165,26856,29160,10034
2020-06-10 10:49:10.080000,29227.07,29175,5975,29180,22654,29165,26856,29160,10034
2020-06-10 10:49:10.820000,29227.07,29175,6775,29180,22654,29165,26856,29160,10034
2020-06-10 10:49:11.110000,29197.65,29175,8575,29180,32653,29165,16857,29160,10034
2020-06-10 10:49:12.960000,29197.65,29175,5975,29180,2600,29170,10751,29165,16105
2020-06-10 10:49:13.110000,29197.65,29175,5975,29180,2600,29170,10751,29165,16105
2020-06-10 10:49:14.130000,29197.65,29175,5460,29180,2600,29170,10751,29165,16105
2020-06-10 10:49:16.390000,29197.65,29175,5460,29180,2600,29170,10751,29165,16105
2020-06-10 10:49:17.690000,29197.65,29175,5460,29180,22654,29165,26856,29160,10034
2020-06-10 10:49:17.780000,29197.65,29175,5460,29180,12599,29170,10751,29165,6106
2020-06-10 10:49:18.280000,29197.65,29175,5460,29180,32653,29165,16857,29160,10034
2020-06-10 10:49:18.890000,29197.65,29175,5660,29180,32653,29165,16857,29160,10034
2020-06-10 10:49:19.360000,29197.65,29170,5460,29175,2600,29165,16857,29160,10034
2020-06-10 10:49:21.440000,29220.69,29175,8060,29180,32705,29165,16857,29160,10034
2020-06-10 10:49:21.810000,29220.69,29175,5460,29180,32705,29165,16857,29160,10034
2020-06-10 10:49:22.220000,29220.69,29175,6012,29180,32705,29165,16857,29160,10034
2020-06-10 10:49:22.970000,29220.69,29175,8612,29180,32705,29165,16857,29160,10034
2020-06-10 10:49:23.060000,29220.69,29175,6012,29180,12651,29170,10751,29165,6106
2020-06-10 10:49:23.420000,29220.69,29175,6012,29180,12651,29170,10751,29165,6106
2020-06-10 10:49:23.920000,29220.69,29175,6012,29180,32705,29165,16857,29160,10034
2020-06-10 10:49:24.310000,29220.69,29175,8612,29180,32705,29165,16857,29160,10034
2020-06-10 10:49:25.190000,29220.69,29175,9144,29180,32705,29165,16857,29160,10034
2020-06-10 10:49:25.980000,29220.69,29170,5460,29175,3684,29165,16857,29160,10034
2020-06-10 10:49:26.670000,29220.69,29175,9144,29180,32705,29165,16857,29160,10034
2020-06-10 10:49:27.120000,29220.69,29175,6544,29180,32705,29165,16857,29160,10034
2020-06-10 10:49:27.750000,29220.69,29175,6594,29180,32705,29165,16857,29160,10034
2020-06-10 10:49:29.980000,29220.69,29175,6594,29180,12651,29170,16851,29165,6
2020-06-10 10:49:30.390000,29224.48,29175,6594,29180,12651,29170,16851,29165,6
2020-06-10 10:49:30.920000,29224.48,29175,1134,29180,8112,29170,16851,29165,10005
2020-06-10 10:49:33.220000,29224.48,29175,6594,29180,2652,29170,16851,29165,10005
2020-06-10 10:49:34.040000,29224.48,29175,7894,29180,32705,29165,16857,29160,10034
2020-06-10 10:49:34.170000,29224.48,29175,7894,29180,32705,29165,16857,29160,10034
2020-06-10 10:49:34.310000,29224.48,29175,6594,29180,2652,29170,10751,29165,16105
2020-06-10 10:49:35.090000,29224.48,29175,6594,29180,2652,29165,26856,29160,10034
2020-06-10 10:49:36.140000,29224.48,29175,6594,29180,22706,29165,26856,29160,10034
2020-06-10 10:49:36.230000,29224.48,29175,6594,29180,22706,29165,26856,29160,10034
2020-06-10 10:49:36.350000,29224.48,29175,6594,29180,32705,29165,16857,29160,10034
2020-06-10 10:49:36.590000,29224.48,29175,6594,29180,32705,29165,16857,29160,10034
2020-06-10 10:49:37.090000,29224.48,29175,9194,29180,32705,29165,16857,29160,10034
2020-06-10 10:49:37.420000,29224.48,29170,5460,29175,23788,29165,6,29160,26885
2020-06-10 10:49:38.230000,29224.48,29175,9194,29180,32705,29165,16857,29160,10034
2020-06-10 10:49:38.920000,29224.48,29175,6594,29180,32705,29165,16857,29160,10034
2020-06-10 10:49:40.900000,29196.68,29175,9294,29180,32705,29165,16857,29160,10034
2020-06-10 10:49:41.320000,29196.68,29175,6594,29180,32705,29165,16857,29160,10034
2020-06-10 10:49:41.680000,29196.68,29175,6594,29180,32725,29165,16857,29160,10034
2020-06-10 10:49:42.490000,29196.68,29175,6450,29180,32725,29165,16857,29160,10034
2020-06-10 10:49:42.990000,29196.68,29175,6783,29180,32725,29165,16857,29160,10034
2020-06-10 10:49:43.680000,29196.68,29175,9483,29180,32725,29165,16857,29160,10034
2020-06-10 10:49:44.510000,29196.68,29175,6783,29180,32725,29165,16857,29160,10034
2020-06-10 10:49:44.900000,29196.68,29175,9483,29180,32725,29165,16857,29160,10034
2020-06-10 10:49:46.660000,29196.68,29175,6883,29180,32725,29165,16857,29160,10034
2020-06-10 10:49:46.880000,29196.68,29175,7783,29180,32725,29165,16857,29160,10034
2020-06-10 10:49:47.710000,29196.68,29175,6783,29180,32725,29165,16857,29160,10034
2020-06-10 10:49:48.820000,29196.68,29175,7644,29180,32725,29165,16857,29160,10034
2020-06-10 10:49:49.820000,29196.68,29175,6844,29180,32725,29165,16857,29160,10034
2020-06-10 10:49:49.880000,29196.68,29175,6844,29180,32725,29165,16857,29160,10034
2020-06-10 10:49:50.080000,29196.68,29175,6844,29180,32725,29165,16857,29160,10034
2020-06-10 10:49:50.870000,29196.68,29175,6844,29180,12671,29170,10751,29165,6106
2020-06-10 10:49:51.080000,29186.73,29175,6844,29180,12671,29170,16851,29165,6
2020-06-10 10:49:51.910000,29186.73,29180,5532,29185,35255,29170,15467,29165,10005
2020-06-10 10:49:52.380000,29186.73,29180,5532,29185,15201,29175,10751,29170,4716
2020-06-10 10:49:53.490000,29186.73,29180,72,29185,10662,29175,15467,29170,9999
2020-06-10 10:49:54.570000,29186.73,29180,72,29185,10662,29175,15467,29170,9999
2020-06-10 10:49:55.080000,29186.73,29180,5532,29185,5202,29175,15467,29170,9999
2020-06-10 10:49:55.610000,29186.73,29180,5532,29185,5202,29175,15467,29170,9999
2020-06-10 10:49:56.900000,29186.73,29180,5532,29185,5202,29175,15467,29170,9999
2020-06-10 10:49:59.220000,29186.73,29180,5532,29185,25256,29170,25466,29165,10005
2020-06-10 10:49:59.500000,29186.73,29180,6732,29185,35255,29170,15467,29165,10005
2020-06-10 10:49:59.690000,29186.73,29180,5532,29185,35255,29170,15467,29165,10005
2020-06-10 10:50:00.080000,29215.46,29180,5532,29185,35255,29170,15467,29165,10005
2020-06-10 10:50:00.500000,29215.46,29180,5532,29185,15201,29175,10751,29170,4716
2020-06-10 10:50:00.890000,29215.46,29180,5532,29185,15201,29175,10751,29170,4716
2020-06-10 10:50:01.470000,29215.46,29180,5532,29185,15201,29175,15467,29165,10005
2020-06-10 10:50:01.660000,29215.46,29180,5532,29185,15201,29175,10751,29170,4716
2020-06-10 10:50:01.910000,29215.46,29180,8232,29185,35255,29170,15467,29165,10005
2020-06-10 10:50:02.390000,29215.46,29180,5532,29185,15201,29175,10751,29170,4716
2020-06-10 10:50:02.820000,29215.46,29180,5532,29185,5202,29170,25466,29165,10005
2020-06-10 10:50:03.610000,29215.46,29180,5532,29185,15201,29175,10751,29170,4716
2020-06-10 10:50:03.780000,29215.46,29180,5532,29185,15201,29175,10751,29170,4716
2020-06-10 10:50:04.670000,29215.46,29180,5532,29185,5202,29175,15467,29170,9999
2020-06-10 10:50:05.670000,29215.46,29180,72,29185,10712,29175,15467,29170,9999
2020-06-10 10:50:06.190000,29215.46,29180,5532,29185,5252,29175,15467,29170,9999
2020-06-10 10:50:06.690000,29215.46,29180,72,29185,10715,29175,15467,29170,9999
2020-06-10 10:50:07.100000,29215.46,29180,5532,29185,5255,29175,15467,29170,9999
2020-06-10 10:50:07.490000,29215.46,29180,5532,29185,5255,29175,15467,29170,9999
2020-06-10 10:50:08.090000,29215.46,29180,72,29185,10715,29175,15467,29170,9999
2020-06-10 10:50:08.920000,29215.46,29180,72,29185,10715,29175,15467,29170,9999
2020-06-10 10:50:12.140000,29214.78,29180,711,29185,10715,29175,15467,29170,9999
2020-06-10 10:50:16.230000,29214.78,29180,8771,29185,5255,29175,15467,29170,9999
2020-06-10 10:50:16.590000,29214.78,29180,7571,29185,5255,29175,15467,29170,9999
2020-06-10 10:50:17.480000,29214.78,29180,6171,29185,5255,29175,15467,29170,9999
2020-06-10 10:50:17.930000,29214.78,29180,8871,29185,35308,29170,15467,29165,10005
2020-06-10 10:50:18.290000,29214.78,29180,8871,29185,35308,29170,15467,29165,10005
2020-06-10 10:50:20.190000,29214.78,29180,8871,29185,35308,29170,15467,29165,10005
2020-06-10 10:50:21.910000,29214.43,29180,6171,29185,5255,29175,15467,29170,9999
2020-06-10 10:50:22.730000,29214.43,29180,8871,29185,35308,29170,15467,29165,10005
2020-06-10 10:50:22.910000,29214.43,29180,6171,29185,5255,29170,25466,29165,10005
2020-06-10 10:50:23.770000,29214.43,29180,8871,29185,25309,29170,25466,29165,10005
2020-06-10 10:50:24.120000,29214.43,29180,8871,29185,25309,29170,25466,29165,10005
2020-06-10 10:50:24.870000,29214.43,29180,6175,29185,5255,29175,15467,29170,9999
2020-06-10 10:50:25.020000,29214.43,29180,715,29185,10715,29175,15467,29170,9999
2020-06-10 10:50:25.320000,29214.43,29180,715,29185,10715,29175,15467,29170,9999
2020-06-10 10:50:26.440000,29214.43,29180,6175,29185,5255,29175,15467,29170,9999
2020-06-10 10:50:26.820000,29214.43,29180,6575,29185,5255,29170,25466,29165,10005
2020-06-10 10:50:27.320000,29214.43,29180,6175,29185,15254,29175,10751,29170,4716
2020-06-10 10:50:28.550000,29214.43,29180,6175,29185,15254,29175,10751,29170,4716
2020-06-10 10:50:29.790000,29214.43,29180,6175,29185,15254,29175,10251,29170,4716
2020-06-10 10:50:30.090000,29214.43,29180,8875,29185,35308,29170,14967,29165,10005
2020-06-10 10:50:30.510000,29214.43,29180,8875,29185,5255,29170,24966,29165,10005
2020-06-10 10:50:30.920000,29220.2,29180,8875,29185,35308,29170,14967,29165,10005
2020-06-10 10:50:32.330000,29220.2,29180,6375,29185,35308,29170,14967,29165,10005
2020-06-10 10:50:32.620000,29220.2,29180,8875,29185,35308,29170,14967,29165,10005
2020-06-10 10:50:38.320000,29220.2,29175,5460,29180,3415,29170,14967,29165,10005
2020-06-10 10:50:38.880000,29220.2,29175,5993,29180,3415,29170,14967,29165,10005
2020-06-10 10:50:40.990000,29203.29,29175,5478,29180,3415,29170,14967,29165,10005
2020-06-10 10:50:41.300000,29203.29,29175,533,29180,8360,29170,14967,29165,10005
2020-06-10 10:50:42.020000,29203.29,29175,8178,29180,33468,29165,14973,29160,10034
2020-06-10 10:50:42.210000,29203.29,29170,4945,29175,3233,29165,14973,29160,10034
2020-06-10 10:50:42.490000,29203.29,29170,4832,29175,3233,29165,14973,29160,10034
2020-06-10 10:50:42.800000,29203.29,29175,8065,29180,33468,29165,14973,29160,10034
2020-06-10 10:50:45.920000,29203.29,29170,4832,29175,3233,29165,14973,29160,10034
2020-06-10 10:50:46.780000,29203.29,29170,1021,29175,8065,29165,14973,29160,10034
2020-06-10 10:50:46.910000,29203.29,29170,1354,29175,8065,29165,14973,29160,10034
2020-06-10 10:50:48.810000,29203.29,29175,5365,29180,3415,29170,13613,29165,10005
2020-06-10 10:50:49.000000,29203.29,29175,533,29180,8247,29170,13613,29165,10005
2020-06-10 10:50:49.310000,29203.29,29175,533,29180,8256,29170,13613,29165,10005
2020-06-10 10:50:49.780000,29203.29,29180,5556,29185,35308,29170,13613,29165,10005
2020-06-10 10:50:50.380000,29214.69,29180,5556,29185,35308,29170,13613,29165,10005
