time,nav,sell1,sell1_cnt,sell2,sell2_cnt,buy1,buy1_cnt,buy2,buy2_cnt
2020-06-08 09:24:26.610000,0.0,29235,18086,29240,1,29225,8600,29220,20053
2020-06-08 09:24:28.680000,0.0,29230,15486,29235,2600,29220,16099,29215,10056
2020-06-08 09:24:29.480000,0.0,29230,18086,29235,2600,29220,13599,29215,10056
2020-06-08 09:24:30.170000,0.0,29230,5929,29235,12157,29225,6100,29220,20153
2020-06-08 09:24:30.950000,29262.28,29235,18086,29240,1,29225,6100,29220,20173
2020-06-08 09:24:31.670000,29262.28,29235,15486,29240,1,29225,6100,29220,20173
2020-06-08 09:24:32.750000,29262.28,29235,15486,29240,1,29225,6099,29220,20173
2020-06-08 09:24:33.910000,29262.28,29235,5929,29240,9558,29230,7499,29225,16153
2020-06-08 09:24:34.150000,29262.28,29240,15487,29245,1,29230,13598,29225,10054
2020-06-08 09:24:35.040000,29262.28,29240,1,29245,15487,29235,6099,29230,17553
2020-06-08 09:24:36.090000,29262.28,29245,5930,29250,9587,29240,13597,29235,10154
2020-06-08 09:24:37.120000,29262.28,29260,15486,29265,26,29250,6098,29245,22753
2020-06-08 09:24:38.170000,29262.28,29260,15486,29265,26,29250,6097,29245,22753
2020-06-08 09:24:39.210000,29262.28,29255,15486,29260,2600,29245,18796,29240,10054
2020-06-08 09:24:40.260000,29262.28,29250,15486,29255,2600,29245,5200,29240,13596
2020-06-08 09:24:40.730000,29262.28,29250,5929,29255,12157,29245,18796,29240,10054
2020-06-08 09:24:41.810000,29295.66,29255,18086,29260,2600,29245,18796,29240,10054
2020-06-08 09:24:42.850000,29295.66,29255,15486,29260,2600,29245,18796,29240,10054
2020-06-08 09:24:43.340000,29295.66,29250,15486,29255,2700,29245,5200,29240,13596
2020-06-08 09:24:44.420000,29295.66,29250,15486,29255,2700,29245,5193,29240,13596
2020-06-08 09:24:44.870000,29295.66,29250,15486,29255,2700,29245,5193,29240,13596
2020-06-08 09:24:45.650000,29295.66,29250,15028,29255,2700,29245,5193,29240,13596
2020-06-08 09:24:46.510000,29295.66,29245,2499,29250,17418,29240,13596,29235,10154
2020-06-08 09:24:47.570000,29295.66,29245,7970,29250,11947,29240,13596,29235,10154
2020-06-08 09:24:48.050000,29295.66,29245,2499,29250,17418,29240,13596,29235,10154
2020-06-08 09:24:49.130000,29295.66,29245,7970,29250,11947,29235,6197,29230,22553
2020-06-08 09:24:49.550000,29295.66,29245,17517,29250,2400,29235,6197,29230,17553
2020-06-08 09:24:50.250000,29295.66,29245,17510,29250,2400,29235,6197,29230,17553
2020-06-08 09:24:51.240000,29272.78,29245,2492,29250,17418,29240,13596,29235,10154
2020-06-08 09:24:52.300000,29272.78,29245,2492,29250,17418,29240,13596,29235,10154
2020-06-08 09:24:52.740000,29272.78,29245,2492,29250,17418,29240,13596,29235,10154
2020-06-08 09:24:53.880000,29272.78,29250,14969,29255,2700,29240,13599,29235,10154
2020-06-08 09:24:54.340000,29272.78,29250,17569,29255,2700,29240,13599,29235,10154
2020-06-08 09:24:55.440000,29272.78,29250,14969,29255,2700,29240,13599,29235,10154
2020-06-08 09:24:55.950000,29272.78,29245,14969,29250,2700,29235,6200,29230,17553
2020-06-08 09:24:57.010000,29272.78,29245,17669,29250,2700,29235,6200,29230,17553
2020-06-08 09:24:57.540000,29272.78,29240,5422,29245,12247,29235,100,29230,13599
2020-06-08 09:24:58.340000,29272.78,29240,17669,29245,2700,29235,100,29230,13599
2020-06-08 09:24:59.110000,29272.78,29245,17669,29250,2700,29235,6200,29230,17553
2020-06-08 09:25:00.150000,29272.78,29240,5422,29245,12247,29235,6200,29230,17553
2020-06-08 09:25:00.650000,29272.78,29240,14969,29245,2705,29235,100,29230,13599
2020-06-08 09:25:01.730000,29274.29,29235,5422,29240,12247,29230,7499,29225,6102
2020-06-08 09:25:02.780000,29274.29,29235,17669,29240,2700,29225,6102,29220,20153
2020-06-08 09:25:03.270000,29274.29,29235,14969,29240,2700,29225,6102,29220,20153
2020-06-08 09:25:04.340000,29274.29,29240,17669,29245,2705,29230,13599,29225,10056
2020-06-08 09:25:04.840000,29274.29,29245,17674,29250,2700,29235,6100,29230,17553
2020-06-08 09:25:05.920000,29274.29,29245,14974,29250,2700,29240,7499,29235,6100
2020-06-08 09:25:06.350000,29274.29,29245,5427,29250,12247,29235,6100,29230,22553
2020-06-08 09:25:07.240000,29274.29,29245,15574,29250,2700,29235,6100,29230,17553
2020-06-08 09:25:08.540000,29274.29,29240,14969,29245,2705,29230,13599,29225,10056
2020-06-08 09:25:08.880000,29274.29,29245,17674,29250,2700,29235,6100,29230,17553
2020-06-08 09:25:10.450000,29274.29,29245,5427,29250,12247,29240,13599,29235,10054
2020-06-08 09:25:11.700000,29290.13,29240,25646,29245,8127,29230,13599,29225,10056
2020-06-08 09:25:12.750000,29290.13,29240,2500,29245,17674,29235,6100,29230,17253
2020-06-08 09:25:13.180000,29290.13,29240,2500,29245,17674,29235,6098,29230,17253
2020-06-08 09:25:14.350000,29290.13,29240,20169,29245,2705,29230,13297,29225,10056
2020-06-08 09:25:14.740000,29290.13,29240,20169,29245,2705,29230,13297,29225,10056
2020-06-08 09:25:15.450000,29290.13,29240,7922,29245,12252,29235,6098,29230,17253
2020-06-08 09:25:16.420000,29290.13,29240,20269,29245,2705,29230,13297,29225,10056
2020-06-08 09:25:17.470000,29290.13,29230,14969,29240,5300,29225,2,29220,15897
2020-06-08 09:25:18.510000,29290.13,29230,1,29235,17669,29225,6100,29220,19853
2020-06-08 09:25:19.050000,29290.13,29235,17669,29240,2800,29225,7100,29220,19853
2020-06-08 09:25:20.060000,29290.13,29240,17769,29245,2705,29230,13297,29225,11056
2020-06-08 09:25:20.440000,29290.13,29240,14969,29245,2705,29235,20,29230,13297
2020-06-08 09:25:21.630000,29288.67,29245,17674,29250,2700,29235,6118,29230,17253
2020-06-08 09:25:22.050000,29288.67,29240,5403,29245,12252,29235,3602,29230,17253
2020-06-08 09:25:23.190000,29288.67,29240,5403,29245,12252,29235,1,29230,23353
2020-06-08 09:25:23.470000,29288.67,29240,700,29245,17655,29235,6100,29230,17253
2020-06-08 09:25:24.250000,29288.67,29240,17650,29245,2705,29230,13299,29225,11056
2020-06-08 09:25:25.620000,29288.67,29240,14950,29245,2705,29230,13299,29225,11056
2020-06-08 09:25:26.370000,29288.67,29240,5403,29245,17252,29230,13299,29225,16056
2020-06-08 09:25:27.420000,29288.67,29245,22653,29250,7700,29235,6100,29230,17253
2020-06-08 09:25:28.470000,29288.67,29240,19948,29245,7705,29230,13299,29225,11056
2020-06-08 09:25:28.850000,29288.67,29240,5401,29245,17252,29235,6100,29230,17253
2020-06-08 09:25:30.350000,29291.98,29245,2705,29250,22648,29240,16181,29235,10054
2020-06-08 09:25:31.140000,29291.98,29245,6606,29250,17247,29240,2882,29235,6100
2020-06-08 09:25:32.170000,29291.98,29245,22653,29250,7700,29240,2882,29235,6100
2020-06-08 09:25:33.260000,29291.98,29245,11606,29250,17247,29240,16181,29235,10054
2020-06-08 09:25:34.260000,29291.98,29245,5,29250,22648,29240,16181,29235,10054
2020-06-08 09:25:34.500000,29291.98,29250,22648,29255,7700,29240,16181,29235,10054
2020-06-08 09:25:35.310000,29291.98,29250,22648,29255,7700,29240,16164,29235,10054
2020-06-08 09:25:36.690000,29291.98,29250,10401,29255,17247,29240,16164,29235,10054
2020-06-08 09:25:37.380000,29291.98,29250,5401,29255,17247,29245,13299,29240,12919
2020-06-08 09:25:38.420000,29291.98,29250,10401,29255,17247,29245,7199,29240,19019
2020-06-08 09:25:38.840000,29291.98,29250,22748,29255,7700,29240,16164,29235,10054
2020-06-08 09:25:40.120000,29291.98,29255,22648,29260,5000,29245,13299,29240,12919
2020-06-08 09:25:40.380000,29291.98,29255,22643,29260,5000,29245,13299,29240,12919
2020-06-08 09:25:41.180000,29277.45,29255,5400,29260,14547,29245,23354,29240,7865
2020-06-08 09:25:42.150000,29277.45,29260,19947,29265,5026,29250,6100,29245,17254
2020-06-08 09:25:43.200000,29277.45,29260,22447,29265,5026,29250,6100,29245,17254
2020-06-08 09:25:43.590000,29277.45,29260,22747,29265,5026,29250,6100,29245,17254
2020-06-08 09:25:44.380000,29277.45,29260,20947,29265,5026,29250,6097,29245,17254
2020-06-08 09:25:45.310000,29277.45,29255,5370,29260,17347,29250,6097,29245,17254
2020-06-08 09:25:46.370000,29277.45,29260,2800,29265,19943,29255,16096,29250,10054
2020-06-08 09:25:46.610000,29277.45,29265,19943,29270,5006,29255,16096,29250,10054
2020-06-08 09:25:47.420000,29277.45,29260,19917,29265,7826,29255,2800,29250,6097
2020-06-08 09:25:48.470000,29277.45,29260,22717,29265,7826,29250,6097,29245,17254
2020-06-08 09:25:48.850000,29277.45,29260,19917,29265,7826,29250,6097,29245,17254
2020-06-08 09:25:50.040000,29277.45,29255,1,29260,22717,29250,6097,29245,17114
2020-06-08 09:25:50.380000,29277.45,29255,8168,29260,17347,29245,23211,29240,7866
2020-06-08 09:25:51.640000,29293.68,29255,5370,29260,17347,29250,6097,29245,17114
2020-06-08 09:25:51.880000,29293.68,29260,22717,29265,7826,29250,6097,29245,17114
2020-06-08 09:25:52.690000,29293.68,29265,8196,29270,14553,29255,13156,29250,15054
2020-06-08 09:25:53.750000,29293.68,29265,26,29270,19923,29260,6097,29255,17113
2020-06-08 09:25:54.240000,29293.68,29265,26,29270,14923,29260,6097,29255,22113
2020-06-08 09:25:55.310000,29293.68,29270,5376,29275,14549,29265,13156,29260,10054
2020-06-08 09:25:55.850000,29293.68,29270,5376,29275,14549,29260,6097,29255,22113
2020-06-08 09:25:56.680000,29293.68,29270,17723,29275,5002,29260,6097,29255,22113
2020-06-08 09:25:57.910000,29293.68,29265,14917,29270,7806,29255,13156,29250,15054
2020-06-08 09:25:58.280000,29293.68,29270,22723,29275,5002,29260,6097,29255,17113
2020-06-08 09:25:59.520000,29293.68,29270,5376,29275,14549,29265,7059,29260,16151
2020-06-08 09:25:59.880000,29293.68,29270,22723,29275,5002,29260,6097,29255,17113
2020-06-08 09:26:00.580000,29302.33,29270,6,29275,19919,29265,13156,29260,10054
2020-06-08 09:26:01.630000,29302.33,29275,5372,29280,14563,29270,7059,29265,16151
2020-06-08 09:26:02.680000,29302.33,29275,5372,29280,14563,29270,13156,29265,10054
2020-06-08 09:26:03.250000,29302.33,29280,22733,29285,5002,29270,13156,29265,10054
2020-06-08 09:26:04.140000,29302.33,29280,19933,29285,5002,29270,13156,29265,10054
2020-06-08 09:26:05.330000,29302.33,29280,19933,29285,5002,29270,13156,29265,10054
2020-06-08 09:26:05.680000,29302.33,29280,5386,29285,14549,29275,6097,29270,17113
2020-06-08 09:26:06.440000,29302.33,29280,19933,29285,5002,29270,13156,29265,10054
2020-06-08 09:26:07.420000,29302.33,29280,19933,29285,5002,29270,13156,29265,10054
2020-06-08 09:26:08.460000,29302.33,29275,19917,29280,7816,29265,13156,29260,10054
2020-06-08 09:26:09.040000,29302.33,29270,5370,29275,17348,29265,13156,29260,10054
2020-06-08 09:26:10.040000,29302.33,29270,10370,29275,17348,29265,13156,29260,10054
2020-06-08 09:26:11.100000,29277.64,29270,22717,29275,7801,29260,6097,29255,17313
2020-06-08 09:26:11.540000,29277.64,29270,22217,29275,7801,29260,6097,29255,17313
2020-06-08 09:26:12.660000,29277.64,29270,22717,29275,7801,29260,6097,29255,17313
2020-06-08 09:26:13.170000,29277.64,29270,22717,29275,7801,29260,6097,29255,17313
2020-06-08 09:26:14.200000,29277.64,29270,10370,29275,17348,29265,7059,29260,16151
2020-06-08 09:26:14.740000,29277.64,29270,19917,29275,7801,29260,6097,29255,17313
2020-06-08 09:26:15.570000,29277.64,29270,22717,29275,7801,29260,6097,29255,17313
2020-06-08 09:26:16.400000,29277.64,29260,5370,29265,14547,29255,13356,29250,10054
2020-06-08 09:26:17.240000,29277.64,29265,19917,29270,7800,29255,13356,29250,10054
2020-06-08 09:26:18.440000,29277.64,29265,22817,29270,7800,29255,13356,29250,10054
2020-06-08 09:26:18.970000,29277.64,29265,22817,29270,7800,29255,13356,29250,10054
2020-06-08 09:26:20.000000,29277.64,29260,5370,29265,17447,29255,13356,29250,10054
2020-06-08 09:26:20.540000,29277.64,29260,13270,29265,17447,29255,7259,29250,16151
2020-06-08 09:26:21.280000,29309.17,29260,22617,29265,7900,29255,200,29250,6097
2020-06-08 09:26:22.110000,29309.17,29265,2900,29270,22717,29255,23410,29250,5000
2020-06-08 09:26:23.150000,29309.17,29270,22717,29275,7801,29260,6097,29255,17313
2020-06-08 09:26:23.570000,29309.17,29270,5370,29275,17348,29260,6097,29255,22313
2020-06-08 09:26:24.730000,29309.17,29270,22817,29275,7801,29260,6097,29255,17313
2020-06-08 09:26:25.240000,29309.17,29270,19917,29275,7801,29260,6097,29255,17313
2020-06-08 09:26:26.320000,29309.17,29275,22718,29280,7816,29265,13156,29260,10054
2020-06-08 09:26:26.770000,29309.17,29270,19917,29275,7801,29260,10,29255,13156
2020-06-08 09:26:27.890000,29309.17,29270,22817,29275,7801,29260,6107,29255,17113
2020-06-08 09:26:28.280000,29309.17,29265,19917,29270,7900,29260,10,29255,13156
2020-06-08 09:26:29.460000,29309.17,29265,19917,29270,7900,29260,10,29255,13156
2020-06-08 09:26:29.750000,29309.17,29270,22817,29275,7801,29260,6107,29255,17113
2020-06-08 09:26:30.540000,29309.17,29270,21617,29275,7801,29260,6107,29255,17113
2020-06-08 09:26:31.540000,29313.95,29270,5370,29275,17348,29265,13156,29260,10064
2020-06-08 09:26:32.150000,29313.95,29275,22718,29280,7816,29265,13156,29260,10064
2020-06-08 09:26:33.100000,29313.95,29275,19918,29280,7816,29265,13156,29260,10064
2020-06-08 09:26:33.570000,29313.95,29275,19918,29280,7816,29270,10,29265,13156
2020-06-08 09:26:34.340000,29313.95,29275,19908,29280,7816,29265,13156,29260,10071
2020-06-08 09:26:35.220000,29313.95,29270,10360,29275,17448,29265,7059,29260,16168
2020-06-08 09:26:36.260000,29313.95,29275,22808,29280,7816,29265,13156,29260,10071
2020-06-08 09:26:36.500000,29313.95,29275,19908,29280,7816,29265,13156,29260,10071
2020-06-08 09:26:37.780000,29313.95,29270,19907,29275,7901,29260,6114,29255,17113
2020-06-08 09:26:38.920000,29313.95,29270,19907,29275,7901,29265,10,29260,6114
2020-06-08 09:26:39.370000,29313.95,29275,22808,29280,7816,29265,13166,29260,10071
2020-06-08 09:26:40.480000,29313.95,29275,19908,29280,7816,29265,13166,29260,10071
2020-06-08 09:26:41.510000,29292.83,29270,19907,29275,7901,29265,10,29260,6114
2020-06-08 09:26:41.940000,29292.83,29275,19408,29280,7816,29265,13166,29260,10071
2020-06-08 09:26:43.070000,29292.83,29275,21108,29280,7816,29265,13079,29260,10071
2020-06-08 09:26:44.120000,29292.83,29275,19608,29280,7816,29265,13079,29260,10071
2020-06-08 09:26:44.440000,29292.83,29275,519,29280,22723,29270,13079,29265,10054
2020-06-08 09:26:45.700000,29292.83,29275,10380,29280,17363,29270,13079,29265,10054
2020-06-08 09:26:46.090000,29292.83,29275,5879,29280,17363,29270,13079,29265,10054
2020-06-08 09:26:47.250000,29292.83,29275,5879,29280,17363,29270,13079,29265,10054
2020-06-08 09:26:47.640000,29292.83,29275,22827,29280,7816,29265,13079,29260,10071
2020-06-08 09:26:48.820000,29292.83,29270,5360,29275,17467,29260,6037,29255,22113
2020-06-08 09:26:49.080000,29292.83,29275,8779,29280,17363,29270,7059,29265,16074
2020-06-08 09:26:49.840000,29292.83,29275,22927,29280,7816,29265,13079,29260,10071
2020-06-08 09:26:50.640000,29312.17,29270,5360,29275,17567,29265,7109,29260,16091
2020-06-08 09:26:51.600000,29312.17,29270,22907,29275,8020,29265,53,29260,6037
2020-06-08 09:26:52.540000,29312.17,29265,5360,29270,17547,29260,17,29255,13079
2020-06-08 09:26:53.650000,29312.17,29265,22408,29270,8000,29255,13079,29250,10054
2020-06-08 09:26:54.150000,29312.17,29265,22408,29270,8000,29255,13079,29250,10054
2020-06-08 09:26:55.210000,29312.17,29270,3000,29275,22927,29265,13079,29260,10054
2020-06-08 09:26:55.740000,29312.17,29275,22927,29280,7816,29265,13079,29260,10054
2020-06-08 09:26:56.540000,29312.17,29275,22927,29280,7816,29265,13079,29260,10054
2020-06-08 09:26:57.310000,29312.17,29275,19927,29280,7816,29265,13079,29260,10054
2020-06-08 09:26:58.680000,29312.17,29275,19927,29280,7816,29265,13079,29260,10054
2020-06-08 09:26:59.380000,29312.17,29275,19927,29280,7816,29265,13069,29260,10054
2020-06-08 09:27:00.780000,29312.33,29275,10380,29280,17363,29270,7059,29265,16064
2020-06-08 09:27:01.640000,29312.33,29280,22723,29285,4503,29270,13069,29265,10054
2020-06-08 09:27:02.600000,29312.33,29280,19923,29285,4503,29270,13069,29265,10054
2020-06-08 09:27:03.450000,29312.33,29275,19408,29280,8016,29265,13069,29260,10054
2020-06-08 09:27:05.040000,29312.33,29275,9861,29280,17563,29270,7059,29265,16064
2020-06-08 09:27:06.190000,29312.33,29275,19408,29280,8016,29265,13069,29260,10054
2020-06-08 09:27:06.670000,29312.33,29275,5360,29280,17563,29270,13069,29265,10054
2020-06-08 09:27:07.760000,29312.33,29275,22508,29280,8016,29265,13069,29260,10054
2020-06-08 09:27:08.180000,29312.33,29270,5110,29275,17148,29265,13069,29260,10054
2020-06-08 09:27:09.320000,29312.33,29270,5110,29275,17148,29260,6010,29255,22113
2020-06-08 09:27:09.770000,29312.33,29270,10076,29275,17148,29265,7066,29260,16064
2020-06-08 09:27:10.890000,29312.33,29270,22623,29275,7601,29265,7,29260,6010
2020-06-08 09:27:11.340000,29313.87,29270,10076,29275,17148,29265,13069,29260,10054
2020-06-08 09:27:12.460000,29313.87,29270,22723,29275,7601,29260,6010,29255,17313
2020-06-08 09:27:12.740000,29313.87,29270,19623,29275,7601,29260,6010,29255,17313
2020-06-08 09:27:13.480000,29313.87,29275,22224,29280,8016,29265,13069,29260,10054
2020-06-08 09:27:14.520000,29313.87,29270,19623,29275,7601,29260,6010,29255,17313
2020-06-08 09:27:14.870000,29313.87,29270,19623,29275,7601,29260,6010,29255,17313
2020-06-08 09:27:15.570000,29313.87,29270,10076,29275,17148,29265,13069,29260,10054
2020-06-08 09:27:16.620000,29313.87,29270,22723,29275,7601,29260,6010,29255,17313
2020-06-08 09:27:17.660000,29313.87,29270,22723,29275,7601,29265,5993,29255,17313
2020-06-08 09:27:18.230000,29313.87,29275,8176,29280,17563,29270,9875,29265,16047
2020-06-08 09:27:19.220000,29313.87,29275,22224,29280,8016,29270,2816,29265,13052
2020-06-08 09:27:20.280000,29313.87,29275,22224,29280,8016,29265,13052,29260,10054
2020-06-08 09:27:20.630000,29313.87,29270,5085,29275,17148,29265,13052,29260,10054
2020-06-08 09:27:21.330000,29314.61,29270,9,29275,22224,29265,13052,29260,10054
2020-06-08 09:27:22.900000,29314.61,29275,22224,29280,8016,29265,13052,29260,10054
2020-06-08 09:27:23.950000,29314.61,29275,19124,29280,8016,29265,13052,29260,10054
2020-06-08 09:27:24.170000,29314.61,29275,9577,29280,17563,29270,12852,29265,10054
2020-06-08 09:27:25.550000,29314.61,29280,22639,29285,4503,29270,12852,29265,10054
2020-06-08 09:27:26.250000,29314.61,29275,14623,29280,8116,29265,12852,29260,15054
2020-06-08 09:27:27.080000,29314.61,29275,5076,29280,17663,29270,12852,29265,10054
2020-06-08 09:27:28.370000,29314.61,29275,22224,29280,8116,29265,12852,29260,10054
2020-06-08 09:27:29.180000,29314.61,29275,9577,29280,17663,29270,7059,29265,15847
2020-06-08 09:27:30.470000,29314.61,29270,26682,29275,7601,29260,5793,29255,17313
2020-06-08 09:27:31.270000,29302.29,29270,26682,29275,7601,29260,5793,29255,17313
2020-06-08 09:27:32.320000,29302.29,29270,5076,29275,17148,29260,5653,29255,22313
2020-06-08 09:27:32.790000,29302.29,29270,10076,29275,17148,29265,7059,29260,15707
2020-06-08 09:27:33.910000,29302.29,29270,5076,29275,17148,29260,5653,29255,22313
2020-06-08 09:27:34.280000,29302.29,29270,5076,29275,17148,29260,5653,29255,22313
2020-06-08 09:27:35.080000,29302.29,29270,19623,29275,7601,29260,5653,29255,17313
2020-06-08 09:27:36.010000,29302.29,29270,19623,29275,7601,29260,5653,29255,17313
2020-06-08 09:27:37.240000,29302.29,29265,19124,29270,8100,29255,12912,29250,10054
2020-06-08 09:27:38.100000,29302.29,29270,22723,29275,7601,29260,5653,29255,17313
2020-06-08 09:27:38.570000,29302.29,29265,5076,29270,14647,29260,5643,29255,17313
2020-06-08 09:27:39.680000,29302.29,29265,22224,29270,5100,29255,12902,29250,10054
2020-06-08 09:27:39.940000,29302.29,29260,14623,29265,7601,29255,200,29250,5643
2020-06-08 09:27:40.750000,29318.0,29260,22723,29265,7601,29250,5643,29245,17114
2020-06-08 09:27:41.490000,29318.0,29255,5076,29260,17647,29250,5643,29245,17114
2020-06-08 09:27:42.320000,29318.0,29255,5076,29260,17647,29250,5653,29245,17114
2020-06-08 09:27:43.370000,29318.0,29255,5075,29260,17647,29250,5653,29245,17114
2020-06-08 09:27:43.540000,29318.0,29255,5075,29260,17647,29250,5653,29245,17114
2020-06-08 09:27:44.420000,29318.0,29260,22722,29265,7601,29250,5653,29245,17114
2020-06-08 09:27:45.480000,29318.0,29255,8167,29260,17647,29250,5653,29245,17114
2020-06-08 09:27:45.770000,29318.0,29255,5067,29260,17647,29250,5653,29245,17114
2020-06-08 09:27:46.520000,29318.0,29260,22714,29265,7601,29250,5653,29245,17114
2020-06-08 09:27:47.570000,29318.0,29260,19614,29265,7601,29250,5653,29245,17114
2020-06-08 09:27:47.880000,29318.0,29255,5067,29260,17447,29250,5653,29245,17114
2020-06-08 09:27:49.230000,29318.0,29255,5047,29260,17487,29250,5653,29245,17114
2020-06-08 09:27:49.840000,29318.0,29255,5047,29260,17487,29250,5653,29245,17114
2020-06-08 09:27:51.720000,29317.47,29260,22534,29265,7601,29250,5653,29245,17114
2020-06-08 09:27:51.930000,29317.47,29260,22734,29265,7601,29250,5653,29245,17114
2020-06-08 09:27:52.810000,29317.47,29255,5047,29260,17687,29250,5653,29245,17114
2020-06-08 09:27:53.860000,29317.47,29255,22195,29260,8140,29250,10,29245,12703
2020-06-08 09:27:54.100000,29317.47,29255,22195,29260,8140,29245,12703,29240,12920
2020-06-08 09:27:54.920000,29317.47,29250,5047,29255,17148,29245,12703,29240,12920
2020-06-08 09:27:55.350000,29317.47,29250,4847,29255,17148,29245,12703,29240,12920
2020-06-08 09:27:55.880000,29317.47,29255,21995,29260,8140,29245,12703,29240,12920
2020-06-08 09:27:56.550000,29317.47,29255,21995,29260,8140,29245,12703,29240,12920
2020-06-08 09:27:57.230000,29317.47,29255,21995,29260,8140,29245,12703,29240,12920
2020-06-08 09:27:58.100000,29317.47,29255,4847,29260,17687,29250,5643,29245,17114
2020-06-08 09:27:59.170000,29317.47,29255,4847,29260,17687,29250,5643,29245,17114
2020-06-08 09:28:00.650000,29317.47,29260,3140,29265,21995,29255,15728,29250,10054
2020-06-08 09:28:01.790000,29310.54,29260,40,29265,21995,29255,15728,29250,10054
2020-06-08 09:28:02.900000,29310.54,29265,9348,29270,14647,29260,5643,29255,20139
2020-06-08 09:28:03.580000,29310.54,29270,4947,29275,17148,29265,2986,29260,5643
2020-06-08 09:28:04.270000,29310.54,29270,22494,29275,7601,29265,2986,29260,5643
2020-06-08 09:28:06.470000,29310.54,29270,22494,29275,7601,29260,5643,29255,20207
2020-06-08 09:28:07.510000,29310.54,29265,18895,29270,8100,29255,15796,29250,10054
2020-06-08 09:28:07.940000,29310.54,29265,21995,29270,8130,29255,15796,29250,10054
2020-06-08 09:28:08.740000,29310.54,29265,18895,29270,8130,29255,15796,29250,10054
2020-06-08 09:28:09.620000,29310.54,29270,22524,29275,7601,29260,5643,29255,20207
2020-06-08 09:28:10.670000,29312.58,29265,18895,29270,8130,29255,15796,29250,10054
2020-06-08 09:28:10.920000,29312.58,29265,18895,29270,8130,29255,15796,29250,10054
2020-06-08 09:28:11.720000,29312.58,29260,19394,29265,7701,29255,3094,29250,5643
2020-06-08 09:28:12.760000,29312.58,29265,22095,29270,8130,29255,15796,29250,10054
2020-06-08 09:28:13.250000,29312.58,29265,18895,29270,8130,29255,15796,29250,10054
2020-06-08 09:28:14.350000,29312.58,29265,21395,29270,8130,29255,15796,29250,10054
2020-06-08 09:28:14.640000,29312.58,29265,18895,29270,8130,29255,15796,29250,10054
2020-06-08 09:28:15.390000,29312.58,29265,19795,29270,8130,29255,15796,29250,10054
2020-06-08 09:28:16.450000,29312.58,29265,21195,29270,8130,29255,15796,29250,10054
2020-06-08 09:28:16.630000,29312.58,29265,22195,29270,8130,29255,15796,29250,10054
2020-06-08 09:28:17.480000,29312.58,29265,18895,29270,8130,29255,15796,29250,10054
2020-06-08 09:28:17.840000,29312.58,29265,22195,29270,8130,29255,15796,29250,10054
2020-06-08 09:28:18.470000,29312.58,29265,18895,29270,8130,29255,15796,29250,10054
2020-06-08 09:28:19.580000,29312.58,29265,9348,29270,17677,29255,15797,29250,10054
2020-06-08 09:28:19.880000,29312.58,29265,18895,29270,8130,29255,15797,29250,10054
2020-06-08 09:28:20.580000,29312.58,29270,22524,29275,7601,29260,5643,29255,20208
2020-06-08 09:28:21.680000,29293.08,29270,19424,29275,7601,29260,5643,29255,20208
2020-06-08 09:28:22.250000,29293.08,29270,4877,29275,17148,29265,12702,29260,10054
2020-06-08 09:28:23.840000,29293.08,29270,30,29275,21995,29265,12702,29260,10054
2020-06-08 09:28:25.380000,29293.08,29275,4847,29280,17663,29270,7049,29265,15697
2020-06-08 09:28:25.940000,29293.08,29275,14394,29280,8116,29265,12702,29260,15054
2020-06-08 09:28:26.700000,29293.08,29275,18895,29280,8116,29270,458,29265,12702
2020-06-08 09:28:27.510000,29293.08,29275,23448,29280,8116,29265,12702,29260,10054
2020-06-08 09:28:28.050000,29293.08,29275,20148,29280,8116,29265,12702,29260,10054
2020-06-08 09:28:28.710000,29293.08,29275,20149,29280,8116,29265,12702,29260,10054
2020-06-08 09:28:29.970000,29293.08,29275,15648,29280,8116,29265,12702,29260,15054
2020-06-08 09:28:30.720000,29293.08,29275,6101,29280,17663,29270,7049,29265,15707
2020-06-08 09:28:31.730000,29313.33,29275,14448,29280,8116,29265,12702,29260,15054
2020-06-08 09:28:31.950000,29313.33,29275,18949,29280,8116,29265,12702,29260,10054
2020-06-08 09:28:33.270000,29313.33,29275,18949,29280,8116,29265,12702,29260,10054
2020-06-08 09:28:35.370000,29313.33,29275,22349,29280,8116,29265,12702,29260,10054
2020-06-08 09:28:35.670000,29313.33,29275,18949,29280,8116,29265,12702,29260,10054
2020-06-08 09:28:37.860000,29313.33,29275,9402,29280,17663,29270,7049,29265,15707
2020-06-08 09:28:38.330000,29313.33,29275,4901,29280,17663,29265,12692,29260,15054
2020-06-08 09:28:39.550000,29313.33,29275,18949,29280,8116,29265,12692,29260,10054
2020-06-08 09:28:39.770000,29313.33,29270,4900,29275,14049,29265,12692,29260,10054
2020-06-08 09:28:40.600000,29313.33,29275,18949,29280,8116,29265,12692,29260,10054
2020-06-08 09:28:43.210000,29322.25,29275,18949,29280,8116,29265,12692,29260,10054
2020-06-08 09:28:44.250000,29322.25,29275,18949,29280,8116,29265,12692,29260,10054
2020-06-08 09:28:44.740000,29322.25,29275,18949,29280,8116,29265,12692,29260,10054
2020-06-08 09:28:45.270000,29322.25,29275,18949,29280,8116,29265,12692,29260,10054
2020-06-08 09:28:46.340000,29322.25,29275,18950,29280,8116,29265,12692,29260,10054
2020-06-08 09:28:48.430000,29322.25,29275,9393,29280,17663,29270,7049,29265,15697
2020-06-08 09:28:49.610000,29322.25,29275,18940,29280,8116,29265,12692,29260,10054
2020-06-08 09:28:50.520000,29322.25,29275,9393,29280,17663,29270,7049,29265,15697
2020-06-08 09:28:51.050000,29315.68,29275,18940,29280,8116,29265,12692,29260,10054
2020-06-08 09:28:51.710000,29315.68,29280,22554,29285,4503,29270,12692,29265,10054
2020-06-08 09:28:52.640000,29315.68,29280,19454,29285,4503,29270,12692,29265,10054
2020-06-08 09:28:54.080000,29315.68,29275,18939,29280,8516,29265,12692,29260,10054
2020-06-08 09:28:55.250000,29315.68,29275,4895,29280,18063,29270,12692,29265,10054
2020-06-08 09:28:56.350000,29315.68,29275,4895,29280,18063,29270,12692,29265,10054
2020-06-08 09:28:57.030000,29315.68,29275,4,29280,22954,29270,12692,29265,10054
2020-06-08 09:28:57.880000,29315.68,29280,19454,29285,4503,29270,12692,29265,10054
2020-06-08 09:28:58.940000,29315.68,29280,19454,29285,4503,29270,12675,29265,10054
2020-06-08 09:29:01.740000,29318.97,29280,19494,29285,4503,29270,12675,29265,10054
2020-06-08 09:29:02.590000,29318.97,29280,56,29285,18941,29275,5643,29270,17086
2020-06-08 09:29:03.870000,29318.97,29285,2,29290,19439,29280,12675,29275,10154
2020-06-08 09:29:04.680000,29318.97,29290,19439,29295,6502,29280,12675,29275,10154
2020-06-08 09:29:05.730000,29318.97,29290,1,29295,20940,29285,5643,29280,17086
2020-06-08 09:29:06.260000,29318.97,29290,14438,29295,6502,29280,12675,29275,15154
2020-06-08 09:29:07.310000,29318.97,29290,19438,29295,6502,29280,12675,29275,10154
2020-06-08 09:29:07.750000,29318.97,29290,19438,29295,6502,29280,12675,29275,10154
2020-06-08 09:29:08.340000,29318.97,29290,14438,29295,4502,29280,12675,29275,15154
2020-06-08 09:29:09.420000,29318.97,29290,19438,29295,4502,29280,12675,29275,10154
2020-06-08 09:29:09.650000,29318.97,29290,19438,29295,4502,29280,12675,29275,10154
2020-06-08 09:29:10.460000,29318.97,29290,14438,29295,4502,29280,12675,29275,15154
2020-06-08 09:29:11.050000,29321.18,29290,14437,29295,4502,29280,12675,29275,15154
2020-06-08 09:29:11.650000,29321.18,29290,4890,29295,14049,29285,5643,29280,17086
2020-06-08 09:29:12.580000,29321.18,29290,4890,29295,14049,29285,5643,29280,17086
2020-06-08 09:29:13.040000,29321.18,29290,4892,29295,14049,29285,5643,29280,17086
2020-06-08 09:29:14.140000,29321.18,29290,2,29295,18939,29285,5503,29280,17089
2020-06-08 09:29:14.380000,29321.18,29290,2,29295,18939,29285,5503,29280,17089
2020-06-08 09:29:15.200000,29321.18,29290,2,29295,18939,29285,5503,29280,17089
2020-06-08 09:29:15.730000,29321.18,29290,2,29295,18939,29285,5503,29280,17089
2020-06-08 09:29:16.430000,29321.18,29290,2,29295,18939,29285,5503,29280,17089
2020-06-08 09:29:17.300000,29321.18,29290,22939,29295,4502,29280,12538,29275,10154
2020-06-08 09:29:18.630000,29321.18,29285,18938,29290,8502,29280,3,29275,5603
2020-06-08 09:29:19.450000,29321.18,29280,8387,29285,17548,29275,5603,29270,17086
2020-06-08 09:29:20.440000,29321.18,29280,9887,29285,17548,29275,5603,29270,17086
2020-06-08 09:29:21.510000,29321.06,29280,19434,29285,8001,29270,12535,29265,10096
2020-06-08 09:29:21.840000,29321.06,29280,22934,29285,8001,29270,12535,29265,10096
2020-06-08 09:29:22.640000,29321.06,29280,19434,29285,8001,29270,12535,29265,10096
2020-06-08 09:29:23.630000,29321.06,29275,18935,29280,8500,29265,12577,29260,10054
2020-06-08 09:29:24.680000,29321.06,29275,18935,29280,8500,29265,12577,29260,10054
2020-06-08 09:29:24.930000,29321.06,29275,22435,29280,8500,29265,12577,29260,10054
2020-06-08 09:29:25.720000,29321.06,29275,18935,29280,8500,29265,12577,29260,10054
2020-06-08 09:29:27.080000,29321.06,29280,13387,29285,17548,29270,12535,29265,10096
2020-06-08 09:29:27.840000,29321.06,29275,18935,29280,8600,29265,12577,29260,10054
2020-06-08 09:29:28.670000,29321.06,29275,22535,29280,8600,29265,12579,29260,10054
2020-06-08 09:29:29.370000,29321.06,29275,22535,29280,8600,29265,12579,29260,10054
2020-06-08 09:29:30.410000,29321.06,29275,18935,29280,8600,29265,12579,29260,10054
2020-06-08 09:29:30.740000,29321.76,29275,22575,29280,8600,29265,12579,29260,10054
2020-06-08 09:29:31.460000,29321.76,29270,14434,29275,8141,29265,44,29260,5503
2020-06-08 09:29:32.500000,29321.76,29275,22575,29280,8600,29265,12579,29260,10054
2020-06-08 09:29:33.570000,29321.76,29275,22575,29280,8600,29265,12579,29260,10054
2020-06-08 09:29:33.710000,29321.76,29270,19434,29275,8141,29265,44,29260,5503
2020-06-08 09:29:34.730000,29321.76,29260,19434,29265,4501,29255,3101,29250,5503
2020-06-08 09:29:35.670000,29321.76,29260,23034,29265,4501,29255,3101,29250,5503
2020-06-08 09:29:36.710000,29321.76,29265,18935,29270,8600,29255,12535,29250,10054
2020-06-08 09:29:37.760000,29321.76,29265,19935,29270,8600,29255,12535,29250,10054
2020-06-08 09:29:38.050000,29321.76,29265,18935,29270,8600,29255,12535,29250,10054
2020-06-08 09:29:39.860000,29321.76,29265,18935,29270,8600,29255,12537,29250,10054
2020-06-08 09:29:40.880000,29310.09,29265,18935,29270,8600,29255,12537,29250,10054
2020-06-08 09:29:41.950000,29310.09,29265,19335,29270,8600,29255,12537,29250,10054
2020-06-08 09:29:42.330000,29310.09,29260,19434,29265,8101,29255,2,29250,5503
2020-06-08 09:29:43.050000,29310.09,29255,3400,29260,23034,29250,5503,29245,17087
2020-06-08 09:29:43.720000,29310.09,29260,23034,29265,8101,29255,100,29250,5503
2020-06-08 09:29:44.590000,29310.09,29260,23034,29265,8101,29250,5503,29245,17087
2020-06-08 09:29:44.770000,29310.09,29260,23034,29265,8101,29250,5504,29245,17087
2020-06-08 09:29:46.570000,29310.09,29265,22535,29270,8600,29255,12535,29250,10055
2020-06-08 09:29:47.240000,29310.09,29265,4887,29270,18147,29260,5503,29255,17086
2020-06-08 09:29:48.230000,29310.09,29265,22535,29270,8600,29255,12535,29250,10055
2020-06-08 09:29:48.640000,29310.09,29265,4887,29270,18147,29260,5503,29255,17086
2020-06-08 09:29:49.340000,29310.09,29270,23034,29275,8145,29260,5503,29255,17086
2020-06-08 09:29:50.320000,29310.09,29270,14434,29275,8145,29260,5503,29255,22086
2020-06-08 09:29:50.670000,29300.74,29270,4887,29275,17692,29265,12535,29260,10054
2020-06-08 09:29:51.380000,29300.74,29270,19434,29275,8146,29260,5503,29255,17086
2020-06-08 09:29:52.420000,29300.74,29270,23034,29275,8146,29260,5503,29255,17086
2020-06-08 09:29:52.850000,29300.74,29270,19434,29275,8146,29260,5503,29255,17086
2020-06-08 09:29:53.440000,29300.74,29270,19434,29275,8146,29260,5503,29255,17086
2020-06-08 09:29:53.970000,29300.74,29275,22580,29280,8601,29265,12535,29260,10054
2020-06-08 09:29:55.050000,29300.74,29275,4932,29280,18148,29270,12535,29265,10054
2020-06-08 09:29:55.370000,29300.74,29280,4888,29285,17549,29275,7371,29270,17086
2020-06-08 09:29:56.130000,29300.74,29275,21779,29280,8500,29265,12534,29260,10054
2020-06-08 09:29:56.890000,29300.74,29270,20647,29275,8001,29260,5502,29255,17086
2020-06-08 09:29:57.690000,29300.74,29270,24147,29275,8001,29260,5502,29255,17086
2020-06-08 09:29:58.730000,29300.74,29275,23648,29280,8500,29265,12534,29260,10054
2020-06-08 09:29:59.160000,29300.74,29270,6100,29275,17548,29265,12534,29260,10054
2020-06-08 09:29:59.840000,29300.74,29265,32682,29270,8500,29255,12534,29250,10055
2020-06-08 09:30:00.860000,29300.74,29260,6100,29265,26582,29255,5502,29250,1
2020-06-08 09:30:01.890000,29317.26,29265,32682,29270,8500,29255,12534,29250,10055
2020-06-08 09:30:02.350000,29317.26,29260,6100,29265,26582,29255,12534,29250,10055
2020-06-08 09:30:03.460000,29317.26,29265,32682,29270,8500,29255,12534,29250,10055
2020-06-08 09:30:03.840000,29317.26,29265,32662,29270,8500,29255,12534,29250,10055
2020-06-08 09:30:04.470000,29317.26,29260,6100,29265,26562,29255,12534,29250,10055
2020-06-08 09:30:05.540000,29317.26,29265,32662,29270,8500,29255,12534,29250,10055
2020-06-08 09:30:07.600000,29317.26,29260,23847,29265,17015,29250,5503,29245,17087
2020-06-08 09:30:09.170000,29317.26,29260,23847,29265,17015,29250,5503,29245,17087
2020-06-08 09:30:12.800000,29316.86,29260,23847,29265,17015,29250,5503,29245,17087
2020-06-08 09:30:13.950000,29316.86,29260,23847,29265,17015,29250,5503,29245,17087
2020-06-08 09:30:14.890000,29316.86,29255,19748,29260,8600,29250,1,29245,12535
2020-06-08 09:30:15.340000,29316.86,29255,23248,29260,8600,29250,1,29245,12535
2020-06-08 09:30:15.940000,29316.86,29255,23248,29260,8600,29245,12535,29240,13020
2020-06-08 09:30:16.770000,29316.86,29245,19748,29250,5000,29235,5504,29230,17086
2020-06-08 09:30:18.020000,29316.86,29245,23348,29250,5000,29235,5504,29230,17086
2020-06-08 09:30:19.080000,29316.86,29240,20247,29245,8101,29230,13132,29225,11057
2020-06-08 09:30:20.130000,29316.86,29245,23348,29250,5000,29235,6100,29230,17086
2020-06-08 09:30:20.580000,29291.38,29240,3300,29245,23348,29235,6100,29230,17086
2020-06-08 09:30:21.690000,29291.38,29235,6100,29240,23847,29230,13132,29225,11057
2020-06-08 09:30:22.750000,29291.38,29235,3600,29240,23847,29230,13132,29225,11057
2020-06-08 09:30:23.810000,29291.38,29235,500,29240,23847,29230,13132,29225,11057
2020-06-08 09:30:24.170000,29291.38,29240,23847,29245,8101,29230,13132,29225,11057
2020-06-08 09:30:25.390000,29291.38,29240,3600,29245,23348,29235,7210,29230,17086
2020-06-08 09:30:25.780000,29291.38,29235,22144,29240,8562,29225,7103,29220,19741
2020-06-08 09:30:26.970000,29291.38,29235,22144,29240,8562,29225,6103,29220,19741
2020-06-08 09:30:27.290000,29291.38,29230,19137,29235,8007,29220,15787,29215,10267
2020-06-08 09:30:28.520000,29291.38,29230,22637,29235,8007,29225,594,29220,13187
2020-06-08 09:30:28.880000,29291.38,29230,22637,29235,8007,29220,13187,29215,10267
2020-06-08 09:30:30.620000,29291.38,29225,18638,29230,8500,29220,55,29215,13345
2020-06-08 09:30:31.150000,29288.93,29225,22138,29230,8500,29215,13345,29210,12654
2020-06-08 09:30:31.940000,29288.93,29225,22138,29230,8500,29215,13345,29210,12654
2020-06-08 09:30:32.710000,29288.93,29225,22457,29230,8500,29215,13345,29210,12654
2020-06-08 09:30:33.780000,29288.93,29220,19137,29225,8320,29215,213,29210,8700
2020-06-08 09:30:34.240000,29288.93,29225,22457,29230,8500,29215,13345,29210,12654
2020-06-08 09:30:35.320000,29288.93,29225,319,29230,22637,29220,13132,29215,10267
2020-06-08 09:30:35.750000,29288.93,29225,319,29230,22637,29220,13132,29215,10267
2020-06-08 09:30:36.490000,29288.93,29225,22457,29230,8500,29215,13345,29210,12654
2020-06-08 09:30:37.440000,29288.93,29225,22457,29230,8500,29215,13345,29210,12654
2020-06-08 09:30:37.780000,29288.93,29225,22457,29230,8500,29215,13345,29210,12654
2020-06-08 09:30:38.520000,29288.93,29225,3819,29230,22637,29220,13132,29215,10267
2020-06-08 09:30:39.580000,29288.93,29225,3819,29230,22637,29220,13115,29215,10267
2020-06-08 09:30:39.820000,29288.93,29220,13115,29225,22457,29215,13328,29210,12654
2020-06-08 09:30:40.620000,29288.93,29220,13115,29225,22457,29215,13328,29210,12654
2020-06-08 09:30:41.740000,29266.4,29225,22457,29230,8500,29215,13328,29210,12654
2020-06-08 09:30:43.050000,29266.4,29225,22457,29230,8500,29215,13328,29210,12654
2020-06-08 09:30:44.820000,29266.4,29225,22457,29230,8500,29215,13328,29210,12654
2020-06-08 09:30:45.170000,29266.4,29220,1,29225,22457,29215,13328,29210,12654
2020-06-08 09:30:45.840000,29266.4,29220,3601,29225,22457,29215,13328,29210,12654
2020-06-08 09:30:46.920000,29266.4,29220,3601,29225,22457,29215,13328,29210,12654
2020-06-08 09:30:47.960000,29266.4,29220,17738,29225,8320,29215,213,29210,8683
2020-06-08 09:30:48.480000,29266.4,29220,41,29225,22457,29215,13115,29210,10154
2020-06-08 09:30:49.520000,29266.4,29225,319,29230,22637,29220,12974,29215,10054
2020-06-08 09:30:49.960000,29266.4,29225,2119,29230,22637,29220,12974,29215,10054
2020-06-08 09:30:51.110000,29280.87,29225,3819,29230,22637,29220,12974,29215,10054
2020-06-08 09:30:51.430000,29280.87,29225,3819,29230,22637,29220,12974,29215,10054
2020-06-08 09:30:52.170000,29280.87,29225,319,29230,22637,29220,12974,29215,10054
2020-06-08 09:30:53.220000,29280.87,29225,3519,29230,22637,29220,12974,29215,10054
2020-06-08 09:30:53.430000,29280.87,29225,319,29230,22638,29220,12974,29215,10054
2020-06-08 09:30:55.310000,29280.87,29225,3719,29230,22638,29220,12834,29215,10054
2020-06-08 09:30:55.730000,29280.87,29225,319,29230,22638,29220,12834,29215,10054
2020-06-08 09:30:56.480000,29280.87,29230,1,29235,22145,29225,5483,29220,17086
2020-06-08 09:30:57.420000,29280.87,29230,51,29235,22145,29225,5482,29220,17086
2020-06-08 09:30:58.770000,29280.87,29235,17644,29240,8763,29225,5482,29220,22035
2020-06-08 09:30:59.520000,29280.87,29235,22145,29240,8763,29230,594,29225,5482
2020-06-08 09:31:00.560000,29280.87,29230,4590,29235,17555,29225,5482,29220,17035
2020-06-08 09:31:00.870000,29264.39,29225,5482,29230,22437,29220,12463,29215,10054
2020-06-08 09:31:02.110000,29264.39,29230,22437,29235,8008,29220,12463,29215,10054
2020-06-08 09:31:03.170000,29264.39,29235,8097,29240,18310,29225,5482,29220,22035
2020-06-08 09:31:03.570000,29264.39,29235,21945,29240,8763,29225,5482,29220,17035
2020-06-08 09:31:04.730000,29264.39,29230,19137,29235,7808,29220,12463,29215,10054
2020-06-08 09:31:05.140000,29264.39,29230,22437,29235,7808,29220,12463,29215,10054
2020-06-08 09:31:05.770000,29264.39,29230,22437,29235,7808,29220,12463,29215,10054
2020-06-08 09:31:06.830000,29264.39,29230,22437,29235,7808,29220,12463,29215,10054
2020-06-08 09:31:07.070000,29264.39,29230,22437,29235,7808,29220,12473,29215,10054
2020-06-08 09:31:07.870000,29264.39,29230,19132,29235,7808,29220,12473,29215,10054
2020-06-08 09:31:08.430000,29264.39,29225,18633,29230,8424,29220,10,29215,12463
2020-06-08 09:31:09.440000,29264.39,29225,22033,29230,8424,29220,10,29215,12463
2020-06-08 09:31:09.780000,29264.39,29225,18733,29230,8424,29215,12463,29210,10154
2020-06-08 09:31:10.540000,29264.39,29225,22033,29230,8424,29215,12463,29210,10154
2020-06-08 09:31:12.580000,29263.88,29220,14132,29225,7901,29210,5582,29205,22038
2020-06-08 09:31:13.150000,29263.88,29220,2200,29225,22033,29215,12463,29210,10154
2020-06-08 09:31:13.870000,29263.88,29220,3400,29225,22033,29215,12463,29210,10154
2020-06-08 09:31:14.940000,29263.88,29225,22033,29230,8424,29215,12463,29210,10154
2020-06-08 09:31:15.710000,29263.88,29225,22033,29230,8424,29215,12463,29210,10154
2020-06-08 09:31:16.240000,29263.88,29220,19132,29225,7901,29210,5582,29205,17038
2020-06-08 09:31:16.970000,29263.88,29220,19132,29225,7901,29210,5582,29205,17038
2020-06-08 09:31:17.820000,29263.88,29220,22532,29225,7901,29210,5582,29205,17038
2020-06-08 09:31:18.170000,29263.88,29215,4585,29220,17947,29210,100,29205,22520
2020-06-08 09:31:19.440000,29263.88,29210,19132,29215,7901,29205,3,29200,5713
2020-06-08 09:31:19.950000,29263.88,29210,7885,29215,17448,29205,12463,29200,10285
2020-06-08 09:31:21.030000,29271.97,29210,22432,29215,7901,29200,5713,29195,17535
2020-06-08 09:31:22.080000,29271.97,29210,22432,29215,7901,29200,5713,29195,17535
2020-06-08 09:31:22.570000,29271.97,29205,18633,29210,8300,29200,231,29195,12963
2020-06-08 09:31:23.640000,29271.97,29200,3000,29205,21933,29195,5482,29190,13568
2020-06-08 09:31:24.730000,29271.97,29205,21933,29210,8300,29195,5482,29190,13568
2020-06-08 09:31:25.750000,29271.97,29200,14132,29205,7799,29195,5482,29190,11014
2020-06-08 09:31:26.750000,29271.97,29195,5482,29200,22432,29190,16496,29185,10055
2020-06-08 09:31:27.820000,29271.97,29195,10067,29200,17847,29190,10373,29185,10055
2020-06-08 09:31:28.880000,29271.97,29190,10373,29195,20031,29185,6100,29180,14347
2020-06-08 09:31:29.380000,29271.97,29205,18631,29210,5000,29195,2874,29190,29026
2020-06-08 09:31:30.470000,29271.97,29205,21831,29210,5000,29195,8973,29190,22927
2020-06-08 09:31:30.840000,29245.65,29205,21831,29210,5000,29200,594,29195,8973
2020-06-08 09:31:32.050000,29245.65,29200,19132,29205,7699,29190,21846,29185,13255
2020-06-08 09:31:32.340000,29245.65,29200,22332,29205,7699,29190,21846,29185,13255
2020-06-08 09:31:33.140000,29245.65,29200,22332,29205,7699,29190,21846,29185,13255
2020-06-08 09:31:34.140000,29245.65,29200,4585,29205,17246,29190,31900,29185,3211
2020-06-08 09:31:34.740000,29245.65,29205,21831,29210,5000,29195,8973,29190,22927
2020-06-08 09:31:35.740000,29245.65,29205,18631,29210,5000,29195,8973,29190,22927
2020-06-08 09:31:38.640000,29245.65,29205,18631,29210,5000,29195,8973,29190,22927
2020-06-08 09:31:41.490000,29239.97,29200,4585,29205,14046,29195,8973,29190,22927
2020-06-08 09:31:41.870000,29239.97,29205,18631,29210,5000,29195,8973,29190,22927
2020-06-08 09:31:43.340000,29239.97,29205,18631,29210,5000,29195,8973,29190,22927
2020-06-08 09:31:44.110000,29239.97,29200,19132,29205,7700,29190,21846,29185,13265
2020-06-08 09:31:45.140000,29239.97,29200,5024,29205,21832,29195,8973,29190,22927
2020-06-08 09:31:45.380000,29239.97,29200,20006,29205,7700,29190,21846,29185,13265
2020-06-08 09:31:46.180000,29239.97,29195,18631,29200,8614,29190,12873,29185,9310
2020-06-08 09:31:46.680000,29239.97,29195,18631,29200,8614,29190,12873,29185,9310
2020-06-08 09:31:47.760000,29239.97,29200,22746,29205,7700,29190,21846,29185,13265
2020-06-08 09:31:48.080000,29239.97,29200,19446,29205,7700,29190,21846,29185,13265
2020-06-08 09:31:48.780000,29239.97,29200,19446,29205,7700,29190,21846,29185,13265
2020-06-08 09:31:49.860000,29239.97,29190,19132,29195,4499,29185,3211,29180,8995
2020-06-08 09:31:50.150000,29254.79,29190,19132,29195,4499,29185,11,29180,8995
2020-06-08 09:31:50.910000,29254.79,29190,19132,29195,4499,29185,11,29180,8995
2020-06-08 09:31:51.960000,29254.79,29190,19132,29195,4499,29185,11,29180,8995
2020-06-08 09:31:52.270000,29254.79,29190,22432,29195,4499,29185,11,29180,8995
2020-06-08 09:31:53.020000,29254.79,29185,18631,29190,8300,29180,22,29175,6099
2020-06-08 09:31:54.060000,29254.79,29190,22432,29195,4499,29180,12295,29175,10054
2020-06-08 09:31:54.240000,29254.79,29185,18631,29190,8300,29180,22,29175,6099
2020-06-08 09:31:55.100000,29254.79,29185,21631,29190,8300,29180,22,29175,6099
2020-06-08 09:31:56.160000,29254.79,29185,21631,29190,8300,29175,9199,29170,12928
2020-06-08 09:31:57.190000,29254.79,29180,19132,29185,7499,29170,8973,29165,10055
2020-06-08 09:31:57.740000,29254.79,29180,22432,29185,7499,29170,8973,29165,10055
2020-06-08 09:31:58.680000,29254.79,29175,18631,29180,8300,29165,8974,29160,10054
2020-06-08 09:31:59.820000,29254.79,29175,18631,29180,8300,29165,8974,29160,10054
2020-06-08 09:32:00.880000,29254.79,29180,3300,29185,21631,29175,6099,29170,12928
2020-06-08 09:32:01.430000,29232.74,29175,20231,29180,8300,29170,6099,29165,5175
2020-06-08 09:32:02.370000,29232.74,29175,1551,29180,22432,29170,8973,29165,12355
2020-06-08 09:32:03.510000,29232.74,29180,22432,29185,7499,29170,8973,29165,12355
2020-06-08 09:32:04.040000,29232.74,29180,22432,29185,7499,29170,8973,29165,12355
2020-06-08 09:32:05.620000,29232.74,29185,21631,29190,8300,29175,6099,29170,12928
2020-06-08 09:32:06.670000,29232.74,29185,18631,29190,8300,29175,6099,29170,12928
2020-06-08 09:32:07.710000,29232.74,29185,21931,29190,8300,29175,6099,29170,12928
2020-06-08 09:32:08.060000,29232.74,29180,21974,29185,7799,29170,8973,29165,12355
2020-06-08 09:32:08.940000,29232.74,29180,21974,29185,7799,29170,8973,29165,12355
2020-06-08 09:32:09.830000,29232.74,29180,21974,29185,7799,29170,8973,29165,12355
2020-06-08 09:32:11.340000,29206.1,29180,23947,29185,7799,29170,8973,29165,12355
2020-06-08 09:32:12.170000,29206.1,29185,23446,29190,8300,29175,6099,29170,12928
2020-06-08 09:32:13.430000,29206.1,29180,20647,29185,7799,29170,8973,29165,12355
2020-06-08 09:32:13.770000,29206.1,29180,21347,29185,7799,29170,8973,29165,12356
2020-06-08 09:32:14.470000,29206.1,29185,23436,29190,8300,29175,6099,29170,12928
2020-06-08 09:32:15.550000,29206.1,29185,20136,29190,8300,29175,6099,29170,12928
2020-06-08 09:32:15.930000,29206.1,29185,15637,29190,8300,29175,6099,29170,17928
2020-06-08 09:32:17.120000,29206.1,29185,20136,29190,8300,29175,6099,29170,12928
2020-06-08 09:32:17.480000,29206.1,29185,23436,29190,8300,29175,6099,29170,12928
2020-06-08 09:32:19.170000,29206.1,29185,20136,29190,8300,29175,6099,29170,12928
2020-06-08 09:32:19.940000,29206.1,29190,23937,29195,4500,29180,8956,29175,10054
2020-06-08 09:32:20.810000,29198.57,29185,14046,29190,14390,29180,6058,29170,12928
2020-06-08 09:32:21.350000,29198.57,29185,23436,29190,8300,29175,6058,29170,12928
2020-06-08 09:32:22.900000,29198.57,29185,20136,29190,8300,29175,6058,29170,12928
2020-06-08 09:32:23.270000,29198.57,29185,23436,29190,8300,29175,6058,29170,12928
2020-06-08 09:32:23.940000,29198.57,29185,20136,29190,8301,29175,6058,29170,12928
2020-06-08 09:32:25.500000,29198.57,29190,23938,29195,4500,29180,8932,29175,10054
2020-06-08 09:32:26.600000,29198.57,29185,15637,29190,8301,29175,5808,29170,17928
2020-06-08 09:32:26.820000,29198.57,29185,20136,29190,8301,29175,5808,29170,12928
2020-06-08 09:32:27.650000,29198.57,29185,20136,29190,8301,29175,5808,29170,12928
2020-06-08 09:32:28.680000,29198.57,29185,20136,29190,8301,29175,5808,29170,12928
2020-06-08 09:32:29.140000,29198.57,29185,20137,29190,8301,29175,5808,29170,12928
2020-06-08 09:32:30.260000,29198.57,29185,20137,29190,8301,29175,5808,29170,12928
2020-06-08 09:32:30.570000,29198.57,29185,23437,29190,8301,29175,5808,29170,12928
2020-06-08 09:32:31.340000,29227.5,29185,23437,29190,8301,29175,5808,29170,12928
2020-06-08 09:32:32.180000,29227.5,29180,15637,29185,7800,29175,34,29170,8682
2020-06-08 09:32:33.420000,29227.5,29185,23437,29190,8301,29175,5842,29170,12928
2020-06-08 09:32:33.840000,29227.5,29185,23337,29190,8301,29180,594,29175,5842
2020-06-08 09:32:34.540000,29227.5,29185,20137,29190,8301,29180,594,29175,5842
2020-06-08 09:32:36.090000,29227.5,29185,1,29190,23938,29180,9276,29175,10088
2020-06-08 09:32:37.130000,29227.5,29185,1,29190,23938,29180,9136,29175,10088
2020-06-08 09:32:37.680000,29227.5,29190,20637,29195,7691,29185,1,29180,9135
2020-06-08 09:32:38.970000,29227.5,29190,22037,29195,7691,29185,1,29180,9135
2020-06-08 09:32:39.770000,29227.5,29195,23328,29200,8466,29185,5808,29180,13382
2020-06-08 09:32:41.930000,29205.7,29195,20128,29200,8466,29185,5808,29180,13382
2020-06-08 09:32:42.920000,29205.7,29200,24103,29205,4749,29190,8681,29185,10055
2020-06-08 09:32:43.450000,29205.7,29200,24103,29205,4749,29190,8681,29185,10055
2020-06-08 09:32:44.240000,29205.7,29200,20703,29205,4749,29190,8681,29185,10055
2020-06-08 09:32:46.040000,29205.7,29200,5066,29205,20386,29195,8681,29190,10054
2020-06-08 09:32:46.360000,29205.7,29200,66,29205,20386,29195,8681,29190,10054
2020-06-08 09:32:47.090000,29205.7,29200,6156,29205,14296,29195,8681,29190,10054
2020-06-08 09:32:48.130000,29205.7,29200,66,29205,20386,29195,8681,29190,10054
2020-06-08 09:32:48.340000,29205.7,29200,1166,29205,20386,29195,8681,29190,10054
2020-06-08 09:32:49.210000,29205.7,29200,66,29205,20386,29195,8681,29190,10054
2020-06-08 09:32:50.210000,29205.7,29200,23803,29205,4749,29190,8681,29185,10055
2020-06-08 09:32:50.740000,29220.47,29200,6156,29205,14296,29195,8681,29190,10054
2020-06-08 09:32:51.670000,29220.47,29200,66,29205,20386,29195,8681,29190,10054
2020-06-08 09:32:52.820000,29220.47,29200,66,29205,20386,29195,8681,29190,10054
2020-06-08 09:32:53.880000,29220.47,29200,228,29205,20386,29195,8681,29190,10054
2020-06-08 09:32:54.280000,29220.47,29200,203,29205,20386,29195,8681,29190,10054
2020-06-08 09:32:55.470000,29220.47,29200,203,29205,20386,29195,8681,29190,10054
2020-06-08 09:32:56.940000,29220.47,29200,203,29205,20386,29195,8681,29190,10054
2020-06-08 09:32:58.180000,29220.47,29200,203,29205,20386,29195,8681,29190,10054
2020-06-08 09:32:59.120000,29220.47,29200,203,29205,20386,29195,8715,29190,10054
2020-06-08 09:33:00.160000,29220.47,29200,203,29205,20386,29195,8715,29190,10054
2020-06-08 09:33:00.730000,29215.42,29195,8681,29200,23840,29190,8681,29185,10055
2020-06-08 09:33:01.720000,29215.42,29200,23840,29205,4749,29190,8681,29185,10055
2020-06-08 09:33:02.970000,29215.42,29200,23840,29205,4749,29190,8681,29185,10055
2020-06-08 09:33:03.830000,29215.42,29195,20128,29200,8203,29185,5808,29180,13382
2020-06-08 09:33:04.860000,29215.42,29200,23840,29205,4749,29190,8681,29185,10055
2020-06-08 09:33:06.430000,29215.42,29200,23840,29205,4749,29195,594,29190,8681
2020-06-08 09:33:06.640000,29215.42,29200,23840,29205,4749,29190,8681,29185,10055
2020-06-08 09:33:07.840000,29215.42,29200,23840,29205,4749,29190,8681,29185,10055
2020-06-08 09:33:11.080000,29223.23,29200,23840,29205,4749,29190,8681,29185,10055
2020-06-08 09:33:14.160000,29223.23,29195,20128,29200,8163,29185,5808,29180,13382
2020-06-08 09:33:15.360000,29223.23,29195,23128,29200,8163,29185,5808,29180,13382
2020-06-08 09:33:16.910000,29223.23,29195,23128,29200,8163,29185,5808,29180,13382
2020-06-08 09:33:17.340000,29223.23,29190,20637,29195,7491,29185,1,29180,9135
2020-06-08 09:33:18.030000,29223.23,29190,23637,29195,7491,29180,9135,29175,10088
2020-06-08 09:33:19.030000,29223.23,29190,20637,29195,7491,29185,34,29180,9135
2020-06-08 09:33:19.270000,29223.23,29190,20637,29195,7491,29180,9135,29175,10088
2020-06-08 09:33:20.070000,29223.23,29190,23537,29195,7491,29180,9135,29175,10088
2020-06-08 09:33:21.650000,29224.6,29190,23537,29195,7491,29180,9135,29175,10088
2020-06-08 09:33:23.240000,29224.6,29190,23537,29195,7491,29180,9135,29175,10088
2020-06-08 09:33:24.240000,29224.6,29190,23537,29195,7491,29180,9135,29175,10088
2020-06-08 09:33:25.340000,29224.6,29190,23537,29195,7491,29180,9135,29175,10188
2020-06-08 09:33:25.640000,29224.6,29190,23637,29195,7491,29180,9135,29175,10188
2020-06-08 09:33:26.380000,29224.6,29185,23123,29190,8000,29180,454,29175,5941
2020-06-08 09:33:27.440000,29224.6,29185,3000,29190,23632,29180,8683,29175,10188
2020-06-08 09:33:27.770000,29224.6,29185,18632,29190,8000,29180,2,29175,5941
2020-06-08 09:33:28.340000,29224.6,29185,18632,29190,8000,29180,2,29175,5941
2020-06-08 09:33:29.040000,29224.6,29185,23123,29190,8000,29175,5941,29170,12968
2020-06-08 09:33:29.700000,29224.6,29185,23123,29190,8000,29175,5941,29170,12968
2020-06-08 09:33:30.950000,29208.09,29185,23123,29190,8000,29175,5941,29170,12968
2020-06-08 09:33:32.170000,29208.09,29185,23123,29190,8000,29175,5941,29170,12968
2020-06-08 09:33:32.380000,29208.09,29175,4308,29180,23630,29170,8721,29165,12356
2020-06-08 09:33:33.210000,29208.09,29175,4308,29180,23630,29170,8721,29165,12356
2020-06-08 09:33:34.260000,29208.09,29170,5807,29175,23121,29165,8109,29160,10064
2020-06-08 09:33:34.670000,29208.09,29170,26437,29175,6791,29160,5817,29155,10064
2020-06-08 09:33:35.810000,29208.09,29165,1,29170,26437,29160,5736,29155,17564
2020-06-08 09:33:36.340000,29208.09,29165,2201,29170,26437,29160,5736,29155,17564
2020-06-08 09:33:37.070000,29208.09,29165,2207,29170,26437,29160,6100,29155,17564
2020-06-08 09:33:37.900000,29208.09,29165,17837,29170,10807,29155,13610,29150,15270
2020-06-08 09:33:38.960000,29208.09,29165,22328,29170,10807,29155,13610,29150,10270
2020-06-08 09:33:40.020000,29208.09,29165,2207,29170,26437,29160,6100,29155,17564
2020-06-08 09:33:40.430000,29208.09,29160,6100,29165,22121,29155,13610,29150,10270
2020-06-08 09:33:41.580000,29215.43,29160,12183,29165,16038,29155,13610,29150,10270
2020-06-08 09:33:42.040000,29215.43,29160,12183,29165,16038,29155,13610,29150,10270
2020-06-08 09:33:43.170000,29215.43,29160,12183,29165,16038,29155,13610,29150,10270
2020-06-08 09:33:44.200000,29215.43,29155,2277,29160,23230,29150,6316,29145,17565
2020-06-08 09:33:45.240000,29215.43,29155,2277,29160,23230,29150,6316,29145,17565
2020-06-08 09:33:46.270000,29215.43,29150,6100,29155,22398,29145,13611,29140,11271
2020-06-08 09:33:47.320000,29215.43,29150,6100,29155,22398,29145,13611,29140,11271
2020-06-08 09:33:47.760000,29215.43,29155,20121,29160,5000,29145,8950,29140,11271
2020-06-08 09:33:48.890000,29215.43,29150,20630,29155,4491,29140,10167,29135,10054
2020-06-08 09:33:49.430000,29215.43,29150,20630,29155,4491,29140,10167,29135,10054
2020-06-08 09:33:50.250000,29199.56,29155,20121,29160,5000,29145,8950,29140,11271
2020-06-08 09:33:51.000000,29199.56,29150,20630,29155,4491,29140,10167,29135,10054
2020-06-08 09:33:52.040000,29199.56,29155,20121,29160,5000,29145,8950,29140,11271
2020-06-08 09:33:52.270000,29199.56,29150,15630,29155,4491,29140,10167,29135,15054
2020-06-08 09:33:53.080000,29199.56,29155,20121,29160,5000,29145,8950,29140,11271
2020-06-08 09:33:54.140000,29199.56,29150,20630,29155,4491,29140,10167,29135,10054
2020-06-08 09:33:55.180000,29199.56,29150,11083,29155,14038,29145,8950,29140,11271
2020-06-08 09:33:55.570000,29199.56,29150,11083,29155,14038,29145,2850,29140,17371
2020-06-08 09:33:56.390000,29199.56,29150,6083,29155,14038,29145,8950,29140,11271
2020-06-08 09:33:57.340000,29199.56,29150,6083,29155,14038,29145,8950,29140,11271
2020-06-08 09:33:57.870000,29199.56,29155,20121,29160,5000,29145,8950,29140,11271
2020-06-08 09:33:58.910000,29199.56,29155,20119,29160,5000,29145,8950,29140,11271
2020-06-08 09:33:59.340000,29199.56,29155,20119,29160,5000,29145,8950,29140,11271
2020-06-08 09:34:00.500000,29199.56,29160,20628,29165,4491,29150,6100,29145,13004
2020-06-08 09:34:00.870000,29197.03,29160,20628,29165,4491,29150,6100,29145,13004
2020-06-08 09:34:02.060000,29197.03,29155,20119,29160,5000,29145,9033,29140,11271
2020-06-08 09:34:02.630000,29197.03,29160,20628,29165,4491,29150,6083,29145,13004
2020-06-08 09:34:03.620000,29197.03,29165,20119,29170,5000,29155,8933,29150,10054
2020-06-08 09:34:04.070000,29197.03,29165,20119,29170,5000,29155,8933,29150,10054
2020-06-08 09:34:05.210000,29197.03,29165,20119,29170,5000,29155,8933,29150,10054
2020-06-08 09:34:05.570000,29197.03,29165,10572,29170,14547,29160,6083,29155,12904
2020-06-08 09:34:06.340000,29197.03,29170,20628,29175,4491,29160,6083,29155,12904
2020-06-08 09:34:07.320000,29197.03,29170,20628,29175,4491,29160,6083,29155,12904
2020-06-08 09:34:08.350000,29197.03,29170,20628,29175,4491,29160,6083,29155,12904
2020-06-08 09:34:08.570000,29197.03,29170,20628,29175,4491,29160,6083,29155,12904
2020-06-08 09:34:09.410000,29197.03,29170,20628,29175,4491,29165,594,29160,6083
2020-06-08 09:34:10.580000,29197.03,29170,20034,29175,4491,29160,6083,29155,12904
2020-06-08 09:34:11.500000,29196.06,29165,5487,29170,14547,29160,6083,29155,12904
2020-06-08 09:34:11.960000,29196.06,29165,15034,29170,5000,29155,8933,29150,15104
2020-06-08 09:34:12.780000,29196.06,29165,5487,29170,14547,29160,6083,29155,12904
2020-06-08 09:34:13.600000,29196.06,29165,9978,29170,14547,29155,18987,29150,50
2020-06-08 09:34:14.650000,29196.06,29165,9978,29170,14547,29155,18987,29150,50
2020-06-08 09:34:14.930000,29196.06,29165,5487,29170,14547,29160,6083,29155,12904
2020-06-08 09:34:15.710000,29196.06,29160,26117,29165,4491,29150,6133,29145,13288
2020-06-08 09:34:16.770000,29196.06,29165,19525,29170,5000,29155,8933,29150,10104
2020-06-08 09:34:17.040000,29196.06,29165,19525,29170,5000,29155,8933,29150,10104
2020-06-08 09:34:18.840000,29196.06,29155,140,29160,20034,29150,6133,29145,13288
2020-06-08 09:34:19.380000,29196.06,29155,140,29160,20034,29150,6133,29145,13288
2020-06-08 09:34:20.040000,29196.06,29155,5627,29160,14547,29150,6138,29145,13288
2020-06-08 09:34:20.740000,29176.33,29155,140,29160,20034,29150,6138,29145,13288
2020-06-08 09:34:21.470000,29176.33,29155,140,29160,20034,29150,6138,29145,13288
2020-06-08 09:34:22.040000,29176.33,29160,20034,29165,4491,29155,7,29150,6138
2020-06-08 09:34:23.030000,29176.33,29160,20034,29165,4491,29155,7,29150,6172
2020-06-08 09:34:23.270000,29176.33,29155,5480,29160,14547,29150,6172,29145,13288
2020-06-08 09:34:24.070000,29176.33,29160,20027,29165,4491,29150,6172,29145,13288
2020-06-08 09:34:25.100000,29176.33,29160,20027,29165,4491,29150,6172,29145,13288
2020-06-08 09:34:25.310000,29176.33,29165,19518,29170,5000,29155,8933,29150,10143
2020-06-08 09:34:26.170000,29176.33,29165,19518,29170,5000,29155,8933,29150,10143
2020-06-08 09:34:26.480000,29176.33,29165,5480,29170,14547,29160,6083,29155,12904
2020-06-08 09:34:27.930000,29176.33,29170,20027,29175,4491,29160,6083,29155,12904
2020-06-08 09:34:28.800000,29176.33,29170,20027,29175,4491,29160,6083,29155,12904
2020-06-08 09:34:29.270000,29176.33,29175,19518,29180,5000,29165,8933,29160,10054
2020-06-08 09:34:30.040000,29176.33,29175,5480,29180,14547,29170,8933,29165,10054
2020-06-08 09:34:30.920000,29176.33,29175,5480,29180,14547,29170,8933,29165,10054
2020-06-08 09:34:31.970000,29181.55,29180,20027,29185,4491,29170,8933,29165,10054
2020-06-08 09:34:32.480000,29181.55,29180,5480,29185,14038,29175,6083,29170,12904
2020-06-08 09:34:33.530000,29181.55,29180,5480,29185,14038,29175,6083,29170,12904
2020-06-08 09:34:34.570000,29181.55,29180,5480,29185,14038,29175,6083,29170,12904
2020-06-08 09:34:35.610000,29181.55,29180,20027,29185,4491,29170,8922,29165,10054
2020-06-08 09:34:37.690000,29181.55,29180,20027,29185,4491,29170,8922,29165,10054
2020-06-08 09:34:39.800000,29181.55,29175,9971,29180,14547,29170,8922,29165,10054
2020-06-08 09:34:40.130000,29203.02,29175,19518,29180,5000,29170,1,29165,8922
2020-06-08 09:34:41.340000,29203.02,29175,18924,29180,5000,29170,1,29165,8922
2020-06-08 09:34:41.540000,29203.02,29175,4886,29180,14547,29170,6084,29165,2839
2020-06-08 09:34:42.400000,29203.02,29180,19433,29185,4491,29170,8923,29165,10054
2020-06-08 09:34:42.880000,29203.02,29175,4886,29180,14547,29170,8923,29165,10054
2020-06-08 09:34:43.960000,29203.02,29175,4886,29180,14547,29170,8923,29165,10054
2020-06-08 09:34:44.170000,29203.02,29175,18924,29180,5000,29170,1,29165,8922
2020-06-08 09:34:45.000000,29203.02,29175,4886,29180,14547,29170,8923,29165,10054
2020-06-08 09:34:46.040000,29203.02,29170,4885,29175,14038,29165,8922,29160,10054
2020-06-08 09:34:46.370000,29203.02,29170,9885,29175,14038,29165,2839,29160,16137
2020-06-08 09:34:47.620000,29203.02,29170,19432,29175,4491,29160,6083,29155,12894
2020-06-08 09:34:48.040000,29203.02,29165,4884,29170,14547,29160,6083,29155,12894
2020-06-08 09:34:49.220000,29203.02,29165,18922,29170,5000,29155,8923,29150,10143
2020-06-08 09:34:49.640000,29203.02,29165,18922,29170,5000,29155,8923,29150,10143
2020-06-08 09:34:50.340000,29203.02,29165,18922,29170,5000,29155,8923,29150,10143
2020-06-08 09:34:50.970000,29218.12,29165,18922,29170,5000,29155,8923,29150,10143
2020-06-08 09:34:52.430000,29218.12,29165,18922,29170,5000,29155,8925,29150,10143
2020-06-08 09:34:53.150000,29218.12,29155,4881,29160,14547,29150,89,29145,9356
2020-06-08 09:34:54.130000,29218.12,29160,19427,29165,4491,29150,6172,29145,13327
2020-06-08 09:34:55.040000,29218.12,29160,19427,29165,4491,29150,6172,29145,13327
2020-06-08 09:34:56.120000,29218.12,29160,19427,29165,4491,29150,6172,29145,13327
2020-06-08 09:34:56.460000,29218.12,29165,18918,29170,5000,29155,8922,29150,10143
2020-06-08 09:34:57.160000,29218.12,29170,19427,29175,4491,29160,6083,29155,12893
2020-06-08 09:34:58.240000,29218.12,29165,14427,29170,5000,29155,8922,29150,15143
2020-06-08 09:34:58.680000,29218.12,29165,14427,29170,5000,29155,8922,29150,15143
2020-06-08 09:34:59.820000,29218.12,29165,14427,29170,5000,29155,8922,29150,15143
2020-06-08 09:35:00.270000,29218.12,29165,18918,29170,5000,29155,8922,29150,10143
2020-06-08 09:35:01.770000,29200.31,29160,19427,29165,4491,29150,6172,29145,13327
2020-06-08 09:35:02.920000,29200.31,29160,14427,29165,4491,29150,6172,29145,18327
2020-06-08 09:35:03.270000,29200.31,29165,18918,29170,5000,29155,8922,29150,10143
2020-06-08 09:35:04.030000,29200.31,29165,18918,29170,5000,29155,8922,29150,10143
2020-06-08 09:35:05.470000,29200.31,29160,19427,29165,4491,29150,6172,29145,13327
2020-06-08 09:35:06.600000,29200.31,29155,18918,29160,5000,29150,89,29145,9356
2020-06-08 09:35:06.970000,29200.31,29155,18918,29160,5000,29145,9356,29140,11272
2020-06-08 09:35:07.800000,29200.31,29155,18918,29160,5000,29145,9356,29140,11272
2020-06-08 09:35:09.240000,29200.31,29150,19427,29155,4491,29145,434,29140,10140
2020-06-08 09:35:11.840000,29192.66,29150,4880,29155,14038,29145,434,29140,10140
2020-06-08 09:35:12.440000,29192.66,29155,20138,29160,5000,29145,9356,29140,11272
2020-06-08 09:35:13.410000,29192.66,29145,20138,29150,5000,29140,1218,29135,6086
2020-06-08 09:35:14.460000,29192.66,29145,20137,29150,5000,29135,6086,29130,13078
2020-06-08 09:35:14.710000,29192.66,29145,20137,29150,5000,29135,6086,29130,13078
2020-06-08 09:35:15.520000,29192.66,29145,20137,29150,5000,29135,6086,29130,13078
2020-06-08 09:35:16.040000,29192.66,29145,20136,29150,5000,29135,6086,29130,13078
2020-06-08 09:35:17.620000,29192.66,29145,6099,29150,14546,29140,2839,29135,16140
2020-06-08 09:35:18.070000,29192.66,29150,20645,29155,4491,29140,8922,29135,10057
2020-06-08 09:35:19.210000,29192.66,29150,5000,29155,20136,29145,6083,29140,2839
2020-06-08 09:35:19.450000,29192.66,29155,20136,29160,5000,29145,8922,29140,10054
2020-06-08 09:35:20.260000,29192.66,29150,20645,29155,4491,29140,8922,29135,10057
2020-06-08 09:35:20.730000,29192.35,29150,20645,29155,4491,29140,8922,29135,10057
2020-06-08 09:35:21.380000,29192.35,29155,20136,29160,5000,29145,8922,29140,10054
2020-06-08 09:35:22.380000,29192.35,29155,20136,29160,5000,29145,8922,29140,10054
2020-06-08 09:35:22.930000,29192.35,29160,20645,29165,4653,29150,6083,29145,12893
2020-06-08 09:35:23.780000,29192.35,29160,20645,29165,4653,29150,6083,29145,12893
2020-06-08 09:35:24.530000,29192.35,29160,20643,29165,4653,29150,6083,29145,12893
2020-06-08 09:35:25.580000,29192.35,29155,20134,29160,5000,29145,8922,29140,10054
2020-06-08 09:35:26.130000,29192.35,29155,20134,29160,5000,29145,8922,29140,10054
2020-06-08 09:35:26.850000,29192.35,29155,20134,29160,5000,29145,8922,29140,10054
2020-06-08 09:35:27.700000,29192.35,29155,10588,29160,14546,29145,18976,29135,5003
2020-06-08 09:35:28.190000,29192.35,29155,20134,29160,5000,29145,8922,29140,10054
2020-06-08 09:35:29.260000,29192.35,29155,20174,29160,5000,29145,8922,29140,10054
2020-06-08 09:35:29.530000,29192.35,29150,6097,29155,14077,29145,2839,29140,6083
2020-06-08 09:35:30.840000,29192.35,29150,20643,29155,4531,29140,8922,29135,10057
2020-06-08 09:35:31.140000,29179.43,29150,20643,29155,4531,29140,8922,29135,10057
2020-06-08 09:35:31.940000,29179.43,29155,20174,29160,5000,29145,8922,29140,10054
2020-06-08 09:35:32.930000,29179.43,29150,20643,29155,4531,29140,8922,29135,10057
2020-06-08 09:35:33.330000,29179.43,29155,20174,29160,5000,29145,8922,29140,10054
2020-06-08 09:35:34.470000,29179.43,29155,20174,29160,5000,29145,8922,29140,10054
2020-06-08 09:35:35.690000,29179.43,29155,6137,29160,14546,29150,6083,29145,2839
2020-06-08 09:35:36.590000,29179.43,29155,6137,29160,14546,29150,6083,29145,12893
2020-06-08 09:35:36.980000,29179.43,29155,6137,29160,14546,29150,6083,29145,12893
2020-06-08 09:35:38.340000,29179.43,29155,6137,29160,14546,29145,8922,29140,15054
2020-06-08 09:35:39.200000,29179.43,29155,15683,29160,5000,29145,8922,29140,15054
2020-06-08 09:35:39.740000,29179.43,29155,20174,29160,5000,29145,8922,29140,10054
2020-06-08 09:35:41.290000,29187.42,29155,10628,29160,14546,29145,18976,29135,5003
2020-06-08 09:35:41.770000,29187.42,29155,20174,29160,5000,29145,8922,29140,10054
2020-06-08 09:35:42.840000,29187.42,29155,20174,29160,5000,29145,8905,29140,10054
2020-06-08 09:35:43.170000,29187.42,29155,6137,29160,14546,29145,8905,29140,10054
2020-06-08 09:35:43.830000,29187.42,29155,15688,29160,5000,29150,594,29145,8905
2020-06-08 09:35:44.950000,29187.42,29155,20179,29160,5001,29145,8905,29140,10054
2020-06-08 09:35:45.160000,29187.42,29155,20179,29160,5001,29145,8905,29140,10054
2020-06-08 09:35:46.000000,29187.42,29155,20179,29160,5001,29145,8905,29140,10054
2020-06-08 09:35:46.970000,29187.42,29155,20179,29160,5001,29145,8905,29140,10054
2020-06-08 09:35:48.650000,29187.42,29155,20180,29160,5001,29145,8905,29140,10054
2020-06-08 09:35:48.930000,29187.42,29155,20180,29160,5001,29150,458,29145,8905
2020-06-08 09:35:49.690000,29187.42,29150,6097,29155,14083,29145,8915,29140,10054
2020-06-08 09:35:50.040000,29187.42,29150,6097,29155,14083,29145,8915,29140,10054
2020-06-08 09:35:50.540000,29189.27,29150,6097,29155,14083,29145,8915,29140,10054
2020-06-08 09:35:51.130000,29189.27,29155,20180,29160,5005,29145,8915,29140,10054
2020-06-08 09:35:51.740000,29189.27,29155,46,29160,20648,29150,6083,29145,12886
2020-06-08 09:35:52.810000,29189.27,29155,20180,29160,5005,29145,8915,29140,10054
2020-06-08 09:35:53.270000,29189.27,29155,20180,29160,5005,29145,8915,29140,10054
2020-06-08 09:35:53.880000,29189.27,29150,20643,29155,4537,29145,10,29140,8905
2020-06-08 09:35:54.940000,29189.27,29150,20643,29155,4537,29145,10,29140,8905
2020-06-08 09:35:55.990000,29189.27,29150,20643,29155,4537,29140,8905,29135,10067
2020-06-08 09:35:57.040000,29189.27,29155,20180,29160,5005,29145,8905,29140,10054
2020-06-08 09:35:57.290000,29189.27,29155,6143,29160,14551,29145,8905,29140,15054
2020-06-08 09:35:58.100000,29189.27,29155,20180,29160,5005,29145,8905,29140,10054
2020-06-08 09:35:59.140000,29189.27,29155,20180,29160,5005,29145,8905,29140,10054
2020-06-08 09:35:59.430000,29189.27,29150,20643,29155,4537,29140,8905,29135,10067
2020-06-08 09:36:00.200000,29189.27,29145,140,29150,20643,29140,8905,29135,10067
2020-06-08 09:36:01.250000,29172.97,29155,20180,29160,5005,29145,8765,29140,10054
2020-06-08 09:36:01.540000,29172.97,29150,6097,29155,14083,29145,8765,29140,10054
2020-06-08 09:36:02.300000,29172.97,29145,8765,29150,20643,29140,8765,29135,10067
2020-06-08 09:36:03.340000,29172.97,29150,20643,29155,4537,29140,8765,29135,10067
2020-06-08 09:36:03.670000,29172.97,29155,20180,29160,5005,29145,8765,29140,10054
2020-06-08 09:36:04.430000,29172.97,29155,20180,29160,5005,29145,8765,29140,10054
2020-06-08 09:36:05.150000,29172.97,29150,15643,29155,4537,29140,8765,29135,15067
2020-06-08 09:36:05.970000,29172.97,29150,20643,29155,4537,29140,8765,29135,10067
2020-06-08 09:36:07.430000,29172.97,29155,20180,29160,5005,29145,8765,29140,10054
2020-06-08 09:36:08.630000,29172.97,29150,6097,29155,14083,29145,5943,29140,2822
2020-06-08 09:36:08.840000,29172.97,29150,6097,29155,14083,29140,8765,29135,15067
2020-06-08 09:36:09.670000,29172.97,29155,20180,29160,5005,29145,8765,29140,10054
2020-06-08 09:36:10.070000,29172.97,29150,5000,29155,20180,29145,8765,29140,10054
2020-06-08 09:36:10.730000,29172.97,29150,11097,29155,14083,29145,8730,29140,10054
2020-06-08 09:36:11.380000,29171.42,29150,5000,29155,20180,29145,8730,29140,10054
2020-06-08 09:36:12.300000,29171.42,29150,5000,29155,20180,29145,8730,29140,10054
2020-06-08 09:36:12.760000,29171.42,29150,20643,29155,4537,29140,8730,29135,10067
2020-06-08 09:36:13.860000,29171.42,29150,20643,29155,4537,29140,8730,29135,10067
2020-06-08 09:36:14.230000,29171.42,29150,20643,29155,4537,29140,8760,29135,10067
2020-06-08 09:36:15.450000,29171.42,29145,15643,29150,5000,29140,30,29135,5971
2020-06-08 09:36:15.840000,29171.42,29140,5000,29145,19540,29135,5971,29130,13061
2020-06-08 09:36:17.000000,29171.42,29145,19540,29150,5000,29135,5971,29130,13061
2020-06-08 09:36:17.270000,29171.42,29145,19540,29150,5000,29135,5971,29130,13061
2020-06-08 09:36:19.620000,29171.42,29150,20049,29155,4537,29140,8730,29135,10117
2020-06-08 09:36:19.870000,29171.42,29150,20049,29155,4537,29140,8730,29135,10117
2020-06-08 09:36:21.070000,29192.77,29150,20049,29155,4537,29140,8730,29135,10117
2020-06-08 09:36:22.250000,29192.77,29150,20059,29155,4537,29140,8730,29135,10117
2020-06-08 09:36:22.750000,29192.77,29145,19540,29150,5010,29135,5971,29130,13061
2020-06-08 09:36:23.820000,29192.77,29140,20049,29145,4491,29135,63,29130,8915
2020-06-08 09:36:24.870000,29192.77,29140,20049,29145,4491,29130,8915,29125,10066
2020-06-08 09:36:25.440000,29192.77,29140,20049,29145,4491,29130,8915,29125,10066
2020-06-08 09:36:26.140000,29192.77,29140,15049,29145,4441,29130,8915,29125,15066
2020-06-08 09:36:26.980000,29192.77,29140,20049,29145,4441,29130,8915,29125,10066
2020-06-08 09:36:27.740000,29192.77,29140,20049,29145,4441,29130,8915,29125,10066
2020-06-08 09:36:29.280000,29192.77,29140,20049,29145,4441,29130,8915,29125,10066
2020-06-08 09:36:30.100000,29192.77,29135,5503,29140,14546,29130,8915,29125,10066
2020-06-08 09:36:31.150000,29168.18,29140,20049,29145,4441,29130,8915,29125,10066
2020-06-08 09:36:32.190000,29168.18,29135,15049,29140,5000,29130,185,29125,5920
2020-06-08 09:36:32.640000,29168.18,29135,5503,29140,14546,29130,8915,29125,10066
2020-06-08 09:36:33.770000,29168.18,29140,20049,29145,4441,29130,8915,29125,10066
2020-06-08 09:36:34.230000,29168.18,29135,19490,29140,5000,29130,185,29125,5920
2020-06-08 09:36:35.360000,29168.18,29140,20049,29145,4441,29130,8915,29125,10066
2020-06-08 09:36:36.910000,29168.18,29135,15049,29140,5000,29130,185,29125,5920
2020-06-08 09:36:37.170000,29168.18,29135,19490,29140,5000,29125,5920,29120,12906
2020-06-08 09:36:37.970000,29168.18,29135,19490,29140,5000,29125,5920,29120,12906
2020-06-08 09:36:39.520000,29168.18,29135,19490,29140,5000,29125,5920,29120,12906
2020-06-08 09:36:39.840000,29168.18,29130,20049,29135,4441,29125,12,29120,8760
2020-06-08 09:36:40.570000,29168.18,29135,19490,29140,5000,29125,5920,29120,12906
2020-06-08 09:36:41.610000,29161.3,29130,5503,29135,13987,29125,12,29120,8760
2020-06-08 09:36:42.650000,29161.3,29135,19490,29140,5000,29125,5920,29120,12906
2020-06-08 09:36:43.680000,29161.3,29135,19490,29140,5000,29125,5940,29120,12906
2020-06-08 09:36:44.130000,29161.3,29135,19490,29140,5000,29125,5940,29120,12906
2020-06-08 09:36:45.420000,29161.3,29135,19490,29140,5000,29125,5940,29120,12906
2020-06-08 09:36:46.300000,29161.3,29135,19480,29140,5000,29125,5940,29120,12906
2020-06-08 09:36:47.370000,29161.3,29135,19480,29140,5000,29130,594,29125,5940
2020-06-08 09:36:47.770000,29161.3,29135,19480,29140,5000,29125,5940,29120,12906
2020-06-08 09:36:48.430000,29161.3,29135,19480,29140,5000,29125,5940,29120,12906
2020-06-08 09:36:49.170000,29161.3,29145,19480,29150,5010,29130,18784,29125,5032
2020-06-08 09:36:50.000000,29161.3,29145,19480,29150,5010,29135,5908,29130,12876
2020-06-08 09:36:50.540000,29178.77,29145,19480,29150,5010,29135,5908,29130,12876
2020-06-08 09:36:51.290000,29178.77,29145,19480,29150,5010,29135,5908,29130,12876
2020-06-08 09:36:52.090000,29178.77,29145,4431,29150,20059,29140,8730,29135,10054
2020-06-08 09:36:53.140000,29178.77,29150,20059,29155,4477,29140,8730,29135,10054
2020-06-08 09:36:53.440000,29178.77,29150,20059,29155,4477,29140,8730,29135,10054
2020-06-08 09:36:54.200000,29178.77,29145,9934,29150,14556,29140,8730,29135,10054
2020-06-08 09:36:55.240000,29178.77,29145,4431,29150,20059,29140,8730,29135,10054
2020-06-08 09:36:55.680000,29178.77,29145,19480,29150,5010,29135,5908,29130,12876
2020-06-08 09:36:57.320000,29178.77,29150,20059,29155,4477,29140,8730,29135,10054
2020-06-08 09:36:57.760000,29178.77,29150,20059,29155,4477,29140,8730,29135,10054
2020-06-08 09:36:58.900000,29178.77,29150,20059,29155,4477,29140,8730,29135,10054
2020-06-08 09:36:59.270000,29178.77,29155,5549,29160,14551,29145,18784,29135,5000
2020-06-08 09:37:00.040000,29178.77,29155,5549,29160,14551,29150,5908,29145,12876
2020-06-08 09:37:01.030000,29160.36,29155,5549,29160,14551,29145,18784,29140,5000
2020-06-08 09:37:01.630000,29160.36,29155,5549,29160,14551,29145,18784,29140,5000
2020-06-08 09:37:02.620000,29160.36,29155,19526,29160,5005,29145,8730,29140,10054
2020-06-08 09:37:03.160000,29160.36,29155,5868,29160,14551,29150,5908,29145,12876
2020-06-08 09:37:04.210000,29160.36,29155,365,29160,20054,29150,5908,29145,12876
2020-06-08 09:37:04.680000,29160.36,29155,365,29160,20054,29150,5908,29145,12876
2020-06-08 09:37:05.270000,29160.36,29155,365,29160,20054,29150,5906,29145,12876
2020-06-08 09:37:06.310000,29160.36,29155,365,29160,20054,29150,5876,29145,12876
2020-06-08 09:37:06.480000,29160.36,29160,5508,29165,14140,29155,2822,29150,15930
2020-06-08 09:37:07.360000,29160.36,29160,5,29165,19643,29155,8698,29150,10054
2020-06-08 09:37:08.400000,29160.36,29165,19643,29170,5001,29155,8698,29150,10054
2020-06-08 09:37:09.440000,29160.36,29170,1,29175,19481,29165,2822,29160,15930
2020-06-08 09:37:10.040000,29160.36,29170,5504,29175,13978,29165,8698,29160,10054
2020-06-08 09:37:11.010000,29179.84,29170,1,29175,19481,29165,8698,29160,10054
2020-06-08 09:37:12.050000,29179.84,29175,15050,29180,5003,29165,8697,29160,15054
2020-06-08 09:37:12.640000,29179.84,29170,5503,29175,13978,29165,8697,29160,10054
2020-06-08 09:37:13.630000,29179.84,29175,19481,29180,5003,29170,11378,29165,2822
2020-06-08 09:37:14.130000,29179.84,29170,5503,29175,13978,29165,8697,29160,10054
2020-06-08 09:37:14.890000,29179.84,29170,10503,29175,13978,29165,8697,29160,10054
2020-06-08 09:37:15.730000,29179.84,29170,20049,29175,4432,29160,5875,29155,12876
2020-06-08 09:37:16.230000,29179.84,29170,5000,29175,19481,29165,8697,29160,10054
2020-06-08 09:37:17.330000,29179.84,29175,19481,29180,5003,29165,8697,29160,10054
2020-06-08 09:37:17.630000,29179.84,29175,19481,29180,5003,29165,8697,29160,10104
2020-06-08 09:37:18.370000,29179.84,29170,14546,29175,9935,29165,5875,29160,50
2020-06-08 09:37:18.940000,29179.84,29175,19481,29180,5003,29170,595,29165,8697
2020-06-08 09:37:19.590000,29179.84,29170,15049,29175,4432,29160,5925,29155,17876
2020-06-08 09:37:20.480000,29179.84,29170,19454,29175,4432,29160,5925,29155,12876
2020-06-08 09:37:21.510000,29199.06,29170,19454,29175,4432,29160,5925,29155,12876
2020-06-08 09:37:21.940000,29199.06,29170,19494,29175,4432,29160,5925,29155,12876
2020-06-08 09:37:23.570000,29199.06,29170,19494,29175,4432,29160,5908,29155,12876
2020-06-08 09:37:24.720000,29199.06,29170,19494,29175,4432,29160,5908,29155,12876
2020-06-08 09:37:25.840000,29199.06,29170,19494,29175,4432,29160,5908,29155,12876
2020-06-08 09:37:27.130000,29199.06,29170,19494,29175,4432,29165,5875,29160,33
2020-06-08 09:37:27.840000,29199.06,29170,19494,29175,4432,29160,5908,29155,12876
2020-06-08 09:37:28.870000,29199.06,29165,19480,29170,4445,29160,33,29155,8697
2020-06-08 09:37:29.370000,29199.06,29160,19454,29165,4431,29155,5875,29145,12876
2020-06-08 09:37:30.440000,29187.52,29160,19454,29165,4431,29155,5875,29145,12876
2020-06-08 09:37:30.970000,29187.52,29160,19454,29165,4431,29150,5875,29145,12876
2020-06-08 09:37:32.020000,29187.52,29155,19375,29160,4405,29145,8697,29140,10054
2020-06-08 09:37:33.060000,29187.52,29150,19349,29155,4431,29145,5875,29140,2822
2020-06-08 09:37:33.430000,29187.52,29145,25250,29150,4405,29135,5875,29130,12876
2020-06-08 09:37:34.640000,29187.52,29145,25250,29150,4405,29140,5875,29130,12876
2020-06-08 09:37:34.850000,29187.52,29145,25250,29150,4405,29135,5875,29130,12876
2020-06-08 09:37:35.690000,29187.52,29145,25250,29150,4405,29135,5875,29130,12876
2020-06-08 09:37:36.230000,29187.52,29145,25250,29150,4405,29140,5875,29130,12876
2020-06-08 09:37:36.840000,29187.52,29145,25250,29150,4405,29135,5875,29130,12876
2020-06-08 09:37:37.780000,29187.52,29145,25250,29150,4405,29140,5875,29130,12876
2020-06-08 09:37:37.940000,29187.52,29145,25250,29150,4405,29135,5875,29130,12876
2020-06-08 09:37:38.820000,29187.52,29145,25250,29150,4405,29135,5875,29130,12876
2020-06-08 09:37:39.010000,29187.52,29150,19349,29155,4431,29140,8697,29135,10054
2020-06-08 09:37:39.860000,29187.52,29155,19375,29160,4405,29145,8697,29140,10054
2020-06-08 09:37:40.330000,29187.52,29150,19349,29155,4431,29140,8697,29135,10054
2020-06-08 09:37:41.450000,29186.57,29160,19349,29165,4431,29150,5875,29145,12876
2020-06-08 09:37:41.930000,29186.57,29160,19349,29165,4431,29150,5875,29145,12736
2020-06-08 09:37:43.030000,29186.57,29160,19349,29165,4431,29150,5875,29145,12736
2020-06-08 09:37:43.430000,29186.57,29165,19375,29170,4445,29155,8557,29150,10054
2020-06-08 09:37:44.070000,29186.57,29160,9803,29165,13977,29155,8557,29150,10054
2020-06-08 09:37:45.170000,29186.57,29160,4405,29165,19375,29155,8557,29150,10054
2020-06-08 09:37:45.420000,29186.57,29165,19375,29170,4445,29155,8557,29150,10054
2020-06-08 09:37:45.740000,29186.57,29165,19375,29170,4445,29155,8557,29150,10054
2020-06-08 09:37:46.370000,29186.57,29165,19375,29170,4445,29155,8557,29150,10054
2020-06-08 09:37:46.770000,29186.57,29160,19349,29165,4431,29150,5875,29145,12736
2020-06-08 09:37:47.820000,29186.57,29160,19349,29165,4431,29150,5875,29145,12736
2020-06-08 09:37:49.140000,29186.57,29160,19349,29165,4431,29150,5875,29145,12736
2020-06-08 09:37:50.260000,29186.57,29160,19349,29165,4431,29155,594,29150,5875
2020-06-08 09:37:50.960000,29191.23,29160,19349,29165,4431,29155,594,29150,5875
2020-06-08 09:37:52.270000,29191.23,29155,19375,29160,4405,29145,8577,29140,10054
2020-06-08 09:37:53.110000,29191.23,29155,19375,29160,4405,29145,8577,29140,10054
2020-06-08 09:37:53.770000,29191.23,29150,19349,29155,4431,29145,20,29140,8557
2020-06-08 09:37:54.630000,29191.23,29155,19375,29160,4405,29145,8577,29135,15054
2020-06-08 09:37:55.370000,29191.23,29150,19349,29155,4431,29145,20,29140,8557
2020-06-08 09:37:56.200000,29191.23,29150,19349,29155,4431,29140,8557,29135,10054
2020-06-08 09:37:57.250000,29191.23,29150,19347,29155,4431,29140,8557,29135,10054
2020-06-08 09:37:58.340000,29191.23,29155,19373,29160,4405,29145,8557,29140,10054
2020-06-08 09:37:59.310000,29191.23,29155,19373,29160,4405,29145,8557,29140,10054
2020-06-08 09:37:59.760000,29191.23,29160,19347,29165,4431,29150,5875,29145,12736
2020-06-08 09:38:00.920000,29199.21,29155,19373,29160,4405,29145,8557,29140,10054
2020-06-08 09:38:01.240000,29199.21,29150,19347,29155,4431,29145,5875,29140,2682
2020-06-08 09:38:02.040000,29199.21,29150,19347,29155,4431,29145,5875,29140,2683
2020-06-08 09:38:03.020000,29199.21,29155,19373,29160,4405,29145,8557,29140,10055
2020-06-08 09:38:04.080000,29199.21,29155,19373,29160,4405,29145,8557,29140,10055
2020-06-08 09:38:04.460000,29199.21,29155,19373,29160,4406,29145,8557,29140,10055
2020-06-08 09:38:05.620000,29199.21,29150,19347,29155,4431,29140,8558,29135,10054
2020-06-08 09:38:05.870000,29199.21,29145,19373,29150,4405,29140,5876,29130,12736
2020-06-08 09:38:06.670000,29199.21,29145,19373,29150,4405,29140,1,29135,5875
2020-06-08 09:38:07.170000,29199.21,29145,19402,29150,4405,29140,1,29135,5875
2020-06-08 09:38:08.210000,29199.21,29145,19402,29150,4405,29140,1,29135,5875
2020-06-08 09:38:08.470000,29199.21,29145,19402,29150,4405,29140,1,29135,5875
2020-06-08 09:38:09.240000,29199.21,29140,19347,29145,4460,29130,8557,29125,10116
2020-06-08 09:38:10.300000,29199.21,29140,19345,29145,4460,29130,8557,29125,10116
2020-06-08 09:38:10.580000,29199.21,29145,19401,29150,4404,29135,5875,29130,12736
2020-06-08 09:38:11.350000,29199.74,29145,19401,29150,4404,29135,5875,29130,12736
2020-06-08 09:38:11.880000,29199.74,29140,19345,29145,4460,29130,8557,29125,10116
2020-06-08 09:38:12.920000,29199.74,29140,19345,29145,4460,29130,8557,29125,10116
2020-06-08 09:38:13.440000,29199.74,29140,19345,29145,4460,29130,8557,29125,10116
2020-06-08 09:38:15.280000,29199.74,29145,19402,29150,4405,29135,5875,29130,12736
2020-06-08 09:38:16.040000,29199.74,29135,9826,29140,13950,29130,8557,29125,10116
2020-06-08 09:38:17.080000,29199.74,29135,19372,29140,4404,29125,5937,29120,12777
2020-06-08 09:38:18.470000,29199.74,29130,4404,29135,19372,29125,5937,29120,2723
2020-06-08 09:38:19.730000,29199.74,29135,19372,29140,4405,29125,5937,29120,12777
2020-06-08 09:38:20.770000,29199.74,29125,19310,29130,4404,29120,41,29115,8586
2020-06-08 09:38:21.800000,29181.25,29125,18716,29130,4404,29115,8586,29110,11075
2020-06-08 09:38:22.850000,29181.25,29125,18716,29130,4404,29115,8586,29110,11075
2020-06-08 09:38:23.270000,29181.25,29120,18751,29125,4369,29115,29,29110,6896
2020-06-08 09:38:24.440000,29181.25,29120,18751,29125,4369,29110,6894,29105,13301
2020-06-08 09:38:25.500000,29181.25,29125,18716,29130,4404,29115,8557,29110,11073
2020-06-08 09:38:26.550000,29181.25,29120,18751,29125,4369,29110,6894,29105,13301
2020-06-08 09:38:26.930000,29181.25,29120,18751,29125,4369,29110,6894,29105,13301
2020-06-08 09:38:28.370000,29181.25,29120,18751,29125,4369,29110,6894,29105,13301
2020-06-08 09:38:29.180000,29181.25,29120,18751,29125,4369,29110,6894,29105,13301
2020-06-08 09:38:30.180000,29181.25,29120,18751,29125,4370,29110,6894,29105,13301
2020-06-08 09:38:30.470000,29181.25,29120,18751,29125,4370,29110,6894,29105,13301
2020-06-08 09:38:31.730000,29181.26,29120,18751,29125,4370,29110,6894,29105,13301
2020-06-08 09:38:32.430000,29181.26,29125,18717,29130,4405,29115,8557,29110,11073
2020-06-08 09:38:33.290000,29181.26,29120,1,29125,18717,29115,8557,29110,11073
2020-06-08 09:38:33.770000,29181.26,29125,1,29130,18752,29120,8556,29115,10054
2020-06-08 09:38:34.920000,29181.26,29125,14348,29130,4405,29120,5873,29115,2682
2020-06-08 09:38:35.910000,29181.26,29125,14348,29130,4405,29115,8555,29110,16073
2020-06-08 09:38:36.260000,29181.26,29130,18752,29135,4370,29120,8555,29115,10054
2020-06-08 09:38:36.870000,29181.26,29125,18716,29130,4405,29115,8555,29110,11073
2020-06-08 09:38:38.040000,29181.26,29125,18716,29130,4405,29115,8555,29110,11073
2020-06-08 09:38:38.660000,29181.26,29120,18751,29125,4469,29110,6892,29105,13301
2020-06-08 09:38:40.040000,29181.26,29120,4404,29125,18816,29115,8555,29110,11073
2020-06-08 09:38:41.160000,29160.61,29125,18816,29130,4405,29115,8555,29110,11073
2020-06-08 09:38:41.340000,29160.61,29125,18816,29130,4405,29115,8555,29110,11073
2020-06-08 09:38:42.200000,29160.61,29125,100,29130,18752,29120,8558,29115,10054
2020-06-08 09:38:43.230000,29160.61,29125,18816,29130,4405,29120,3,29115,8555
2020-06-08 09:38:43.580000,29160.61,29125,18816,29130,4405,29115,8555,29110,11073
2020-06-08 09:38:44.240000,29160.61,29125,18816,29130,4405,29115,8555,29110,11083
2020-06-08 09:38:44.840000,29160.61,29120,18751,29125,4469,29110,6902,29105,13301
2020-06-08 09:38:45.570000,29160.61,29125,18816,29130,4405,29115,8555,29110,11083
2020-06-08 09:38:46.400000,29160.61,29120,18751,29125,4469,29110,6902,29105,13301
2020-06-08 09:38:47.450000,29160.61,29110,9546,29115,10469,29105,6438,29100,331
2020-06-08 09:38:47.830000,29160.61,29115,20015,29120,4404,29105,9130,29100,10385
2020-06-08 09:38:48.530000,29160.61,29120,20050,29125,4469,29110,5873,29105,15911
2020-06-08 09:38:49.540000,29160.61,29120,20050,29125,4469,29110,5873,29105,15911
2020-06-08 09:38:49.930000,29160.61,29120,22650,29125,4469,29110,5873,29105,15911
2020-06-08 09:38:50.580000,29160.61,29115,20015,29120,7004,29105,11730,29100,10385
2020-06-08 09:38:51.660000,29171.0,29115,20015,29120,7004,29105,9130,29100,10385
2020-06-08 09:38:51.960000,29171.0,29115,20015,29120,7004,29105,11730,29100,10385
2020-06-08 09:38:53.210000,29171.0,29115,22615,29120,7004,29105,9130,29100,10385
2020-06-08 09:38:53.470000,29171.0,29115,22715,29120,7004,29110,594,29105,9130
2020-06-08 09:38:54.270000,29171.0,29115,20015,29120,7004,29105,9130,29100,10385
2020-06-08 09:38:55.300000,29171.0,29110,20050,29115,7069,29105,575,29100,6204
2020-06-08 09:38:55.520000,29171.0,29110,20050,29115,7069,29100,6204,29095,12748
2020-06-08 09:38:56.340000,29171.0,29110,21450,29115,7069,29100,6204,29095,12748
2020-06-08 09:38:56.870000,29171.0,29110,22716,29115,4369,29100,6204,29095,12748
2020-06-08 09:38:57.920000,29171.0,29110,20016,29115,4369,29100,6204,29095,12748
2020-06-08 09:38:58.150000,29171.0,29110,20016,29115,4369,29100,6204,29095,12748
2020-06-08 09:38:58.960000,29171.0,29110,20016,29115,4369,29100,6204,29095,12748
2020-06-08 09:38:59.370000,29171.0,29110,20016,29115,4369,29105,5873,29100,349
2020-06-08 09:38:59.980000,29171.0,29110,20016,29115,4369,29105,5873,29100,349
2020-06-08 09:39:01.040000,29171.0,29105,4100,29110,20016,29100,6222,29095,12748
2020-06-08 09:39:01.250000,29170.73,29110,20016,29115,4369,29100,6226,29095,12748
2020-06-08 09:39:02.100000,29170.73,29115,19981,29120,4404,29105,8555,29100,10407
2020-06-08 09:39:02.470000,29170.73,29115,22681,29120,4404,29105,8555,29100,10407
2020-06-08 09:39:03.650000,29170.73,29115,19981,29120,4404,29105,8555,29100,10407
2020-06-08 09:39:04.030000,29170.73,29105,160,29110,20016,29100,6226,29095,12748
2020-06-08 09:39:05.210000,29170.73,29105,22841,29110,4404,29100,353,29095,8567
2020-06-08 09:39:05.630000,29170.73,29105,18472,29110,4404,29100,336,29095,8567
2020-06-08 09:39:06.760000,29170.73,29105,22841,29110,4404,29095,5885,29090,2695
2020-06-08 09:39:07.330000,29170.73,29105,2855,29110,20016,29100,5873,29095,12748
2020-06-08 09:39:08.320000,29170.73,29105,22736,29110,4404,29095,8567,29090,10067
2020-06-08 09:39:08.940000,29170.73,29105,155,29110,20016,29100,5873,29095,12748
2020-06-08 09:39:10.440000,29170.73,29115,22681,29120,4405,29105,8400,29100,10054
2020-06-08 09:39:11.180000,29146.06,29115,19982,29120,4405,29105,8400,29100,10054
2020-06-08 09:39:12.010000,29146.06,29115,19982,29120,4405,29105,8400,29100,10054
2020-06-08 09:39:13.070000,29146.06,29115,1,29120,20017,29110,5718,29105,12740
2020-06-08 09:39:13.540000,29146.06,29115,1,29120,20017,29110,5718,29105,12740
2020-06-08 09:39:14.630000,29146.06,29115,1,29120,20017,29110,5718,29105,12740
2020-06-08 09:39:14.970000,29146.06,29120,1,29125,10536,29115,18453,29105,7504
2020-06-08 09:39:15.670000,29146.06,29120,1,29125,22682,29115,8398,29110,10054
2020-06-08 09:39:16.710000,29146.06,29125,22682,29130,4405,29115,8398,29110,10054
2020-06-08 09:39:17.230000,29146.06,29125,101,29130,20017,29120,8398,29115,10054
2020-06-08 09:39:18.630000,29146.06,29125,101,29130,20017,29120,8398,29115,10054
2020-06-08 09:39:19.830000,29146.06,29125,101,29130,20017,29120,8398,29115,10054
2020-06-08 09:39:20.070000,29146.06,29125,22682,29130,4405,29115,8398,29110,10054
2020-06-08 09:39:20.870000,29159.29,29125,4470,29130,20017,29120,8398,29115,10054
2020-06-08 09:39:21.380000,29159.29,29125,101,29130,20017,29120,8398,29115,10054
2020-06-08 09:39:22.460000,29159.29,29125,101,29130,20017,29120,8398,29115,10054
2020-06-08 09:39:23.880000,29159.29,29125,101,29130,20017,29120,8258,29115,10054
2020-06-08 09:39:24.560000,29159.29,29130,1,29135,19982,29125,5476,29120,12735
2020-06-08 09:39:25.610000,29159.29,29125,6066,29130,16457,29120,5476,29115,2681
2020-06-08 09:39:25.930000,29159.29,29125,22381,29130,6911,29115,8157,29110,10054
2020-06-08 09:39:26.630000,29159.29,29120,20016,29125,6769,29115,5476,29105,12739
2020-06-08 09:39:27.710000,29159.29,29120,4404,29125,22381,29115,8157,29110,10054
2020-06-08 09:39:28.180000,29159.29,29120,22516,29125,6769,29110,5476,29105,12739
2020-06-08 09:39:29.290000,29159.29,29120,22516,29125,6769,29110,5476,29105,12739
2020-06-08 09:39:29.740000,29159.29,29120,20016,29125,6769,29115,5476,29105,12739
2020-06-08 09:39:30.850000,29159.29,29120,20016,29125,6769,29110,5476,29105,12739
2020-06-08 09:39:31.170000,29154.35,29120,20016,29125,6769,29115,458,29110,5476
2020-06-08 09:39:31.910000,29154.35,29115,6469,29120,22516,29110,5476,29105,12739
2020-06-08 09:39:32.950000,29154.35,29115,21923,29120,6904,29105,8161,29100,10054
2020-06-08 09:39:33.430000,29154.35,29110,20016,29115,6311,29105,4,29100,5476
2020-06-08 09:39:34.510000,29154.35,29110,20016,29115,6311,29105,4,29100,5476
2020-06-08 09:39:34.830000,29154.35,29110,20016,29115,6311,29105,4,29100,5476
2020-06-08 09:39:35.570000,29154.35,29105,19523,29110,6904,29095,8169,29090,10067
2020-06-08 09:39:36.620000,29154.35,29105,19523,29110,6904,29095,8169,29090,10067
2020-06-08 09:39:37.070000,29154.35,29105,19523,29110,6904,29095,8169,29090,10067
2020-06-08 09:39:38.470000,29154.35,29105,22023,29110,6904,29095,8169,29090,10067
2020-06-08 09:39:39.180000,29154.35,29105,19523,29110,6904,29095,8169,29090,10067
2020-06-08 09:39:40.470000,29139.82,29105,22023,29110,6904,29095,8169,29090,10067
2020-06-08 09:39:41.320000,29139.82,29105,19523,29110,6904,29095,8179,29090,10067
2020-06-08 09:39:41.840000,29139.82,29105,19523,29110,6904,29095,8179,29090,10067
2020-06-08 09:39:43.410000,29139.82,29105,22013,29110,6904,29095,8179,29090,10067
2020-06-08 09:39:43.670000,29139.82,29105,22113,29110,6904,29095,8179,29090,10067
2020-06-08 09:39:44.430000,29139.82,29100,20006,29105,6511,29090,8170,29085,10076
2020-06-08 09:39:45.240000,29139.82,29100,22606,29105,6511,29090,8170,29085,10076
2020-06-08 09:39:46.000000,29139.82,29100,20006,29105,6511,29090,8170,29085,10076
2020-06-08 09:39:46.530000,29139.82,29100,22606,29105,6511,29090,8170,29085,10076
2020-06-08 09:39:47.160000,29139.82,29095,3911,29100,22606,29090,8170,29085,10076
2020-06-08 09:39:48.110000,29139.82,29095,18202,29100,7004,29090,5489,29085,22
2020-06-08 09:39:48.530000,29139.82,29090,2600,29095,19513,29085,5498,29080,12746
2020-06-08 09:39:49.670000,29139.82,29090,18202,29095,3911,29085,22,29080,8168
2020-06-08 09:39:50.170000,29139.82,29090,22606,29095,3911,29080,8168,29075,10055
2020-06-08 09:39:51.250000,29160.91,29085,6056,29090,16550,29080,8168,29075,10055
2020-06-08 09:39:52.290000,29160.91,29085,18202,29090,7004,29080,11,29075,5477
2020-06-08 09:39:53.340000,29160.91,29085,22113,29090,7004,29075,5477,29070,12746
2020-06-08 09:39:54.400000,29160.91,29085,22113,29090,7004,29075,5477,29070,12746
2020-06-08 09:39:54.840000,29160.91,29080,20006,29085,6511,29075,1,29070,8168
2020-06-08 09:39:55.960000,29160.91,29085,22113,29090,4404,29075,5476,29070,12746
2020-06-08 09:39:57.010000,29160.91,29080,22012,29085,6511,29070,8168,29065,10056
2020-06-08 09:39:57.470000,29160.91,29080,22012,29085,6511,29070,8168,29065,10056
2020-06-08 09:39:58.600000,29160.91,29080,22002,29085,6511,29070,8168,29065,10056
2020-06-08 09:39:59.110000,29160.91,29080,22002,29085,6511,29070,8168,29065,10056
2020-06-08 09:40:00.170000,29160.91,29085,21509,29090,4404,29075,5476,29070,12746
2020-06-08 09:40:00.580000,29160.91,29080,21995,29085,6511,29070,8168,29065,10056
2020-06-08 09:40:01.730000,29110.22,29080,21995,29085,6511,29070,8168,29065,10056
2020-06-08 09:40:02.140000,29110.22,29075,9546,29080,12439,29070,5487,29065,2683
2020-06-08 09:40:03.290000,29110.22,29080,21985,29085,6511,29070,8168,29065,10056
2020-06-08 09:40:03.670000,29110.22,29080,21985,29085,6511,29070,8168,29065,10056
2020-06-08 09:40:04.870000,29110.22,29085,21492,29090,4404,29075,5476,29070,12746
2020-06-08 09:40:05.170000,29110.22,29090,19385,29095,3911,29080,8157,29075,10054
2020-06-08 09:40:06.420000,29110.22,29095,18892,29100,4404,29085,5476,29080,12735
2020-06-08 09:40:06.770000,29110.22,29100,19385,29105,3946,29090,8157,29085,10054
2020-06-08 09:40:07.960000,29110.22,29105,18927,29110,4409,29095,8157,29090,10054
2020-06-08 09:40:08.270000,29110.22,29105,35,29110,19390,29100,5476,29095,12735
2020-06-08 09:40:08.970000,29110.22,29105,35,29110,19390,29100,5476,29095,12735
2020-06-08 09:40:10.080000,29110.22,29105,1,29110,21990,29100,5441,29095,12735
2020-06-08 09:40:10.440000,29115.54,29110,21990,29115,4111,29105,1,29100,5441
2020-06-08 09:40:11.650000,29115.54,29110,19390,29115,4111,29100,5441,29095,12735
2020-06-08 09:40:13.230000,29115.54,29110,5,29115,19092,29105,8122,29100,10054
2020-06-08 09:40:14.270000,29115.54,29110,19390,29115,4111,29100,5441,29095,12735
2020-06-08 09:40:14.640000,29115.54,29105,18892,29110,6909,29095,8122,29090,10054
2020-06-08 09:40:15.810000,29115.54,29105,10,29110,21890,29100,5441,29095,12735
2020-06-08 09:40:16.870000,29115.54,29105,19302,29110,6909,29095,8122,29090,10054
2020-06-08 09:40:17.230000,29115.54,29105,19002,29110,6909,29095,8122,29090,10054
2020-06-08 09:40:18.440000,29115.54,29105,10,29110,21890,29100,5441,29095,12735
2020-06-08 09:40:18.650000,29115.54,29105,10,29110,21890,29100,5441,29095,12735
2020-06-08 09:40:19.480000,29115.54,29110,5,29115,19092,29105,8122,29100,10154
2020-06-08 09:40:20.530000,29115.54,29115,15181,29120,4404,29105,8122,29100,15154
2020-06-08 09:40:20.870000,29116.9,29115,19092,29120,4404,29105,8122,29100,10154
2020-06-08 09:40:22.110000,29116.9,29115,15181,29120,4404,29105,8122,29100,15154
2020-06-08 09:40:22.460000,29116.9,29115,19092,29120,4404,29105,8122,29100,10154
2020-06-08 09:40:23.680000,29116.9,29115,15181,29120,4404,29105,8122,29100,15154
2020-06-08 09:40:24.030000,29116.9,29115,19092,29120,4404,29105,8122,29100,10154
2020-06-08 09:40:24.660000,29116.9,29115,19072,29120,4404,29105,8122,29100,10154
2020-06-08 09:40:25.770000,29116.9,29110,19385,29115,6691,29100,5541,29095,12735
2020-06-08 09:40:26.060000,29116.9,29115,21672,29120,4404,29105,8122,29100,10154
2020-06-08 09:40:26.820000,29116.9,29115,180,29120,19385,29110,5441,29105,12735
2020-06-08 09:40:27.870000,29116.9,29115,21672,29120,4404,29105,8122,29100,10154
2020-06-08 09:40:28.230000,29116.9,29115,21078,29120,4404,29105,8122,29100,10154
2020-06-08 09:40:29.450000,29116.9,29115,180,29120,18791,29110,5441,29105,12735
2020-06-08 09:40:29.930000,29116.9,29115,180,29120,18791,29110,5441,29105,12735
2020-06-08 09:40:31.010000,29133.84,29115,180,29120,18791,29110,5441,29105,12735
2020-06-08 09:40:31.440000,29133.84,29115,20978,29120,4404,29105,7972,29100,10154
2020-06-08 09:40:32.590000,29133.84,29115,18478,29120,4404,29105,7972,29100,10154
2020-06-08 09:40:33.020000,29133.84,29115,18478,29120,4404,29105,7972,29100,10154
2020-06-08 09:40:33.660000,29133.84,29115,18478,29120,4404,29105,7972,29100,10154
2020-06-08 09:40:34.700000,29133.84,29115,18478,29120,4404,29105,7972,29100,10154
2020-06-08 09:40:35.740000,29133.84,29115,21078,29120,4404,29105,7972,29100,10154
2020-06-08 09:40:36.430000,29133.84,29110,18791,29115,6691,29105,5291,29100,100
2020-06-08 09:40:37.300000,29133.84,29110,14387,29115,6691,29105,5291,29100,100
2020-06-08 09:40:37.770000,29133.84,29110,18791,29115,6691,29100,5391,29095,12735
2020-06-08 09:40:38.430000,29133.84,29105,18298,29110,7004,29095,7972,29090,10054
2020-06-08 09:40:39.420000,29133.84,29100,18791,29105,6511,29090,7972,29085,10611
2020-06-08 09:40:39.760000,29133.84,29100,18791,29105,6511,29090,7972,29085,10611
2020-06-08 09:40:40.430000,29133.84,29100,18791,29105,6511,29090,7972,29085,10611
2020-06-08 09:40:41.530000,29148.24,29090,18791,29095,3911,29085,557,29080,7972
2020-06-08 09:40:42.140000,29148.24,29090,18789,29095,3911,29085,557,29080,7972
2020-06-08 09:40:43.110000,29148.24,29085,200,29090,18789,29080,7972,29075,10064
2020-06-08 09:40:44.170000,29148.24,29080,7248,29085,18296,29075,5301,29070,2703
2020-06-08 09:40:45.200000,29148.24,29080,18789,29085,3911,29075,5301,29070,2703
2020-06-08 09:40:45.630000,29148.24,29080,18789,29085,3911,29075,5301,29070,2703
2020-06-08 09:40:46.330000,29148.24,29085,18296,29090,4404,29075,5284,29070,12757
2020-06-08 09:40:47.290000,29148.24,29085,20796,29090,4404,29075,5284,29070,12757
2020-06-08 09:40:47.660000,29148.24,29085,20796,29090,4404,29075,5284,29070,12757
2020-06-08 09:40:48.370000,29148.24,29085,18296,29090,4404,29075,5284,29070,12757
2020-06-08 09:40:48.940000,29148.24,29085,18296,29090,4404,29075,5284,29070,12757
2020-06-08 09:40:49.930000,29148.24,29085,18296,29090,4404,29080,5284,29070,12757
2020-06-08 09:40:50.260000,29148.24,29085,20796,29090,4404,29075,5284,29070,12757
2020-06-08 09:40:50.970000,29126.31,29085,13455,29090,9245,29080,5284,29070,12757
2020-06-08 09:40:52.000000,29126.31,29085,9544,29090,9245,29080,5289,29070,17757
2020-06-08 09:40:52.430000,29126.31,29090,18789,29095,3911,29080,7970,29075,10054
2020-06-08 09:40:53.570000,29126.31,29090,18789,29095,3911,29080,7970,29075,10054
2020-06-08 09:40:53.860000,29126.31,29090,18789,29095,3911,29080,7970,29075,10054
2020-06-08 09:40:54.630000,29126.31,29090,18786,29095,3911,29080,7970,29075,10054
2020-06-08 09:40:55.670000,29126.31,29090,18786,29095,3911,29080,7970,29075,10054
2020-06-08 09:40:55.930000,29126.31,29085,18296,29090,7001,29080,5,29075,5284
2020-06-08 09:40:56.710000,29126.31,29085,18296,29090,7001,29080,5,29075,5284
2020-06-08 09:40:57.760000,29126.31,29080,21276,29085,6411,29070,7987,29065,10056
2020-06-08 09:40:58.270000,29126.31,29080,21276,29085,6411,29075,49,29070,7987
2020-06-08 09:40:59.330000,29126.31,29080,21276,29085,6411,29070,7987,29065,10056
2020-06-08 09:41:00.380000,29126.31,29075,13781,29080,6901,29070,22,29065,7967
2020-06-08 09:41:00.730000,29126.31,29075,22055,29080,6901,29065,7967,29060,10075
2020-06-08 09:41:01.940000,29127.58,29080,22545,29085,3911,29070,7965,29065,15056
2020-06-08 09:41:03.020000,29127.58,29080,22545,29085,3911,29070,7805,29065,15056
2020-06-08 09:41:03.460000,29127.58,29080,22545,29085,3911,29070,7805,29065,15056
2020-06-08 09:41:04.560000,29127.58,29080,22545,29085,3911,29075,10,29070,7805
2020-06-08 09:41:04.760000,29127.58,29080,13001,29085,13455,29070,7675,29065,15056
2020-06-08 09:41:06.130000,29127.58,29080,13001,29085,13455,29070,7675,29065,15056
2020-06-08 09:41:07.710000,29127.58,29080,4401,29085,19555,29075,4994,29070,2681
2020-06-08 09:41:08.070000,29127.58,29090,10501,29095,13455,29080,12076,29075,15054
2020-06-08 09:41:08.880000,29127.58,29100,10501,29105,13774,29090,2681,29085,20048
2020-06-08 09:41:09.800000,29127.58,29105,10330,29110,13945,29095,7675,29090,15054
2020-06-08 09:41:10.840000,29125.21,29105,12930,29110,13945,29095,7675,29090,15054
2020-06-08 09:41:11.340000,29125.21,29105,319,29110,10501,29100,4994,29095,17735
2020-06-08 09:41:12.410000,29125.21,29115,10011,29120,13945,29105,7356,29100,15054
2020-06-08 09:41:13.440000,29125.21,29120,10501,29125,13457,29110,4994,29105,17416
2020-06-08 09:41:14.540000,29125.21,29115,10011,29120,6901,29105,17410,29100,5000
2020-06-08 09:41:15.540000,29125.21,29120,2500,29125,10013,29115,2362,29110,20048
2020-06-08 09:41:16.540000,29125.21,29120,1800,29125,10013,29115,7356,29110,15054
2020-06-08 09:41:17.590000,29125.21,29125,10013,29130,13947,29115,7356,29110,15054
2020-06-08 09:41:18.030000,29125.21,29120,10501,29125,15957,29110,4994,29105,17416
2020-06-08 09:41:19.140000,29125.21,29120,13001,29125,15957,29110,4994,29105,17416
2020-06-08 09:41:19.460000,29125.21,29125,12513,29130,13947,29115,7356,29110,15054
2020-06-08 09:41:20.240000,29125.21,29125,12513,29130,13947,29115,7356,29110,15054
2020-06-08 09:41:21.240000,29163.21,29120,10501,29125,15957,29110,4994,29105,17416
2020-06-08 09:41:21.680000,29163.21,29125,12513,29130,13947,29115,7255,29110,15054
2020-06-08 09:41:22.380000,29163.21,29120,10501,29125,15957,29110,4893,29105,17416
2020-06-08 09:41:23.460000,29163.21,29120,13001,29125,15957,29110,4893,29105,17416
2020-06-08 09:41:23.840000,29163.21,29120,13001,29125,15957,29110,4893,29105,17416
2020-06-08 09:41:24.470000,29163.21,29125,12513,29130,13947,29115,7255,29110,15054
2020-06-08 09:41:25.500000,29163.21,29120,10501,29125,15957,29115,4893,29105,17416
2020-06-08 09:41:25.970000,29163.21,29120,10501,29125,15957,29115,4893,29105,17416
2020-06-08 09:41:27.070000,29163.21,29120,10501,29125,15957,29110,4893,29105,17426
2020-06-08 09:41:27.370000,29163.21,29120,11201,29125,15957,29110,4893,29105,17426
2020-06-08 09:41:28.130000,29163.21,29120,13001,29125,15957,29110,4893,29105,17426
2020-06-08 09:41:28.730000,29163.21,29125,12513,29130,13947,29115,7255,29110,15054
2020-06-08 09:41:29.720000,29163.21,29125,12513,29130,13947,29115,7255,29110,15054
2020-06-08 09:41:30.230000,29163.21,29125,12613,29130,13947,29115,7255,29110,15054
