time,nav,sell1,sell1_cnt,sell2,sell2_cnt,buy1,buy1_cnt,buy2,buy2_cnt
2020-06-04 09:26:13.720000,0.0,28900,5631,28905,16086,28890,26045,28885,5020
2020-06-04 09:26:14.720000,0.0,28900,5631,28905,16086,28890,26045,28885,5020
2020-06-04 09:26:16.160000,0.0,28905,5580,28910,18754,28895,26045,28890,4295
2020-06-04 09:26:17.040000,0.0,28895,5580,28900,18754,28885,26065,28880,24313
2020-06-04 09:26:17.940000,0.0,28895,6680,28900,18813,28885,26065,28880,24313
2020-06-04 09:26:18.740000,0.0,28895,5580,28900,18913,28885,26065,28880,24382
2020-06-04 09:26:19.540000,28921.16,28895,5580,28900,18913,28885,26065,28880,4384
2020-06-04 09:26:20.440000,28921.16,28895,5580,28900,19012,28885,26065,28880,4384
2020-06-04 09:26:21.330000,28921.16,28890,5580,28895,17186,28885,6111,28880,20043
2020-06-04 09:26:22.140000,28921.16,28895,5580,28900,19012,28885,26065,28880,4384
2020-06-04 09:26:22.940000,28921.16,28900,5838,28905,16086,28890,26045,28885,5020
2020-06-04 09:26:23.830000,28921.16,28895,5580,28900,20112,28890,6091,28885,19974
2020-06-04 09:26:24.640000,28921.16,28895,6580,28900,19012,28885,26065,28880,4384
2020-06-04 09:26:25.440000,28921.16,28900,5838,28905,16086,28890,26045,28885,5020
2020-06-04 09:26:26.440000,28921.16,28900,5838,28905,16086,28890,26055,28885,5010
2020-06-04 09:26:27.240000,28921.16,28905,5580,28910,18754,28895,26045,28890,4305
2020-06-04 09:26:28.140000,28921.16,28905,6200,28910,18754,28895,26045,28890,4305
2020-06-04 09:26:29.150000,28921.16,28910,6200,28915,16087,28900,26045,28895,5000
2020-06-04 09:26:30.140000,28937.84,28910,6200,28915,16087,28900,26045,28895,5000
2020-06-04 09:26:31.240000,28937.84,28915,1,28920,6312,28910,26045,28905,5000
2020-06-04 09:26:32.330000,28937.84,28920,112,28925,22286,28915,6091,28910,19954
2020-06-04 09:26:33.270000,28937.84,28920,8012,28925,16086,28910,26009,28905,5000
2020-06-04 09:26:34.240000,28937.84,28925,6200,28930,16095,28915,26009,28910,4295
2020-06-04 09:26:35.150000,28937.84,28925,7800,28930,16095,28915,25966,28910,4295
2020-06-04 09:26:36.150000,28937.84,28920,6200,28925,20454,28910,25966,28905,24998
2020-06-04 09:26:36.940000,28937.84,28925,1700,28930,22295,28920,6048,28915,19918
2020-06-04 09:26:37.940000,28937.84,28920,6048,28925,7000,28915,25966,28910,4295
2020-06-04 09:26:39.020000,28937.84,28920,900,28925,25754,28915,6048,28910,19918
2020-06-04 09:26:39.740000,28937.84,28925,7000,28930,16095,28915,25966,28910,4295
2020-06-04 09:26:40.640000,28936.9,28915,6190,28920,17786,28905,25966,28900,13035
2020-06-04 09:26:41.540000,28936.9,28920,7890,28925,20454,28910,25966,28905,5000
2020-06-04 09:26:42.440000,28936.9,28920,6190,28925,20454,28910,25966,28905,5000
2020-06-04 09:26:43.330000,28936.9,28920,6190,28925,20454,28915,6048,28910,19918
2020-06-04 09:26:44.150000,28936.9,28915,30992,28920,2932,28905,6048,28900,20418
2020-06-04 09:26:45.040000,28936.9,28930,24953,28935,2232,28920,6048,28915,19218
2020-06-04 09:26:46.140000,28936.9,28940,6191,28945,16086,28930,25266,28925,5000
2020-06-04 09:26:47.330000,28936.9,28930,24944,28935,2232,28920,6048,28910,4295
2020-06-04 09:26:48.440000,28936.9,28925,22276,28930,6600,28915,6048,28905,13240
2020-06-04 09:26:49.540000,28945.8,28930,7890,28935,16086,28920,6048,28915,5000
2020-06-04 09:26:50.540000,28945.8,28925,22276,28930,6600,28915,6048,28905,13240
2020-06-04 09:26:51.540000,28945.8,28930,12790,28935,16086,28920,6048,28910,4295
2020-06-04 09:26:52.540000,28945.8,28935,2232,28940,24945,28930,6048,28915,5000
2020-06-04 09:26:53.440000,28945.8,28935,2232,28940,24945,28930,6048,28915,5000
2020-06-04 09:26:54.330000,28945.8,28940,11091,28945,15944,28935,2090,28930,6048
2020-06-04 09:26:55.330000,28945.8,28945,8280,28950,18759,28940,17138,28935,2090
2020-06-04 09:26:56.240000,28945.8,28945,2090,28950,24949,28940,17050,28935,2090
2020-06-04 09:26:57.140000,28945.8,28950,11095,28955,18854,28940,17050,28935,22144
2020-06-04 09:26:58.040000,28945.8,28945,5000,28950,24949,28940,17050,28935,2090
2020-06-04 09:26:58.940000,28945.8,28945,12990,28950,18759,28940,11004,28935,8138
2020-06-04 09:27:00.830000,28969.71,28950,11195,28955,18852,28940,6049,28935,22144
2020-06-04 09:27:01.410000,28969.71,28945,11188,28950,18959,28940,7749,28935,2090
2020-06-04 09:27:02.040000,28969.71,28940,5000,28945,25042,28935,8138,28925,20054
2020-06-04 09:27:03.040000,28969.71,28940,4235,28945,25042,28935,7892,28925,20054
2020-06-04 09:27:03.940000,28969.71,28940,4235,28945,25042,28935,6392,28925,20054
2020-06-04 09:27:04.740000,28969.71,28945,11188,28950,13959,28940,6050,28935,1844
2020-06-04 09:27:05.630000,28969.71,28940,4991,28945,20044,28935,6393,28925,28294
2020-06-04 09:27:06.540000,28969.71,28945,25035,28950,105,28935,6049,28925,33294
2020-06-04 09:27:07.330000,28969.71,28935,25035,28945,1800,28925,14288,28920,19998
2020-06-04 09:27:08.440000,28969.71,28940,25227,28945,1800,28930,6048,28920,24349
2020-06-04 09:27:09.540000,28969.71,28935,6190,28940,19037,28930,6048,28920,24349
2020-06-04 09:27:10.630000,28977.57,28935,4991,28940,20236,28930,6048,28920,24349
2020-06-04 09:27:11.640000,28977.57,28935,4991,28940,20236,28930,6048,28920,44347
2020-06-04 09:27:12.540000,28977.57,28935,4991,28940,25236,28930,6048,28920,44347
2020-06-04 09:27:13.540000,28977.57,28940,11382,28945,20653,28930,6057,28925,5000
2020-06-04 09:27:14.330000,28977.57,28940,5182,28945,26843,28935,6048,28930,1909
2020-06-04 09:27:15.140000,28977.57,28935,4991,28940,27126,28930,7957,28920,24349
2020-06-04 09:27:16.140000,28977.57,28935,4991,28940,27126,28930,6057,28920,24349
2020-06-04 09:27:17.040000,28977.57,28940,13272,28945,20653,28930,7957,28925,25054
2020-06-04 09:27:17.940000,28977.57,28940,182,28945,12989,28935,6048,28930,26258
2020-06-04 09:27:18.850000,28977.57,28945,12989,28950,18959,28940,6049,28935,1100
2020-06-04 09:27:19.740000,28973.63,28945,11189,28950,18959,28935,7148,28930,26258
2020-06-04 09:27:20.640000,28973.63,28945,4999,28950,25149,28940,6048,28935,1100
2020-06-04 09:27:21.540000,28973.63,28945,5387,28950,25149,28940,6043,28935,1100
2020-06-04 09:27:22.250000,28973.63,28945,11577,28950,18959,28940,5853,28935,1100
2020-06-04 09:27:23.040000,28973.63,28940,17043,28945,21141,28935,1100,28930,7762
2020-06-04 09:27:23.940000,28973.63,28935,6094,28940,30897,28930,7762,28920,44347
2020-06-04 09:27:24.830000,28973.63,28935,3,28940,17043,28930,5862,28925,25054
2020-06-04 09:27:25.660000,28973.63,28940,5000,28945,27331,28935,5853,28930,9
2020-06-04 09:27:27.330000,28973.63,28945,11586,28950,18951,28935,7753,28930,4304
2020-06-04 09:27:28.240000,28973.63,28940,4991,28945,25440,28935,5853,28930,79
2020-06-04 09:27:28.940000,28973.63,28940,4991,28945,25440,28935,5897,28930,79
2020-06-04 09:27:29.830000,28974.77,28940,6190,28945,14247,28935,8106,28930,1879
2020-06-04 09:27:30.740000,28974.77,28935,14296,28940,15754,28930,1879,28925,14440
2020-06-04 09:27:31.790000,28974.77,28935,8090,28940,15754,28930,6201,28925,1900
2020-06-04 09:27:32.740000,28974.77,28940,8090,28945,14247,28935,9100,28930,1
2020-06-04 09:27:33.640000,28974.77,28945,20442,28950,101,28935,6200,28930,4296
2020-06-04 09:27:34.440000,28974.77,28945,398,28950,6291,28940,6200,28935,25054
2020-06-04 09:27:35.330000,28974.77,28950,7991,28955,13854,28940,5802,28935,25054
2020-06-04 09:27:36.440000,28974.77,28950,6191,28955,13854,28940,5802,28935,25054
2020-06-04 09:27:37.440000,28974.77,28950,6191,28955,13854,28940,5802,28935,25054
2020-06-04 09:27:38.350000,28974.77,28950,1,28955,6190,28945,5802,28940,25054
2020-06-04 09:27:39.240000,28996.23,28960,20045,28965,2,28950,5802,28940,25054
2020-06-04 09:27:40.140000,28996.23,28955,6190,28960,13855,28950,5802,28940,25054
2020-06-04 09:27:41.140000,28996.23,28955,1533,28960,13855,28950,5802,28940,45052
2020-06-04 09:27:42.030000,28996.23,28960,6201,28965,13856,28950,5802,28945,25054
2020-06-04 09:27:42.940000,28996.23,28960,1,28965,20056,28955,5802,28945,25054
2020-06-04 09:27:44.640000,28996.23,28960,6200,28965,13856,28955,5802,28945,33294
2020-06-04 09:27:45.640000,28996.23,28960,6199,28965,13856,28950,5802,28945,33294
2020-06-04 09:27:46.530000,28996.23,28960,20053,28965,2,28950,5802,28945,8240
2020-06-04 09:27:47.340000,28996.23,28960,6199,28965,13856,28950,5802,28945,33294
2020-06-04 09:27:48.140000,28996.23,28960,6199,28965,13856,28950,5802,28945,25054
2020-06-04 09:27:48.940000,28996.23,28955,20053,28960,1900,28945,5802,28940,19998
2020-06-04 09:27:49.840000,28981.0,28950,6198,28955,13854,28945,5802,28940,19998
2020-06-04 09:27:50.730000,28981.0,28955,6198,28960,15754,28945,5802,28940,25054
2020-06-04 09:27:51.640000,28981.0,28960,1900,28965,20054,28955,5802,28950,5000
2020-06-04 09:27:52.640000,28981.0,28960,6198,28965,13856,28955,5802,28945,25054
2020-06-04 09:27:53.540000,28981.0,28960,6198,28965,13856,28950,5802,28945,25054
2020-06-04 09:27:54.340000,28981.0,28960,8098,28965,13856,28950,5799,28945,25054
2020-06-04 09:27:55.230000,28981.0,28965,6199,28970,14128,28955,5804,28950,25054
2020-06-04 09:27:56.140000,28981.0,28965,6199,28970,14128,28955,5804,28950,25054
2020-06-04 09:27:57.040000,28981.0,28965,6199,28970,14128,28955,5804,28950,25054
2020-06-04 09:27:57.840000,28981.0,28965,6199,28970,14128,28960,5799,28955,5
2020-06-04 09:27:58.750000,28981.0,28960,1,28965,6199,28955,5804,28950,25054
2020-06-04 09:27:59.540000,29005.04,28965,21953,28970,274,28955,5604,28945,25054
2020-06-04 09:28:00.430000,29005.04,28965,6899,28970,14128,28955,5604,28950,25054
2020-06-04 09:28:01.340000,29005.04,28960,6197,28965,15756,28955,5603,28945,25054
2020-06-04 09:28:02.250000,29005.04,28960,8097,28965,15756,28950,5603,28945,25054
2020-06-04 09:28:03.040000,29005.04,28960,8097,28965,15756,28950,5603,28945,5000
2020-06-04 09:28:03.840000,29005.04,28960,21951,28965,1902,28950,5603,28940,25054
2020-06-04 09:28:04.740000,29005.04,28955,6697,28960,15754,28945,5603,28940,25054
2020-06-04 09:28:05.650000,29005.04,28955,6697,28960,15754,28945,5603,28940,25054
2020-06-04 09:28:06.440000,29005.04,28955,400,28960,8097,28950,5603,28945,25054
2020-06-04 09:28:07.440000,29005.04,28955,400,28960,21951,28950,5603,28940,45052
2020-06-04 09:28:08.540000,29005.04,28955,8497,28960,15754,28945,5603,28940,45052
2020-06-04 09:28:09.650000,29005.04,28955,8492,28960,15754,28945,5603,28940,25054
2020-06-04 09:28:10.660000,29016.72,28955,22346,28960,1900,28945,5603,28935,25054
2020-06-04 09:28:11.650000,29016.72,28955,7092,28960,15754,28950,5603,28940,25054
2020-06-04 09:28:12.540000,29016.72,28950,9899,28955,16149,28945,6200,28935,25054
2020-06-04 09:28:13.440000,29016.72,28950,9899,28955,16149,28940,6200,28935,25054
2020-06-04 09:28:14.240000,29016.72,28950,9899,28955,16149,28940,8100,28935,25054
2020-06-04 09:28:15.130000,29016.72,28950,9897,28955,16149,28940,8100,28935,25054
2020-06-04 09:28:15.940000,29016.72,28955,8492,28960,15754,28945,6200,28940,26954
2020-06-04 09:28:16.830000,29016.72,28955,22446,28960,1900,28945,6200,28940,1900
2020-06-04 09:28:17.650000,29016.72,28955,8592,28960,15754,28945,6200,28940,6900
2020-06-04 09:28:18.440000,29016.72,28960,6197,28965,15756,28955,5905,28950,1900
2020-06-04 09:28:19.330000,29016.72,28955,12102,28960,15854,28950,7805,28945,1900
2020-06-04 09:28:20.240000,29007.71,28960,8197,28965,15756,28955,7807,28950,1900
2020-06-04 09:28:21.040000,29007.71,28960,6197,28965,15756,28955,7786,28950,1900
2020-06-04 09:28:21.940000,29007.71,28960,6197,28965,15756,28955,7786,28950,1900
2020-06-04 09:28:22.740000,29007.71,28960,6197,28965,15756,28955,7786,28950,1900
2020-06-04 09:28:23.540000,29007.71,28965,8099,28970,14128,28960,1900,28955,7786
2020-06-04 09:28:24.330000,29007.71,28965,6199,28970,14128,28960,7805,28955,1881
2020-06-04 09:28:25.150000,29007.71,28965,6199,28970,14128,28960,1900,28955,7786
2020-06-04 09:28:25.940000,29007.71,28965,2,28970,6471,28960,7802,28955,26935
2020-06-04 09:28:26.940000,29007.71,28970,22325,28980,865,28960,7802,28955,1881
2020-06-04 09:28:27.830000,29007.71,28965,8197,28970,16128,28960,1797,28955,7786
2020-06-04 09:28:28.640000,29007.71,28965,8197,28970,16128,28955,7786,28950,26954
2020-06-04 09:28:29.440000,29007.71,28965,6197,28970,16128,28955,7786,28950,26954
2020-06-04 09:28:30.740000,29015.93,28980,7062,28985,13854,28965,30959,28960,5000
2020-06-04 09:28:32.240000,29015.93,28970,6197,28975,13854,28960,25903,28955,35175
2020-06-04 09:28:33.240000,29015.93,28970,22051,28980,2865,28960,25903,28955,10121
2020-06-04 09:28:34.130000,29015.93,28965,8197,28970,15854,28960,19898,28955,16026
2020-06-04 09:28:34.830000,29015.93,28960,6197,28965,15854,28955,16026,28950,1900
2020-06-04 09:28:35.740000,29015.93,28960,6197,28965,15854,28955,1881,28950,7805
2020-06-04 09:28:36.440000,29015.93,28960,6197,28965,15854,28955,1881,28950,7805
2020-06-04 09:28:38.940000,29015.93,28965,6197,28970,15854,28960,6197,28955,7786
2020-06-04 09:28:39.850000,29012.68,28965,20051,28970,2000,28960,6197,28955,7786
2020-06-04 09:28:40.740000,29012.68,28965,20051,28970,2000,28960,6191,28955,7786
2020-06-04 09:28:41.540000,29012.68,28960,6597,28965,15954,28950,7805,28945,26954
2020-06-04 09:28:42.330000,29012.68,28960,6597,28965,15954,28950,7805,28945,26954
2020-06-04 09:28:43.830000,29012.68,28960,8297,28965,15954,28950,7805,28945,26954
2020-06-04 09:28:44.540000,29012.68,28955,6197,28960,15954,28945,7805,28940,26954
2020-06-04 09:28:45.240000,29012.68,28955,6197,28960,15960,28945,8005,28940,26954
2020-06-04 09:28:46.040000,29012.68,28955,6197,28960,15960,28950,5905,28945,2100
2020-06-04 09:28:46.830000,29012.68,28955,6055,28960,15960,28950,5905,28945,2100
2020-06-04 09:28:47.740000,29012.68,28960,22015,28965,2100,28950,5905,28945,2100
2020-06-04 09:28:48.540000,29012.68,28960,19915,28965,2100,28950,5905,28945,2100
2020-06-04 09:28:49.440000,29009.75,28960,6,28965,22009,28955,5905,28950,2100
2020-06-04 09:28:50.330000,29009.75,28960,6061,28965,15954,28955,8012,28950,2100
2020-06-04 09:28:51.330000,29009.75,28970,21909,28980,865,28960,11960,28955,2107
2020-06-04 09:28:52.330000,29009.75,28970,6055,28975,13854,28960,11960,28955,2107
2020-06-04 09:28:53.240000,29009.75,28970,19909,28980,865,28960,11960,28955,2107
2020-06-04 09:28:54.040000,29009.75,28965,6055,28970,13854,28960,6042,28955,8012
2020-06-04 09:28:54.850000,29009.75,28960,9122,28965,15954,28955,2107,28950,8005
2020-06-04 09:28:55.740000,29009.75,28965,22009,28970,5,28955,7912,28950,2100
2020-06-04 09:28:56.540000,29009.75,28965,6055,28970,13859,28960,700,28955,7908
2020-06-04 09:28:57.250000,29009.75,28965,20609,28970,5,28955,7908,28950,2100
2020-06-04 09:28:58.040000,29009.75,28960,1800,28965,19909,28955,7908,28950,2100
2020-06-04 09:28:58.830000,29009.75,28965,19909,28970,5,28955,5908,28950,2100
2020-06-04 09:28:59.740000,29013.44,28960,2100,28965,19859,28955,5908,28950,2100
2020-06-04 09:29:00.540000,29013.44,28970,19864,28980,865,28960,8001,28955,2107
2020-06-04 09:29:01.550000,29013.44,28965,6005,28970,13859,28960,1900,28955,8008
2020-06-04 09:29:03.030000,29013.44,28965,6005,28970,13859,28960,7801,28955,2107
2020-06-04 09:29:03.940000,29013.44,28970,19864,28980,865,28965,6005,28960,8089
2020-06-04 09:29:04.730000,29013.44,28970,6010,28975,13854,28965,1000,28960,8089
2020-06-04 09:29:05.640000,29013.44,28975,6005,28980,14719,28970,5408,28965,6901
2020-06-04 09:29:06.440000,29013.44,28975,6005,28980,14719,28970,11309,28965,1000
2020-06-04 09:29:07.250000,29013.44,28980,20724,28990,61,28975,6005,28970,11309
2020-06-04 09:29:08.140000,29013.44,28975,19859,28980,3065,28965,6901,28960,2188
2020-06-04 09:29:08.940000,29013.44,28965,6005,28970,13854,28960,2188,28955,8008
2020-06-04 09:29:09.730000,28998.2,28970,6005,28975,16054,28960,8101,28955,27161
2020-06-04 09:29:10.730000,28998.2,28970,21959,28975,2200,28960,8071,28955,2107
2020-06-04 09:29:11.730000,28998.2,28970,6005,28975,16109,28960,8071,28955,27161
2020-06-04 09:29:12.540000,28998.2,28975,22114,28980,3065,28965,5871,28960,2200
2020-06-04 09:29:13.370000,28998.2,28975,19914,28980,3065,28965,7171,28960,2200
2020-06-04 09:29:14.140000,28998.2,28975,19914,28980,3065,28970,678,28965,7171
2020-06-04 09:29:14.840000,28998.2,28975,6060,28980,16919,28970,678,28965,7171
2020-06-04 09:29:15.750000,28998.2,28975,19914,28980,3065,28970,678,28965,7171
2020-06-04 09:29:16.540000,28998.2,28975,6060,28980,16919,28970,678,28965,7171
2020-06-04 09:29:18.040000,28998.2,28975,22014,28980,3065,28970,478,28965,7171
2020-06-04 09:29:18.730000,28998.2,28970,6005,28975,16009,28960,8071,28955,27161
2020-06-04 09:29:19.540000,29009.53,28970,21959,28975,2155,28960,5871,28955,2107
2020-06-04 09:29:21.140000,29009.53,28965,6005,28970,15954,28960,5871,28955,2107
2020-06-04 09:29:21.930000,29009.53,28970,21959,28975,2155,28960,5971,28955,2107
2020-06-04 09:29:22.740000,29009.53,28975,22014,28980,3065,28965,5869,28960,100
2020-06-04 09:29:23.540000,29009.53,28975,19914,28980,3065,28965,5869,28960,100
2020-06-04 09:29:24.840000,29009.53,28975,19914,28980,3065,28965,5869,28960,100
2020-06-04 09:29:26.340000,29009.53,28970,19859,28975,2055,28960,5969,28955,2107
2020-06-04 09:29:27.930000,29009.53,28975,21914,28980,3106,28965,5869,28960,97
2020-06-04 09:29:28.740000,29009.53,28975,19914,28980,3106,28965,5869,28960,97
2020-06-04 09:29:30.340000,29009.67,28970,6005,28975,13909,28965,5869,28960,97
2020-06-04 09:29:31.130000,29009.67,28970,6005,28975,13909,28960,5966,28955,27161
2020-06-04 09:29:32.040000,29009.67,28970,6005,28975,13909,28965,5869,28960,97
2020-06-04 09:29:32.830000,29009.67,28975,19914,28980,3106,28965,5869,28960,97
2020-06-04 09:29:34.330000,29009.67,28975,19914,28980,3106,28970,5,28965,5869
2020-06-04 09:29:35.040000,29009.67,28970,19859,28975,2255,28960,5966,28955,7107
2020-06-04 09:29:35.830000,29009.67,28970,19859,28975,2255,28960,5966,28955,2107
2020-06-04 09:29:36.740000,29009.67,28970,6005,28975,16109,28965,5869,28960,97
2020-06-04 09:29:37.630000,29009.67,28975,2255,28980,9111,28970,11874,28960,25151
2020-06-04 09:29:38.540000,29009.67,28980,6911,28985,13854,28975,8069,28970,6005
2020-06-04 09:29:39.240000,29009.67,28980,906,28985,19859,28975,8069,28970,6005
2020-06-04 09:29:41.040000,28985.32,28980,6911,28985,13854,28975,8069,28970,6005
2020-06-04 09:29:42.640000,28985.32,28985,19859,28990,61,28980,6811,28975,7263
2020-06-04 09:29:43.440000,28985.32,28985,19859,28990,61,28980,6711,28975,7263
2020-06-04 09:29:44.330000,28985.32,28980,7205,28985,16054,28970,11068,28965,25054
2020-06-04 09:29:45.140000,28985.32,28980,7205,28985,16054,28970,5363,28960,25151
2020-06-04 09:29:46.030000,28985.32,28985,22059,28990,61,28975,5063,28970,300
2020-06-04 09:29:46.940000,28985.32,28985,19859,28990,61,28975,5363,28970,300
2020-06-04 09:29:48.440000,28985.32,28985,19859,28990,61,28980,345,28975,5363
2020-06-04 09:29:49.140000,28985.32,28985,19859,28990,61,28975,5363,28970,300
2020-06-04 09:29:50.640000,29004.97,28985,6005,28990,13915,28980,5063,28975,300
2020-06-04 09:29:51.640000,29004.97,28985,6005,28990,13915,28980,5063,28975,300
2020-06-04 09:29:52.530000,29004.97,28985,21359,28990,61,28975,5363,28970,5300
2020-06-04 09:29:53.340000,29004.97,28985,6005,28990,13915,28980,5063,28975,300
2020-06-04 09:29:54.230000,29004.97,28980,24922,28985,2200,28975,300,28970,5363
2020-06-04 09:29:55.030000,29004.97,28980,6005,28985,16054,28975,4763,28970,300
2020-06-04 09:29:55.730000,29004.97,28975,3679,28980,22059,28970,6500,28960,25160
2020-06-04 09:29:56.440000,29004.97,28980,22059,28985,2201,28970,6500,28960,25160
2020-06-04 09:29:57.230000,29004.97,28980,22059,28985,2201,28970,6200,28960,25160
2020-06-04 09:29:58.140000,29004.97,28980,19859,28985,2201,28970,6200,28960,25160
2020-06-04 09:29:58.940000,28996.42,28985,22060,28990,61,28975,6197,28970,300
2020-06-04 09:29:59.840000,28996.42,28985,22060,28990,61,28975,6497,28970,300
2020-06-04 09:30:00.840000,28996.42,28985,1,28990,19920,28980,6197,28975,300
2020-06-04 09:30:01.730000,28996.42,28985,1,28990,19920,28980,6497,28975,300
2020-06-04 09:30:02.730000,28996.42,28990,19920,28995,10,28980,6497,28975,300
2020-06-04 09:30:03.730000,28996.42,28990,19920,28995,10,28980,6197,28975,300
2020-06-04 09:30:04.640000,28996.42,28990,19920,28995,10,28980,6497,28975,300
2020-06-04 09:30:05.640000,28996.42,28990,19920,28995,10,28980,6497,28975,300
2020-06-04 09:30:06.640000,28996.42,28990,19920,28995,10,28980,6497,28975,300
2020-06-04 09:30:08.340000,28996.42,28990,61,28995,19869,28985,6195,28980,300
2020-06-04 09:30:09.250000,28996.42,28990,61,28995,19869,28985,6495,28980,300
2020-06-04 09:30:10.040000,29009.47,28995,19869,29000,710,28985,6395,28980,300
2020-06-04 09:30:10.840000,29009.47,28990,6005,28995,13864,28985,200,28980,6495
2020-06-04 09:30:11.740000,29009.47,28990,21859,28995,2210,28980,6495,28975,300
2020-06-04 09:30:12.540000,29009.47,28990,19859,28995,2210,28980,6195,28975,300
2020-06-04 09:30:13.350000,29009.47,28990,6005,28995,16064,28985,6195,28980,200
2020-06-04 09:30:14.240000,29009.47,28995,22069,29000,703,28985,6395,28980,200
2020-06-04 09:30:15.130000,29009.47,28995,6015,29000,14557,28985,6395,28980,200
2020-06-04 09:30:16.130000,29009.47,28995,6005,29000,14557,28990,6195,28985,200
2020-06-04 09:30:17.040000,29009.47,29000,703,29005,20168,28995,6195,28990,200
2020-06-04 09:30:17.930000,29009.47,29000,6708,29005,14163,28990,6395,28985,25254
2020-06-04 09:30:18.840000,29008.59,29000,22762,29005,309,28990,6195,28985,200
2020-06-04 09:30:19.840000,29008.59,29000,22762,29005,309,28990,6195,28985,200
2020-06-04 09:30:21.630000,29008.59,29000,6708,29005,14163,28990,6395,28985,25254
2020-06-04 09:30:22.440000,29008.59,29000,6708,29005,14163,28990,6395,28985,5200
2020-06-04 09:30:23.440000,29008.59,29000,6708,29005,14163,28995,6195,28990,200
2020-06-04 09:30:24.440000,29008.59,29000,703,29005,20168,28995,6195,28990,200
2020-06-04 09:30:25.330000,29008.59,29000,6708,29005,14163,28995,6195,28990,200
2020-06-04 09:30:26.130000,29008.59,28995,26054,29000,2901,28990,209,28985,6397
2020-06-04 09:30:26.940000,29008.59,28990,2200,28995,26054,28985,6197,28980,230
2020-06-04 09:30:27.830000,29008.59,28995,6195,29000,22760,28990,6395,28985,2
2020-06-04 09:30:28.740000,29008.59,29000,22760,29005,309,28990,6395,28985,2
2020-06-04 09:30:29.630000,29036.6,29000,701,29005,20168,28995,6392,28990,200
2020-06-04 09:30:30.540000,29036.6,29000,699,29005,20168,28995,6392,28990,200
2020-06-04 09:30:31.440000,29036.6,29000,6704,29005,14163,28990,6392,28985,5002
2020-06-04 09:30:32.440000,29036.6,29000,22758,29005,309,28990,6392,28985,2
2020-06-04 09:30:33.640000,29036.6,29000,22758,29005,309,28990,6192,28985,2
2020-06-04 09:30:35.330000,29036.6,29000,20559,29005,309,28990,6192,28985,2
2020-06-04 09:30:36.140000,29036.6,28995,19859,29000,2900,28985,6204,28980,220
2020-06-04 09:30:36.940000,29036.6,28990,19859,28995,2200,28985,12,28980,6412
2020-06-04 09:30:37.740000,29036.6,28995,22059,29000,2900,28985,6404,28980,220
2020-06-04 09:30:38.640000,29036.6,28995,19859,29000,2900,28985,6404,28980,220
2020-06-04 09:30:39.440000,29036.6,29000,22759,29005,309,28990,6192,28985,212
2020-06-04 09:30:40.240000,29036.6,29000,20559,29005,309,28990,6392,28985,212
2020-06-04 09:30:41.030000,29017.33,29000,20559,29005,309,28995,140,28990,6392
2020-06-04 09:30:41.730000,29017.33,29000,20559,29005,309,28990,6192,28985,212
2020-06-04 09:30:42.640000,29017.33,29000,20559,29005,309,28990,6492,28985,212
2020-06-04 09:30:44.140000,29017.33,29000,6705,29005,14163,28995,6192,28990,301
2020-06-04 09:30:44.940000,29017.33,29000,700,29005,20168,28995,6492,28990,301
2020-06-04 09:30:45.730000,29017.33,29000,696,29005,20168,28995,6492,28990,301
2020-06-04 09:30:46.440000,29017.33,29005,20168,29010,14,28995,5796,28990,301
2020-06-04 09:30:47.340000,29017.33,29000,6005,29005,14163,28990,6097,28985,25266
2020-06-04 09:30:48.140000,29017.33,29005,20168,29010,15,28995,5796,28990,1
2020-06-04 09:30:48.840000,29017.33,29005,20168,29010,15,28995,5796,28990,1
2020-06-04 09:30:50.540000,29033.29,29000,6005,29005,14163,28995,5796,28990,1
2020-06-04 09:30:51.340000,29033.29,29000,22059,29005,309,28990,5797,28985,212
2020-06-04 09:30:52.230000,29033.29,29000,19859,29005,309,28990,5797,28985,212
2020-06-04 09:30:53.040000,29033.29,28995,6005,29000,13854,28990,5797,28985,212
2020-06-04 09:30:53.840000,29033.29,29000,19859,29005,309,28990,5797,28985,212
2020-06-04 09:30:54.640000,29033.29,29005,20168,29010,15,28995,5796,28990,1
2020-06-04 09:30:55.540000,29033.29,29005,20168,29010,15,29000,10,28995,5796
2020-06-04 09:30:57.340000,29033.29,29005,20168,29010,15,29000,10,28995,5796
2020-06-04 09:30:58.040000,29033.29,29005,20158,29010,15,29000,10,28995,5796
2020-06-04 09:30:58.930000,29033.29,29005,299,29010,19874,29000,5806,28990,25055
2020-06-04 09:31:00.840000,29036.87,29005,308,29010,19874,29000,5802,28990,25055
2020-06-04 09:31:01.840000,29036.87,29005,208,29010,19874,29000,5802,28990,25055
2020-06-04 09:31:02.740000,29036.87,29005,208,29010,19874,29000,5812,28990,25055
2020-06-04 09:31:03.540000,29036.87,29005,8315,29010,13869,28995,5796,28990,5001
2020-06-04 09:31:04.430000,29036.87,29005,20069,29010,15,29000,18,28995,5796
2020-06-04 09:31:05.240000,29036.87,29005,110,29010,19874,29000,5834,28990,25055
2020-06-04 09:31:06.040000,29036.87,29005,110,29010,19874,29000,5834,28990,25055
2020-06-04 09:31:06.950000,29036.87,29005,6503,29010,13869,29000,5635,28990,25055
2020-06-04 09:31:07.740000,29036.87,29005,22357,29010,15,28995,5615,28990,1
2020-06-04 09:31:08.630000,29036.87,29005,20349,29010,15,28995,5615,28990,1
2020-06-04 09:31:09.340000,29038.58,29005,20349,29010,15,28995,5615,28990,1
2020-06-04 09:31:10.240000,29038.58,29005,20349,29010,15,28995,5615,28990,1
2020-06-04 09:31:10.940000,29038.58,29005,20349,29010,15,28995,5615,28990,1
2020-06-04 09:31:11.740000,29038.58,29000,6005,29005,14344,28995,5615,28990,1
2020-06-04 09:31:13.040000,29038.58,29005,20349,29010,15,28995,5615,28990,1
2020-06-04 09:31:14.630000,29038.58,29005,20349,29010,15,28995,5615,28990,1
2020-06-04 09:31:15.440000,29038.58,29005,20349,29010,15,28995,5615,28990,1
2020-06-04 09:31:16.240000,29038.58,29005,20349,29010,15,28995,5615,28990,1
2020-06-04 09:31:17.130000,29038.58,29005,512,29010,19874,29000,5615,28990,25055
2020-06-04 09:31:17.940000,29038.58,29005,6517,29010,13869,29000,5615,28990,25055
2020-06-04 09:31:18.740000,29038.58,29005,20371,29010,15,28995,5615,28990,1
2020-06-04 09:31:19.630000,29042.21,29005,512,29010,19874,29000,5610,28990,25055
2020-06-04 09:31:20.640000,29042.21,29010,6020,29015,13863,29005,5098,28995,25054
2020-06-04 09:31:21.530000,29042.21,29010,6020,29015,13863,29005,5098,28995,25054
2020-06-04 09:31:22.570000,29042.21,29010,15,29015,19868,29005,5098,28995,25054
2020-06-04 09:31:23.440000,29042.21,29010,6020,29015,13863,29005,5098,28995,25054
2020-06-04 09:31:24.240000,29042.21,29010,15,29015,19868,29005,5098,28995,25054
2020-06-04 09:31:25.030000,29042.21,29010,15,29015,19868,29005,5098,28995,25054
2020-06-04 09:31:25.830000,29042.21,29010,15,29015,19868,29005,5098,28995,25054
2020-06-04 09:31:26.740000,29042.21,29010,21974,29015,9,29000,5098,28990,25055
2020-06-04 09:31:27.640000,29042.21,29010,6020,29015,13863,29005,5098,28995,25054
2020-06-04 09:31:28.530000,29042.21,29010,15,29015,19868,29005,5098,28995,25054
2020-06-04 09:31:29.330000,29042.21,29015,19868,29020,4,29005,5098,28995,45054
2020-06-04 09:31:30.230000,29040.75,29015,6014,29020,13858,29010,5098,29000,25054
2020-06-04 09:31:31.140000,29040.75,29015,9,29020,19863,29010,5098,29000,25054
2020-06-04 09:31:32.140000,29040.75,29015,9,29020,19863,29010,5095,29000,25054
2020-06-04 09:31:33.030000,29040.75,29020,19863,29025,3,29010,5095,29000,25054
2020-06-04 09:31:33.840000,29040.75,29020,19863,29025,3,29010,5095,29000,25054
2020-06-04 09:31:35.530000,29040.75,29020,19863,29025,3,29010,5095,29000,25054
2020-06-04 09:31:36.340000,29040.75,29020,6009,29025,13857,29015,5095,29005,25054
2020-06-04 09:31:37.140000,29040.75,29020,4,29025,19862,29015,5095,29005,25054
2020-06-04 09:31:37.940000,29040.75,29025,19862,29030,28,29015,5095,29005,25054
2020-06-04 09:31:38.840000,29041.31,29025,19862,29030,28,29015,5095,29005,25054
2020-06-04 09:31:39.730000,29041.31,29025,3,29030,19887,29020,5095,29010,25054
2020-06-04 09:31:40.640000,29041.31,29025,3,29030,19887,29020,5095,29015,5000
2020-06-04 09:31:41.640000,29041.31,29025,6008,29030,13882,29020,5095,29010,25054
2020-06-04 09:31:43.230000,29041.31,29030,19887,29035,2,29020,5095,29010,25054
2020-06-04 09:31:44.140000,29041.31,29020,19859,29030,2028,29010,5095,29000,25054
2020-06-04 09:31:45.040000,29041.31,29020,19859,29030,2028,29010,5096,29000,25054
2020-06-04 09:31:45.930000,29041.31,29020,19859,29030,2028,29010,5096,29000,25054
2020-06-04 09:31:46.840000,29041.31,29020,19859,29030,2028,29010,5096,29000,25054
2020-06-04 09:31:47.540000,29041.31,29020,19858,29030,2028,29010,5096,29000,25054
2020-06-04 09:31:48.230000,29041.31,29020,6005,29025,13853,29015,5095,29010,1
2020-06-04 09:31:49.040000,29037.32,29020,21858,29025,10,29010,5101,29000,25054
2020-06-04 09:31:49.930000,29037.32,29015,6005,29020,13853,29010,5101,29000,25054
2020-06-04 09:31:50.840000,29037.32,29015,6005,29020,13853,29010,5110,29000,25054
2020-06-04 09:31:51.630000,29037.32,29020,19858,29025,10,29010,5110,29000,25054
2020-06-04 09:31:52.540000,29037.32,29015,6005,29020,13853,29010,5110,29000,25055
2020-06-04 09:31:53.240000,29037.32,29020,19858,29025,10,29010,5110,29000,25055
2020-06-04 09:31:54.130000,29037.32,29015,19858,29020,2000,29005,5095,29000,1
2020-06-04 09:31:54.840000,29037.32,29010,6005,29015,15953,29005,5095,29000,6
2020-06-04 09:31:55.630000,29037.32,29015,21958,29020,2000,29005,5095,29000,6
2020-06-04 09:31:56.340000,29037.32,29015,21958,29020,2000,29005,5095,29000,6
2020-06-04 09:31:57.040000,29037.32,29010,21858,29015,2100,29000,6206,28995,1
2020-06-04 09:31:57.930000,29037.32,29010,21848,29015,2100,29000,6206,28995,1
2020-06-04 09:31:58.660000,29037.32,29010,21848,29015,2105,29000,6206,28995,1
2020-06-04 09:31:59.330000,29037.32,29010,7995,29015,15958,29000,6206,28995,25055
2020-06-04 09:32:00.240000,29029.94,29010,21848,29015,2105,29000,6206,28995,1
2020-06-04 09:32:01.130000,29029.94,29005,19848,29010,2000,28995,6201,28990,2
2020-06-04 09:32:02.040000,29029.94,29005,21948,29010,2000,28995,6201,28990,2
2020-06-04 09:32:02.940000,29029.94,29000,19848,29005,2100,28990,6200,28985,203
2020-06-04 09:32:03.740000,29029.94,28995,5994,29000,15953,28990,6200,28985,203
2020-06-04 09:32:04.740000,29029.94,28995,21947,29000,2100,28985,8101,28980,5220
2020-06-04 09:32:05.830000,29029.94,28990,5994,28995,15953,28985,6201,28980,220
2020-06-04 09:32:06.740000,29029.94,28990,8094,28995,15953,28985,3,28980,6418
2020-06-04 09:32:07.630000,29029.94,28985,5994,28990,15948,28980,6218,28975,305
2020-06-04 09:32:08.530000,29029.94,28985,21947,28990,2095,28975,6205,28970,306
2020-06-04 09:32:09.630000,29007.66,28985,8094,28990,15948,28975,6200,28970,25360
2020-06-04 09:32:10.530000,29007.66,28990,2095,28995,21947,28985,6200,28975,25054
2020-06-04 09:32:11.530000,29007.66,28990,21947,28995,2100,28980,6200,28970,45360
2020-06-04 09:32:12.530000,29007.66,28990,5994,28995,15953,28980,6205,28975,5000
2020-06-04 09:32:13.530000,29007.66,28990,21947,28995,2100,28980,6120,28970,25360
2020-06-04 09:32:14.440000,29007.66,28990,21956,28995,2100,28980,6120,28970,25360
2020-06-04 09:32:15.240000,29007.66,28990,21956,28995,2100,28980,8120,28970,25360
2020-06-04 09:32:16.030000,29007.66,28990,19856,28995,2100,28980,8120,28970,25360
2020-06-04 09:32:16.830000,29007.66,28990,6003,28995,15953,28985,6115,28980,2005
2020-06-04 09:32:17.640000,29007.66,28990,6003,28995,15953,28980,8120,28975,25054
2020-06-04 09:32:18.330000,29007.66,28990,6003,28995,15953,28985,6115,28980,2005
2020-06-04 09:32:19.230000,29007.66,28990,6003,28995,15953,28985,6115,28980,2005
2020-06-04 09:32:20.030000,28984.8,28990,19856,28995,2100,28980,8120,28970,45360
2020-06-04 09:32:20.840000,28984.8,28990,19856,28995,2100,28980,8120,28970,45360
2020-06-04 09:32:21.730000,28984.8,28985,5994,28990,13862,28980,8120,28970,25360
2020-06-04 09:32:22.640000,28984.8,28985,21947,28990,9,28975,6115,28970,306
2020-06-04 09:32:23.530000,28984.8,28990,19856,28995,2100,28980,6115,28970,25360
2020-06-04 09:32:24.340000,28984.8,28985,5994,28990,13862,28980,6115,28970,25360
2020-06-04 09:32:25.030000,28984.8,28985,5994,28990,13862,28980,6115,28970,25360
2020-06-04 09:32:25.840000,28984.8,28990,19856,28995,2100,28980,6115,28970,25360
2020-06-04 09:32:26.640000,28984.8,28990,6003,28995,15953,28985,6115,28975,25054
2020-06-04 09:32:27.530000,28984.8,28990,6003,28995,15953,28985,6115,28975,25054
2020-06-04 09:32:28.430000,28984.8,28990,9,28995,21947,28985,6115,28975,25054
2020-06-04 09:32:29.340000,28984.8,29000,21947,29005,2100,28990,6115,28980,25054
2020-06-04 09:32:30.340000,29010.61,28995,19847,29000,1800,28985,6115,28975,45054
2020-06-04 09:32:31.140000,29010.61,28995,19847,29000,1800,28985,6115,28975,45054
2020-06-04 09:32:32.040000,29010.61,28990,5994,28995,13853,28985,6115,28975,25054
2020-06-04 09:32:32.930000,29010.61,28985,4103,28990,21947,28980,6115,28970,45360
2020-06-04 09:32:33.840000,29010.61,28985,11967,28990,15953,28975,6111,28970,45360
2020-06-04 09:32:34.760000,29010.61,28985,8855,28990,15953,28975,6111,28970,25360
2020-06-04 09:32:35.630000,29010.61,28990,8094,28995,13853,28980,6111,28975,25054
2020-06-04 09:32:37.230000,29010.61,28995,19847,29000,1800,28985,6111,28975,25054
2020-06-04 09:32:37.930000,29010.61,28990,5994,28995,15953,28980,6111,28975,25054
2020-06-04 09:32:38.630000,29010.61,28990,21947,28995,2100,28980,6111,28970,45360
2020-06-04 09:32:39.430000,29010.61,28985,5994,28990,15953,28980,6111,28970,45360
2020-06-04 09:32:40.240000,28988.4,28985,7194,28990,15953,28975,26165,28970,25306
2020-06-04 09:32:41.040000,28988.4,28985,5994,28990,15953,28975,6111,28970,25360
2020-06-04 09:32:41.840000,28988.4,28985,5994,28990,15953,28975,26165,28970,5306
2020-06-04 09:32:42.740000,28988.4,28990,8094,28995,15953,28985,1,28980,26165
2020-06-04 09:32:43.540000,28988.4,28990,5994,28995,15953,28980,26165,28975,5000
2020-06-04 09:32:44.340000,28988.4,28990,5994,28995,15953,28980,26165,28975,5000
2020-06-04 09:32:45.130000,28988.4,28990,6194,28995,15953,28980,26165,28975,5000
2020-06-04 09:32:45.830000,28988.4,28990,5994,28995,15953,28980,26165,28975,5000
2020-06-04 09:32:46.630000,28988.4,28985,5994,28990,16053,28975,26165,28970,5306
2020-06-04 09:32:47.330000,28988.4,28980,2,28985,22047,28975,6111,28970,20360
2020-06-04 09:32:48.260000,28988.4,28985,22047,28990,2200,28975,6111,28970,20360
2020-06-04 09:32:49.040000,28988.4,28980,5,28985,21867,28975,6111,28970,20360
2020-06-04 09:32:49.830000,29008.42,28980,2205,28985,21867,28975,6111,28970,20360
2020-06-04 09:32:50.740000,29008.42,28975,11925,28980,16058,28970,6417,28965,20057
2020-06-04 09:32:51.740000,29008.42,28970,7958,28975,19930,28960,26262,28955,2108
2020-06-04 09:32:52.630000,29008.42,28965,5814,28970,15997,28960,97,28955,28273
2020-06-04 09:32:53.540000,29008.42,28970,7958,28975,19930,28960,26262,28955,2108
2020-06-04 09:32:54.530000,29008.42,28970,7958,28975,19930,28965,6111,28960,20151
2020-06-04 09:32:55.330000,29008.42,28975,11891,28980,16058,28965,26121,28960,5097
2020-06-04 09:32:56.130000,29008.42,28970,5814,28975,19930,28960,26218,28955,27108
2020-06-04 09:32:57.030000,29008.42,28975,6077,28980,21872,28970,6067,28965,20054
2020-06-04 09:32:57.940000,29008.42,28975,2200,28980,21872,28970,6067,28965,20054
2020-06-04 09:32:58.830000,29008.42,28980,21872,28985,2200,28970,6067,28965,20054
2020-06-04 09:32:59.640000,29008.42,28980,21872,28985,2200,28970,6067,28965,20054
2020-06-04 09:33:00.440000,28998.07,28975,5814,28980,16058,28965,26121,28960,5097
2020-06-04 09:33:01.240000,28998.07,28975,8014,28980,16058,28965,26121,28960,5097
2020-06-04 09:33:02.140000,28998.07,28970,5814,28975,16053,28960,26218,28955,7108
2020-06-04 09:33:02.940000,28998.07,28970,8014,28975,16053,28965,6067,28960,20151
2020-06-04 09:33:03.940000,28998.07,28975,8014,28980,16058,28970,14081,28965,20054
2020-06-04 09:33:04.830000,28998.07,28980,21872,28985,2200,28970,14078,28965,20054
2020-06-04 09:33:05.640000,28998.07,28980,21872,28985,2200,28970,14078,28965,20054
2020-06-04 09:33:06.440000,28998.07,28975,5814,28980,16058,28970,8011,28965,26121
2020-06-04 09:33:07.140000,28998.07,28975,21867,28980,2205,28965,6067,28960,20151
2020-06-04 09:33:07.940000,28998.07,28975,5814,28980,16058,28965,26121,28960,5097
2020-06-04 09:33:08.730000,28998.07,28975,8014,28980,16058,28965,26121,28960,5097
2020-06-04 09:33:09.530000,28997.09,28975,8014,28980,16058,28965,26121,28960,5097
2020-06-04 09:33:10.230000,28997.09,28975,5814,28980,16058,28965,26121,28960,5097
2020-06-04 09:33:11.140000,28997.09,28975,7814,28980,16058,28965,6101,28960,25151
2020-06-04 09:33:11.940000,28997.09,28975,21667,28980,2205,28965,6101,28960,20151
2020-06-04 09:33:12.640000,28997.09,28975,21667,28980,2205,28970,7,28965,6101
2020-06-04 09:33:13.440000,28997.09,28975,5814,28980,16058,28965,26055,28960,5097
2020-06-04 09:33:14.340000,28997.09,28975,21867,28980,2205,28965,6001,28960,20151
2020-06-04 09:33:15.140000,28997.09,28975,21867,28980,2205,28965,6001,28960,20151
2020-06-04 09:33:15.930000,28997.09,28975,21867,28980,2205,28965,6001,28960,20151
2020-06-04 09:33:18.230000,28997.09,28970,8014,28975,16053,28960,6297,28955,27162
2020-06-04 09:33:19.040000,28997.09,28965,5814,28970,16053,28955,28362,28950,8379
2020-06-04 09:33:19.850000,28979.65,28965,8014,28970,16053,28955,28362,28950,8379
2020-06-04 09:33:20.730000,28979.65,28970,21867,28980,5,28960,6200,28955,22162
2020-06-04 09:33:21.640000,28979.65,28970,21867,28980,5,28960,6200,28955,22162
2020-06-04 09:33:22.430000,28979.65,28965,5814,28970,16053,28955,28362,28950,8379
2020-06-04 09:33:23.230000,28979.65,28960,5814,28965,16153,28955,8308,28950,23433
2020-06-04 09:33:24.040000,28979.65,28960,8114,28965,16153,28955,8308,28950,23433
2020-06-04 09:33:24.730000,28979.65,28965,8114,28970,16053,28960,14314,28955,22162
2020-06-04 09:33:25.450000,28979.65,28965,5814,28970,16053,28960,14314,28955,22162
2020-06-04 09:33:26.230000,28979.65,28970,21867,28980,5,28960,14314,28955,22162
2020-06-04 09:33:26.930000,28979.65,28970,21867,28980,5,28960,14314,28955,22162
2020-06-04 09:33:27.840000,28979.65,28965,5814,28970,16053,28960,14314,28955,22162
2020-06-04 09:33:28.630000,28979.65,28965,19667,28980,5,28955,8308,28950,23433
2020-06-04 09:33:29.450000,28979.65,28960,5814,28965,16153,28955,8308,28950,23433
2020-06-04 09:33:30.240000,28975.31,28960,5814,28965,16153,28955,8308,28950,23433
2020-06-04 09:33:31.040000,28975.31,28960,21967,28980,5,28950,9579,28945,22159
2020-06-04 09:33:31.840000,28975.31,28950,19667,28960,2300,28945,2105,28940,8100
2020-06-04 09:33:32.840000,28975.31,28945,22353,28950,2300,28940,1900,28935,26200
2020-06-04 09:33:33.740000,28975.31,28940,6200,28945,16153,28935,26200,28930,40056
2020-06-04 09:33:34.540000,28975.31,28945,8500,28950,16153,28935,26254,28930,2
2020-06-04 09:33:35.430000,28975.31,28945,22353,28950,2300,28935,6200,28930,1456
2020-06-04 09:33:36.330000,28975.31,28935,7803,28940,16153,28930,6202,28925,3355
2020-06-04 09:33:37.240000,28975.31,28935,1,28940,22353,28930,6202,28925,3355
2020-06-04 09:33:38.040000,28975.31,28940,20653,28965,20000,28930,6202,28925,3355
2020-06-04 09:33:38.830000,28975.31,28940,6200,28945,13853,28935,6200,28930,1456
2020-06-04 09:33:39.630000,28974.65,28935,325,28940,20053,28930,6202,28925,3355
2020-06-04 09:33:40.630000,28974.65,28935,20053,28960,20000,28930,2,28925,8101
2020-06-04 09:33:41.740000,28974.65,28935,6200,28940,13853,28925,9555,28920,5003
2020-06-04 09:33:42.740000,28974.65,28940,20053,28960,20000,28930,6200,28925,3355
2020-06-04 09:33:43.740000,28974.65,28940,20053,28965,20000,28930,6200,28925,3355
2020-06-04 09:33:44.680000,28974.65,28940,20053,28965,20000,28930,6200,28925,3355
2020-06-04 09:33:45.330000,28974.65,28935,6200,28940,13853,28930,6200,28925,3355
2020-06-04 09:33:46.130000,28974.65,28930,6200,28935,13853,28925,8101,28920,1457
2020-06-04 09:33:46.940000,28974.65,28935,20053,28960,20000,28925,6093,28920,1454
2020-06-04 09:33:47.740000,28974.65,28930,6200,28935,13853,28920,7547,28915,5021
2020-06-04 09:33:48.530000,28974.65,28930,20053,28960,20000,28920,6093,28915,1475
2020-06-04 09:33:49.240000,28974.65,28925,6166,28930,13853,28920,6200,28915,1475
2020-06-04 09:33:50.240000,28942.82,28930,6166,28935,13853,28920,6200,28915,6475
2020-06-04 09:33:51.030000,28942.82,28925,6166,28930,13853,28920,6200,28915,1475
2020-06-04 09:33:51.830000,28942.82,28925,6166,28930,13853,28915,7675,28910,6010
2020-06-04 09:33:52.640000,28942.82,28920,6166,28925,13853,28915,6221,28910,2464
2020-06-04 09:33:53.530000,28942.82,28920,6166,28925,13853,28915,21,28910,8664
2020-06-04 09:33:54.230000,28942.82,28920,20037,28925,10,28910,7210,28905,1474
2020-06-04 09:33:55.030000,28942.82,28920,20037,28925,10,28910,7210,28905,1474
2020-06-04 09:33:55.830000,28942.82,28915,6166,28920,13871,28910,7210,28905,1474
2020-06-04 09:33:56.730000,28942.82,28920,18,28925,6176,28915,13820,28910,6010
2020-06-04 09:33:57.530000,28942.82,28920,18,28925,20029,28915,12366,28910,2464
2020-06-04 09:33:58.530000,28942.82,28925,10,28930,6166,28920,7654,28915,11166
2020-06-04 09:33:59.440000,28939.58,28930,6166,28935,13853,28920,7654,28915,11166
2020-06-04 09:34:00.340000,28939.58,28935,20019,28955,20000,28925,6200,28920,1454
2020-06-04 09:34:01.340000,28939.58,28930,6166,28935,13853,28925,6200,28920,1454
2020-06-04 09:34:02.340000,28939.58,28935,20019,28960,20104,28925,6200,28920,1454
2020-06-04 09:34:03.340000,28939.58,28935,20019,28960,20000,28925,6200,28920,1454
2020-06-04 09:34:04.140000,28939.58,28935,6166,28940,13853,28925,7654,28920,5000
2020-06-04 09:34:05.030000,28939.58,28935,6166,28940,13853,28930,6200,28925,1454
2020-06-04 09:34:05.840000,28939.58,28940,19997,28965,20106,28930,6200,28925,1454
2020-06-04 09:34:06.540000,28939.58,28940,19997,28965,20002,28930,6200,28925,1454
2020-06-04 09:34:07.340000,28939.58,28935,19997,28960,20000,28925,6200,28920,1455
2020-06-04 09:34:08.140000,28939.58,28935,19997,28960,20000,28925,6200,28920,1455
2020-06-04 09:34:08.930000,28939.58,28935,6144,28940,13853,28925,7651,28920,5001
2020-06-04 09:34:09.840000,28946.09,28940,6144,28945,13853,28930,7651,28925,5000
2020-06-04 09:34:10.930000,28946.09,28940,6144,28945,13853,28930,7151,28925,5034
2020-06-04 09:34:11.930000,28946.09,28940,6144,28945,13853,28930,7151,28925,5034
2020-06-04 09:34:12.730000,28946.09,28940,6144,28945,13853,28935,6197,28930,954
2020-06-04 09:34:13.540000,28946.09,28940,19792,28965,2,28930,6197,28925,988
2020-06-04 09:34:14.340000,28946.09,28940,5939,28945,13853,28930,7146,28925,5034
2020-06-04 09:34:15.040000,28946.09,28940,5939,28945,13853,28930,7146,28925,5034
2020-06-04 09:34:15.930000,28946.09,28940,5939,28945,13853,28930,7146,28925,5044
2020-06-04 09:34:17.540000,28946.09,28940,19792,28960,100,28930,6192,28925,998
2020-06-04 09:34:18.230000,28946.09,28940,5939,28945,13853,28930,7146,28925,5044
2020-06-04 09:34:18.930000,28946.09,28940,5939,28945,13853,28930,7146,28925,5045
2020-06-04 09:34:20.430000,28946.47,28940,5939,28945,13853,28935,6192,28930,988
2020-06-04 09:34:21.240000,28946.47,28935,1634,28940,19792,28930,6226,28925,999
2020-06-04 09:34:22.240000,28946.47,28935,5939,28940,13853,28930,34,28925,7191
2020-06-04 09:34:23.040000,28946.47,28940,19792,28960,100,28930,6226,28925,999
2020-06-04 09:34:23.830000,28946.47,28945,5939,28950,13853,28935,7146,28930,5034
2020-06-04 09:34:24.740000,28946.47,28940,19792,28960,100,28930,6226,28925,999
2020-06-04 09:34:25.740000,28946.47,28940,19792,28960,100,28930,6226,28925,999
2020-06-04 09:34:26.740000,28946.47,28940,5939,28945,13853,28930,7180,28925,5045
2020-06-04 09:34:27.630000,28946.47,28945,5939,28950,13853,28935,7248,28930,5034
2020-06-04 09:34:28.540000,28946.47,28940,5939,28945,13853,28935,142,28930,7182
2020-06-04 09:34:29.630000,28949.34,28935,5797,28940,13853,28930,6228,28925,999
2020-06-04 09:34:30.740000,28949.34,28935,5797,28940,13853,28930,36,28925,7191
2020-06-04 09:34:31.830000,28949.34,28930,5797,28935,13853,28925,45,28920,7147
2020-06-04 09:34:32.830000,28949.34,28935,19650,28960,20204,28925,6237,28920,955
2020-06-04 09:34:33.740000,28949.34,28935,19650,28960,20100,28925,6237,28920,955
2020-06-04 09:34:34.740000,28949.34,28930,5797,28935,13853,28925,6237,28920,955
2020-06-04 09:34:35.530000,28949.34,28930,5797,28935,13853,28925,6237,28920,955
2020-06-04 09:34:36.240000,28949.34,28930,5744,28935,13853,28925,79,28920,7147
2020-06-04 09:34:37.740000,28949.34,28930,19597,28955,20000,28920,6193,28915,7120
2020-06-04 09:34:38.440000,28949.34,28930,5744,28935,13853,28920,7147,28915,11166
2020-06-04 09:34:39.240000,28949.34,28930,5744,28935,13853,28925,10,28920,7147
2020-06-04 09:34:40.030000,28959.17,28930,19597,28955,20000,28920,6193,28915,7120
2020-06-04 09:34:40.940000,28959.17,28930,5744,28935,13853,28920,7143,28915,11166
2020-06-04 09:34:41.730000,28959.17,28930,5744,28935,13853,28925,6189,28920,954
2020-06-04 09:34:42.530000,28959.17,28925,7253,28930,13853,28920,6189,28915,7120
2020-06-04 09:34:43.330000,28959.17,28930,19597,28955,20104,28920,6189,28915,7120
2020-06-04 09:34:44.140000,28959.17,28930,19597,28955,20000,28920,6189,28915,7120
2020-06-04 09:34:44.940000,28959.17,28930,19597,28955,20000,28920,6191,28915,7120
2020-06-04 09:34:45.730000,28959.17,28930,19597,28955,20000,28920,6191,28915,7120
2020-06-04 09:34:46.440000,28959.17,28925,5744,28930,13853,28920,6194,28915,7120
2020-06-04 09:34:47.140000,28959.17,28925,5744,28930,13853,28920,6194,28915,7120
2020-06-04 09:34:47.940000,28959.17,28930,5744,28935,13853,28925,5744,28920,7148
2020-06-04 09:34:48.840000,28959.17,28930,5744,28935,13853,28925,5744,28920,7150
2020-06-04 09:34:49.730000,28958.23,28935,5744,28940,13853,28930,5744,28925,12887
2020-06-04 09:34:50.750000,28958.23,28935,19597,28960,100,28930,5744,28925,11933
2020-06-04 09:34:51.530000,28958.23,28935,19597,28960,204,28930,5744,28925,11933
2020-06-04 09:34:53.230000,28958.23,28935,19985,28960,20204,28930,5744,28925,5744
2020-06-04 09:34:54.030000,28958.23,28935,19985,28960,20100,28930,5744,28925,5744
2020-06-04 09:34:54.730000,28958.23,28925,20053,28935,388,28920,7,28915,12355
2020-06-04 09:34:56.340000,28958.23,28925,20053,28935,388,28915,6189,28910,964
2020-06-04 09:34:58.930000,28958.23,28915,6200,28920,13853,28910,6199,28905,20
2020-06-04 09:34:59.730000,28955.59,28920,20053,28935,388,28910,6199,28905,974
2020-06-04 09:35:00.640000,28955.59,28920,20053,28935,388,28910,6199,28905,979
2020-06-04 09:35:01.430000,28955.59,28915,6200,28920,13853,28910,10,28905,6214
2020-06-04 09:35:02.240000,28955.59,28920,20053,28935,388,28910,6199,28905,979
2020-06-04 09:35:02.950000,28955.59,28925,20053,28935,388,28920,1,28915,6189
2020-06-04 09:35:03.730000,28955.59,28925,20053,28935,388,28915,6189,28910,964
2020-06-04 09:35:04.430000,28955.59,28925,20053,28935,388,28915,6189,28910,964
2020-06-04 09:35:05.130000,28955.59,28925,20053,28935,388,28915,6189,28910,964
2020-06-04 09:35:05.840000,28955.59,28925,6200,28930,13853,28920,6189,28915,954
2020-06-04 09:35:06.540000,28955.59,28925,6200,28930,13853,28920,6189,28915,954
2020-06-04 09:35:07.340000,28955.59,28930,20053,28935,388,28920,6189,28915,954
2020-06-04 09:35:07.930000,28955.59,28930,6200,28935,14241,28920,6192,28915,5954
2020-06-04 09:35:08.740000,28955.59,28930,20053,28935,388,28920,6192,28915,988
2020-06-04 09:35:09.540000,28946.22,28930,6200,28935,14241,28925,6189,28920,957
2020-06-04 09:35:10.340000,28946.22,28930,20053,28935,388,28925,10,28920,6192
2020-06-04 09:35:11.130000,28946.22,28930,20053,28935,388,28920,6192,28915,988
2020-06-04 09:35:11.830000,28946.22,28930,20053,28935,388,28920,6192,28915,988
2020-06-04 09:35:12.540000,28946.22,28935,388,28940,20053,28930,6186,28925,954
2020-06-04 09:35:13.430000,28946.22,28940,20053,28955,20000,28930,6186,28925,954
2020-06-04 09:35:14.430000,28946.22,28945,20053,28960,204,28935,6186,28930,954
2020-06-04 09:35:15.330000,28946.22,28940,20053,28960,100,28930,6186,28925,954
2020-06-04 09:35:16.130000,28946.22,28940,6200,28945,13853,28935,6186,28930,954
2020-06-04 09:35:17.040000,28946.22,28945,20053,28960,100,28940,6200,28935,6186
2020-06-04 09:35:17.930000,28946.22,28945,20053,28960,100,28935,6186,28930,954
2020-06-04 09:35:18.830000,28946.22,28950,20053,28960,100,28940,6186,28935,954
2020-06-04 09:35:19.740000,28953.49,28950,20053,28960,100,28940,6186,28935,955
2020-06-04 09:35:20.630000,28953.49,28955,20053,28960,100,28950,13853,28945,6186
2020-06-04 09:35:21.530000,28953.49,28950,20053,28960,100,28940,6186,28935,955
2020-06-04 09:35:22.330000,28953.49,28950,20053,28960,100,28940,6186,28935,955
2020-06-04 09:35:23.240000,28953.49,28950,20053,28960,100,28940,6186,28935,955
2020-06-04 09:35:24.130000,28953.49,28950,20053,28960,100,28940,6186,28935,955
2020-06-04 09:35:24.940000,28953.49,28950,20053,28960,100,28940,6186,28935,955
2020-06-04 09:35:25.630000,28953.49,28950,20033,28960,100,28940,6186,28935,955
2020-06-04 09:35:26.330000,28953.49,28955,20033,28960,100,28945,6186,28940,954
2020-06-04 09:35:27.130000,28953.49,28955,20033,28960,100,28945,6186,28940,954
2020-06-04 09:35:28.740000,28953.49,28955,20032,28960,100,28945,6186,28940,954
2020-06-04 09:35:29.440000,28953.49,28950,4,28955,20032,28945,6186,28940,954
2020-06-04 09:35:30.330000,28954.55,28955,20032,28960,100,28945,6186,28940,954
2020-06-04 09:35:31.140000,28954.55,28955,1,28960,20132,28950,6186,28945,954
2020-06-04 09:35:31.940000,28954.55,28960,20132,28965,7,28950,6186,28945,954
2020-06-04 09:35:32.730000,28954.55,28960,20132,28965,7,28950,6186,28945,954
2020-06-04 09:35:33.530000,28954.55,28960,100,28965,20039,28955,6186,28950,954
2020-06-04 09:35:34.230000,28954.55,28965,20039,28980,163,28955,6186,28950,954
2020-06-04 09:35:35.030000,28954.55,28965,20039,28980,59,28955,6186,28950,954
2020-06-04 09:35:35.830000,28954.55,28960,1,28965,20039,28955,6186,28950,954
2020-06-04 09:35:36.530000,28954.55,28960,1,28965,20039,28955,6186,28950,954
2020-06-04 09:35:37.230000,28954.55,28965,20039,28980,163,28955,6186,28950,954
2020-06-04 09:35:38.030000,28954.55,28965,20039,28980,59,28955,6186,28950,954
2020-06-04 09:35:38.840000,28954.55,28960,2,28965,20039,28955,6186,28950,954
2020-06-04 09:35:39.730000,28971.86,28965,20039,28980,164,28955,6186,28950,954
2020-06-04 09:35:40.730000,28971.86,28965,7,28970,20032,28960,6136,28955,954
2020-06-04 09:35:42.340000,28971.86,28965,7,28970,20032,28960,6136,28955,954
2020-06-04 09:35:43.030000,28971.86,28965,7,28970,20032,28960,5385,28955,954
2020-06-04 09:35:43.730000,28971.86,28965,20039,28980,60,28955,5385,28950,954
2020-06-04 09:35:44.430000,28971.86,28960,10,28965,20039,28955,5382,28950,954
2020-06-04 09:35:45.140000,28971.86,28965,7,28970,20032,28960,5382,28955,954
2020-06-04 09:35:45.930000,28971.86,28965,6206,28970,13833,28960,5382,28955,954
2020-06-04 09:35:46.730000,28971.86,28965,7,28970,20032,28960,5382,28955,954
2020-06-04 09:35:47.640000,28971.86,28975,20032,28980,61,28965,5382,28960,954
2020-06-04 09:35:48.430000,28971.86,28975,6199,28980,13894,28970,5375,28965,961
2020-06-04 09:35:49.340000,28971.86,28970,5375,28975,20032,28965,5382,28960,954
2020-06-04 09:35:50.130000,28969.64,28975,20033,28980,61,28965,5375,28960,954
2020-06-04 09:35:50.950000,28969.64,28975,20033,28980,61,28965,5375,28960,954
2020-06-04 09:35:51.730000,28969.64,28970,6199,28975,13834,28960,6329,28955,5000
2020-06-04 09:35:52.540000,28969.64,28975,6200,28980,13894,28970,5375,28965,954
2020-06-04 09:35:53.340000,28969.64,28975,6200,28980,13894,28970,6200,28965,954
2020-06-04 09:35:54.130000,28969.64,28980,20093,28995,1,28970,6200,28965,954
2020-06-04 09:35:55.040000,28969.64,28985,6199,28990,13833,28975,7154,28970,5000
2020-06-04 09:35:56.130000,28969.64,28985,6199,28990,13833,28980,6200,28975,954
2020-06-04 09:35:57.130000,28969.64,28990,20032,28995,1,28980,6200,28975,954
2020-06-04 09:35:58.040000,28969.64,28990,6199,28995,13834,28980,7154,28975,5000
2020-06-04 09:35:58.930000,28969.64,28990,20033,28995,1,28980,6200,28975,954
2020-06-04 09:36:00.040000,28969.64,28990,20033,28995,1,28980,6200,28975,954
2020-06-04 09:36:02.040000,28999.67,28985,6200,28990,13833,28980,6200,28975,954
2020-06-04 09:36:03.040000,28999.67,28990,20033,28995,1,28980,6195,28975,954
2020-06-04 09:36:03.930000,28999.67,28990,20033,28995,1,28980,6195,28975,954
2020-06-04 09:36:04.740000,28999.67,28990,20033,28995,1,28980,6195,28975,954
2020-06-04 09:36:06.130000,28999.67,28990,20033,28995,1,28980,6195,28975,954
2020-06-04 09:36:08.540000,28999.67,28995,20034,29000,22,28985,6195,28980,954
2020-06-04 09:36:09.440000,29018.14,28995,1,29000,20055,28990,6195,28985,954
2020-06-04 09:36:10.240000,29018.14,28995,1,29000,20055,28990,6195,28985,954
2020-06-04 09:36:11.030000,29018.14,28995,20034,29000,22,28985,6195,28980,954
2020-06-04 09:36:11.940000,29018.14,28995,6201,29000,13855,28985,7149,28980,5000
2020-06-04 09:36:12.740000,29018.14,29000,22,29005,20039,28995,6195,28990,954
2020-06-04 09:36:13.630000,29018.14,29000,22,29005,20039,28995,6195,28990,954
2020-06-04 09:36:14.440000,29018.14,29005,6206,29010,13837,29000,6195,28995,954
2020-06-04 09:36:15.240000,29018.14,29005,6200,29010,13837,29000,6195,28995,954
2020-06-04 09:36:16.030000,29018.14,29010,20037,29015,4,29005,6200,29000,6195
2020-06-04 09:36:16.830000,29018.14,29005,3,29010,20037,29000,6195,28995,954
2020-06-04 09:36:17.530000,29018.14,29005,6203,29010,13837,28995,7149,28990,5000
2020-06-04 09:36:18.440000,29018.14,29010,6204,29015,13837,29005,6195,29000,954
2020-06-04 09:36:19.230000,29018.14,29010,6204,29015,13837,29005,6050,29000,954
2020-06-04 09:36:20.030000,29028.27,29015,6204,29020,13847,29010,12250,29005,954
2020-06-04 09:36:20.940000,29028.27,29015,6078,29020,13847,29010,12250,29005,954
2020-06-04 09:36:21.830000,29028.27,29020,6092,29025,13847,29015,12128,29010,7154
2020-06-04 09:36:22.730000,29028.27,29020,19925,29025,14,29015,5327,29010,12250
2020-06-04 09:36:23.730000,29028.27,29020,6092,29025,13847,29015,6050,29010,7154
2020-06-04 09:36:24.640000,29028.27,29025,19925,29030,122,29015,6050,29010,7154
2020-06-04 09:36:26.230000,29028.27,29020,19911,29025,14,29010,12250,29005,964
2020-06-04 09:36:27.030000,29028.27,29020,6078,29025,13847,29010,13204,29005,10
2020-06-04 09:36:27.830000,29028.27,29020,6078,29025,13847,29015,6050,29010,7154
2020-06-04 09:36:28.530000,29028.27,29020,6078,29025,13847,29015,6050,29010,7154
2020-06-04 09:36:29.340000,29028.27,29025,19925,29030,122,29015,6050,29010,7154
2020-06-04 09:36:30.140000,29028.27,29020,19911,29025,14,29010,12250,29005,964
2020-06-04 09:36:30.840000,29028.27,29015,6078,29020,13833,29010,12250,29005,964
2020-06-04 09:36:31.530000,29028.27,29015,19911,29025,29,29010,6186,29005,6060
2020-06-04 09:36:32.340000,29028.27,29015,19911,29025,29,29010,5959,29005,6060
2020-06-04 09:36:32.930000,29028.27,29015,19911,29025,29,29005,10,29000,7004
2020-06-04 09:36:33.540000,29028.27,29010,6078,29015,13833,29005,10,29000,7004
2020-06-04 09:36:34.230000,29028.27,29010,6078,29015,13833,29005,6060,29000,954
2020-06-04 09:36:34.840000,29028.27,29010,6078,29015,13833,29005,6060,29000,954
2020-06-04 09:36:36.340000,29028.27,29015,19911,29025,29,29005,6060,29000,954
2020-06-04 09:36:37.030000,29028.27,29015,6078,29020,18833,29010,6050,29005,964
2020-06-04 09:36:37.930000,29028.27,29010,6050,29015,24911,29005,6060,29000,954
2020-06-04 09:36:38.630000,29028.27,29015,24911,29020,5000,29005,6060,29000,954
2020-06-04 09:36:39.430000,29028.27,29015,6078,29020,18833,29010,5,29005,6060
2020-06-04 09:36:40.230000,29030.35,29015,24911,29020,5000,29010,5,29005,6060
2020-06-04 09:36:41.130000,29030.35,29015,24911,29020,5000,29005,6060,29000,954
2020-06-04 09:36:41.840000,29030.35,29015,24911,29020,5000,29005,6060,29000,954
2020-06-04 09:36:42.540000,29030.35,29015,24911,29020,5000,29005,6060,29000,956
2020-06-04 09:36:43.340000,29030.35,29015,24911,29020,5005,29005,6060,29000,956
2020-06-04 09:36:44.730000,29030.35,29015,24911,29020,5005,29005,6060,29000,956
2020-06-04 09:36:45.430000,29030.35,29015,24912,29020,5005,29005,6010,29000,956
2020-06-04 09:36:46.130000,29030.35,29015,24912,29020,5005,29005,6020,29000,956
2020-06-04 09:36:46.840000,29030.35,29010,24911,29015,5001,29005,10,29000,6012
2020-06-04 09:36:47.630000,29030.35,29005,24911,29010,5000,29000,2,28995,6044
2020-06-04 09:36:48.330000,29030.35,29000,24913,29005,5000,28990,6010,28985,20954
2020-06-04 09:36:49.240000,29030.35,28995,24909,29000,5004,28985,6010,28980,954
2020-06-04 09:36:50.130000,29028.61,28990,24909,28995,5000,28980,6010,28975,969
2020-06-04 09:36:51.130000,29028.61,28985,24909,28990,5000,28975,6025,28970,20954
2020-06-04 09:36:51.930000,29028.61,28985,6076,28990,18833,28980,6160,28975,969
2020-06-04 09:36:52.740000,29028.61,28985,11076,28990,18833,28980,150,28975,6025
2020-06-04 09:36:53.430000,29028.61,28985,24909,28990,5000,28980,150,28975,6025
2020-06-04 09:36:54.240000,29028.61,28985,24909,28990,5000,28980,149,28975,6025
2020-06-04 09:36:55.130000,29028.61,28990,24909,28995,5000,28980,6159,28975,969
2020-06-04 09:36:55.930000,29028.61,28990,24909,28995,5000,28980,6159,28975,969
2020-06-04 09:36:57.550000,29028.61,28990,24909,28995,5000,28980,6159,28975,969
2020-06-04 09:36:58.130000,29028.61,28990,24909,28995,5000,28980,6159,28975,969
2020-06-04 09:36:58.830000,29028.61,28985,24909,28990,5000,28980,149,28975,6025
2020-06-04 09:36:59.530000,29028.61,28985,24909,28990,5000,28975,6025,28970,954
2020-06-04 09:37:00.330000,29027.2,28985,24899,28990,5000,28975,6025,28970,954
2020-06-04 09:37:01.240000,29027.2,28985,24899,28990,5000,28975,6025,28970,954
2020-06-04 09:37:02.140000,29027.2,28990,24899,28995,5000,28980,6010,28975,969
2020-06-04 09:37:03.030000,29027.2,28985,24899,28990,5000,28975,6025,28970,954
2020-06-04 09:37:03.830000,29027.2,28985,24899,28990,5000,28975,6200,28970,954
2020-06-04 09:37:04.630000,29027.2,28985,24899,28990,5000,28975,6200,28970,954
2020-06-04 09:37:06.130000,29027.2,28980,24899,28985,5000,28970,6200,28965,956
2020-06-04 09:37:06.940000,29027.2,28980,24899,28985,5000,28970,6200,28965,956
2020-06-04 09:37:07.630000,29027.2,28970,24899,28975,5000,28960,6200,28955,20954
2020-06-04 09:37:08.530000,29027.2,28965,24899,28970,5000,28955,6200,28950,1007
2020-06-04 09:37:09.550000,28990.95,28965,6066,28970,18833,28955,7154,28950,5053
2020-06-04 09:37:10.440000,28990.95,28965,24899,28970,5000,28955,6200,28950,1007
2020-06-04 09:37:11.330000,28990.95,28965,24899,28970,5000,28955,6200,28950,1007
2020-06-04 09:37:12.140000,28990.95,28965,24899,28970,5000,28955,6200,28950,1007
2020-06-04 09:37:12.830000,28990.95,28965,6066,28970,18833,28960,6200,28955,954
2020-06-04 09:37:13.640000,28990.95,28965,6066,28970,18833,28960,6200,28955,954
2020-06-04 09:37:14.440000,28990.95,28970,24899,28975,5000,28960,6200,28955,954
2020-06-04 09:37:15.140000,28990.95,28965,6066,28970,18833,28955,7154,28950,5053
2020-06-04 09:37:15.940000,28990.95,28965,24899,28970,5000,28955,6200,28950,1007
2020-06-04 09:37:16.730000,28990.95,28965,24899,28970,5000,28955,6200,28950,1007
2020-06-04 09:37:17.640000,28990.95,28965,24899,28970,5000,28955,6200,28950,1007
2020-06-04 09:37:18.330000,28990.95,28965,24899,28970,5000,28955,6200,28950,1007
2020-06-04 09:37:19.030000,28990.95,28960,6066,28965,18833,28955,6234,28950,1007
2020-06-04 09:37:19.840000,29000.86,28960,24899,28965,5000,28955,34,28950,6253
2020-06-04 09:37:20.640000,29000.86,28955,3,28960,24899,28950,6253,28945,954
2020-06-04 09:37:21.430000,29000.86,28960,24899,28965,5000,28950,6253,28945,954
2020-06-04 09:37:22.340000,29000.86,28950,24899,28955,5000,28940,6200,28935,20955
2020-06-04 09:37:23.230000,29000.86,28945,19899,28950,5000,28935,6201,28930,7573
2020-06-04 09:37:24.140000,29000.86,28945,24899,28950,5000,28935,6201,28930,2573
2020-06-04 09:37:25.140000,29000.86,28940,24899,28945,5000,28935,1,28930,7819
2020-06-04 09:37:26.030000,29000.86,28940,24899,28945,5000,28930,7819,28925,954
2020-06-04 09:37:26.840000,29000.86,28935,24899,28940,5000,28930,1619,28925,6200
2020-06-04 09:37:27.730000,29000.86,28930,23280,28935,5000,28920,6737,28915,20988
2020-06-04 09:37:28.840000,29000.86,28920,6055,28925,18833,28915,6234,28910,974
2020-06-04 09:37:30.020000,28964.62,28920,24853,28925,5000,28910,6220,28905,979
2020-06-04 09:37:31.130000,28964.62,28915,24353,28920,5000,28905,6225,28900,21859
2020-06-04 09:37:32.130000,28964.62,28910,5520,28915,18833,28905,25,28900,8059
2020-06-04 09:37:33.130000,28964.62,28910,24353,28915,5000,28900,7105,28895,954
2020-06-04 09:37:33.930000,28964.62,28910,24353,28915,5000,28900,7105,28895,954
2020-06-04 09:37:34.840000,28964.62,28910,24648,28915,5000,28900,7105,28895,954
2020-06-04 09:37:35.630000,28964.62,28910,24648,28915,5000,28900,7105,28895,954
2020-06-04 09:37:36.540000,28964.62,28915,24353,28920,5000,28910,16605,28905,6200
2020-06-04 09:37:37.430000,28964.62,28915,5520,28920,18833,28910,16625,28905,6200
2020-06-04 09:37:38.330000,28964.62,28915,24353,28920,5000,28910,16525,28905,6200
2020-06-04 09:37:39.130000,28964.62,28915,24353,28920,5000,28910,16525,28905,6200
2020-06-04 09:37:40.740000,28937.17,28915,24353,28920,5000,28910,16525,28905,6200
2020-06-04 09:37:42.330000,28937.17,28925,24353,28930,5000,28915,6200,28910,954
2020-06-04 09:37:43.240000,28937.17,28935,24353,28940,5000,28925,6200,28920,954
2020-06-04 09:37:44.130000,28937.17,28935,24353,28940,5000,28925,6200,28920,954
2020-06-04 09:37:45.130000,28937.17,28935,18833,28940,10520,28930,6200,28920,954
2020-06-04 09:37:46.130000,28937.17,28935,24353,28940,5000,28930,6200,28920,954
2020-06-04 09:37:47.030000,28937.17,28930,30253,28935,5000,28920,4953,28915,2319
2020-06-04 09:37:47.830000,28937.17,28930,30253,28935,5000,28920,4953,28915,2319
2020-06-04 09:37:48.640000,28937.17,28930,30243,28935,5000,28920,4953,28915,2319
2020-06-04 09:37:49.440000,28937.17,28930,30243,28935,5000,28920,4953,28915,2319
2020-06-04 09:37:50.240000,28950.67,28930,30243,28935,5000,28920,4953,28915,2319
2020-06-04 09:37:51.030000,28950.67,28930,30243,28935,5000,28925,4949,28915,2319
2020-06-04 09:37:51.830000,28950.67,28925,4949,28930,30243,28920,4949,28915,2319
2020-06-04 09:37:53.240000,28950.67,28930,30243,28935,5000,28925,5,28920,4949
2020-06-04 09:37:54.030000,28950.67,28940,24353,28945,5001,28930,4949,28925,954
2020-06-04 09:37:54.830000,28950.67,28945,24354,28950,5200,28935,4949,28930,954
2020-06-04 09:37:55.630000,28950.67,28945,1,28950,24553,28940,4949,28935,954
2020-06-04 09:37:56.530000,28950.67,28950,24553,28955,5000,28945,4949,28935,954
2020-06-04 09:37:57.440000,28950.67,28945,385,28950,24553,28940,4949,28935,954
2020-06-04 09:37:58.330000,28950.67,28950,24553,28955,5000,28940,4949,28935,954
2020-06-04 09:37:59.120000,28950.67,28940,24353,28945,5000,28930,4939,28925,20954
2020-06-04 09:38:00.140000,28952.74,28935,24353,28940,5000,28925,4939,28920,20954
2020-06-04 09:38:01.030000,28952.74,28935,24353,28940,5000,28925,4939,28920,20954
2020-06-04 09:38:01.830000,28952.74,28940,24353,28945,5000,28930,4939,28925,954
2020-06-04 09:38:02.640000,28952.74,28935,24353,28940,5000,28925,4939,28920,954
2020-06-04 09:38:03.230000,28952.74,28935,24353,28940,5000,28925,4939,28920,954
2020-06-04 09:38:05.330000,28952.74,28930,24353,28935,5000,28920,4939,28915,2319
2020-06-04 09:38:06.030000,28952.74,28940,24353,28945,5000,28930,4939,28925,954
2020-06-04 09:38:06.830000,28952.74,28935,24353,28940,5000,28925,4973,28920,954
2020-06-04 09:38:07.640000,28952.74,28935,24353,28940,5000,28925,4973,28920,954
2020-06-04 09:38:08.430000,28952.74,28945,24353,28950,5200,28935,4939,28930,954
2020-06-04 09:38:09.140000,28952.74,28940,24353,28945,5000,28930,4939,28925,988
2020-06-04 09:38:10.030000,28933.93,28940,24353,28945,5000,28930,4939,28925,988
2020-06-04 09:38:10.730000,28933.93,28940,24353,28945,5000,28930,4818,28925,988
2020-06-04 09:38:11.530000,28933.93,28940,24353,28945,5000,28930,4818,28925,988
2020-06-04 09:38:13.140000,28933.93,28945,24353,28950,5200,28935,4818,28930,954
2020-06-04 09:38:13.930000,28933.93,28945,24353,28950,5200,28935,4818,28930,954
2020-06-04 09:38:14.730000,28933.93,28945,24353,28950,5200,28940,142,28935,4818
2020-06-04 09:38:15.430000,28933.93,28950,24553,28955,5000,28940,4818,28935,954
2020-06-04 09:38:16.340000,28933.93,28945,5520,28950,19033,28940,4818,28935,954
2020-06-04 09:38:17.130000,28933.93,28950,24553,28955,5000,28940,4818,28935,954
2020-06-04 09:38:17.930000,28933.93,28945,24353,28950,5200,28935,4818,28930,954
2020-06-04 09:38:18.730000,28933.93,28945,24353,28950,5200,28935,4818,28930,954
2020-06-04 09:38:19.630000,28933.93,28945,24353,28950,5200,28940,10,28935,4818
2020-06-04 09:38:20.540000,28951.33,28950,24553,28955,5000,28940,4818,28935,954
2020-06-04 09:38:23.540000,28951.33,28945,24353,28950,5200,28935,4818,28930,954
2020-06-04 09:38:24.230000,28951.33,28950,24553,28955,5000,28940,4818,28935,954
2020-06-04 09:38:24.930000,28951.33,28945,24353,28950,5200,28935,4818,28930,954
2020-06-04 09:38:25.830000,28951.33,28950,24553,28955,5000,28940,4818,28935,954
2020-06-04 09:38:26.630000,28951.33,28945,24353,28950,5200,28935,4818,28930,954
2020-06-04 09:38:27.630000,28951.33,28950,24553,28955,5000,28940,4818,28935,954
2020-06-04 09:38:28.930000,28974.08,28945,24353,28950,5200,28935,4818,28930,954
2020-06-04 09:38:29.720000,28974.08,28945,24453,28950,5200,28935,4818,28930,954
2020-06-04 09:38:30.540000,28974.08,28945,24453,28950,5200,28935,4818,28930,988
2020-06-04 09:38:31.930000,28974.08,28945,24453,28950,5200,28935,4818,28930,988
2020-06-04 09:38:32.740000,28974.08,28940,24353,28945,5100,28930,4852,28925,988
2020-06-04 09:38:33.540000,28974.08,28940,24353,28945,5100,28930,4852,28925,988
2020-06-04 09:38:34.240000,28974.08,28945,24453,28950,5200,28935,4818,28930,988
2020-06-04 09:38:34.930000,28974.08,28945,24453,28950,5200,28935,4818,28930,988
2020-06-04 09:38:35.630000,28974.08,28945,24453,28950,5200,28935,4818,28930,988
2020-06-04 09:38:36.430000,28974.08,28945,24453,28950,5200,28935,4818,28930,988
2020-06-04 09:38:38.630000,28974.08,28945,24453,28950,5200,28935,4818,28930,988
2020-06-04 09:38:39.240000,28974.08,28940,24353,28945,5488,28930,4852,28925,988
2020-06-04 09:38:39.830000,28950.49,28940,24353,28945,5488,28930,4852,28925,988
2020-06-04 09:38:40.630000,28950.49,28945,488,28950,24553,28940,4818,28935,954
2020-06-04 09:38:41.440000,28950.49,28945,488,28950,24553,28940,7018,28935,954
2020-06-04 09:38:42.030000,28950.49,28945,488,28950,24553,28940,7018,28935,954
2020-06-04 09:38:42.630000,28950.49,28945,6008,28950,19033,28940,4818,28935,954
2020-06-04 09:38:43.440000,28950.49,28945,388,28950,24553,28940,7018,28935,954
2020-06-04 09:38:44.330000,28950.49,28950,200,28955,24353,28945,4818,28940,3154
2020-06-04 09:38:45.230000,28950.49,28955,24353,28960,5000,28945,4818,28940,3154
2020-06-04 09:38:46.030000,28950.49,28960,24353,28965,5002,28950,4818,28945,3154
2020-06-04 09:38:46.730000,28950.49,28960,24353,28965,5002,28950,6318,28945,3154
2020-06-04 09:38:47.530000,28950.49,28955,24353,28960,7200,28945,7018,28940,3154
2020-06-04 09:38:48.330000,28950.49,28950,24353,28955,7200,28940,7018,28935,954
2020-06-04 09:38:49.140000,28950.49,28945,24353,28950,7200,28935,4818,28930,3188
2020-06-04 09:38:49.940000,28950.49,28945,24353,28950,7200,28935,4818,28930,3188
2020-06-04 09:38:50.940000,28945.87,28945,24353,28950,7200,28935,6918,28930,3188
2020-06-04 09:38:51.830000,28945.87,28950,2200,28955,26553,28945,4818,28940,954
2020-06-04 09:38:52.530000,28945.87,28955,26553,28960,7200,28945,4818,28940,954
2020-06-04 09:38:53.230000,28945.87,28955,24353,28960,7200,28945,4818,28940,954
2020-06-04 09:38:54.830000,28945.87,28950,24353,28955,7200,28940,4818,28935,3214
2020-06-04 09:38:55.640000,28945.87,28950,24353,28955,7200,28940,4818,28935,3214
2020-06-04 09:38:56.430000,28945.87,28950,24353,28955,7200,28940,4818,28935,3214
2020-06-04 09:38:57.230000,28945.87,28950,24353,28955,7200,28940,4818,28935,3214
2020-06-04 09:38:57.930000,28945.87,28950,24353,28955,7200,28940,4818,28935,3214
2020-06-04 09:38:58.530000,28945.87,28950,24353,28955,7200,28940,4818,28935,3214
2020-06-04 09:38:59.230000,28945.87,28950,24353,28955,7200,28940,4818,28935,3214
2020-06-04 09:38:59.820000,28949.25,28950,24353,28955,7200,28940,4818,28935,3214
2020-06-04 09:39:00.640000,28949.25,28945,19353,28950,7200,28935,7078,28930,8188
2020-06-04 09:39:01.430000,28949.25,28940,26553,28945,7200,28930,4852,28925,988
2020-06-04 09:39:03.140000,28949.25,28945,26553,28950,7200,28935,4818,28930,3188
2020-06-04 09:39:03.930000,28949.25,28945,24353,28950,7200,28935,4818,28930,3188
2020-06-04 09:39:04.760000,28949.25,28945,24353,28950,7200,28935,7018,28930,3188
2020-06-04 09:39:05.460000,28949.25,28950,26553,28955,7200,28940,4828,28935,3154
2020-06-04 09:39:06.280000,28949.25,28950,24353,28955,7200,28940,7028,28935,3154
2020-06-04 09:39:06.950000,28949.25,28950,24353,28955,7200,28940,7028,28935,3154
2020-06-04 09:39:07.670000,28949.25,28950,24353,28955,7200,28940,7028,28935,3154
2020-06-04 09:39:09.630000,28949.25,28950,24353,28955,7200,28940,4828,28935,3154
2020-06-04 09:39:10.430000,28946.54,28945,24353,28950,7200,28935,7018,28930,3188
2020-06-04 09:39:11.340000,28946.54,28945,24353,28950,7200,28935,4818,28930,3188
2020-06-04 09:39:12.840000,28946.54,28945,26353,28950,7200,28935,4820,28930,3188
2020-06-04 09:39:13.540000,28946.54,28945,24353,28950,7200,28935,4820,28930,3188
2020-06-04 09:39:14.330000,28946.54,28945,24343,28950,7200,28935,7020,28930,3188
2020-06-04 09:39:15.130000,28946.54,28945,24343,28950,7200,28935,6420,28930,3188
2020-06-04 09:39:15.830000,28946.54,28945,24343,28950,7200,28935,4820,28930,3188
2020-06-04 09:39:16.540000,28946.54,28945,24343,28950,7200,28935,4820,28930,3188
2020-06-04 09:39:17.070000,28946.54,28945,24343,28950,7200,28935,4820,28930,3188
2020-06-04 09:39:19.040000,28946.54,28940,26516,28945,7200,28935,2,28930,7052
2020-06-04 09:39:19.830000,28946.54,28935,1900,28940,24316,28930,4852,28925,988
2020-06-04 09:39:20.540000,28968.71,28935,2200,28940,24316,28930,4852,28925,988
2020-06-04 09:39:21.240000,28968.71,28945,24306,28950,7200,28935,7018,28930,988
2020-06-04 09:39:22.040000,28968.71,28945,24306,28950,7200,28935,7018,28930,988
2020-06-04 09:39:23.430000,28968.71,28945,26506,28950,7200,28935,7018,28930,988
2020-06-04 09:39:24.130000,28968.71,28945,24306,28950,7200,28935,7018,28930,988
2020-06-04 09:39:24.830000,28968.71,28935,26704,28940,5000,28930,34,28925,4852
2020-06-04 09:39:25.630000,28968.71,28925,5483,28930,18833,28920,24819,28915,21365
2020-06-04 09:39:26.530000,28968.71,28925,26506,28930,5000,28915,6183,28910,1127
2020-06-04 09:39:28.530000,28968.71,28920,26516,28925,7190,28915,265,28910,4991
2020-06-04 09:39:29.430000,28939.13,28920,7683,28925,21023,28915,4818,28910,2373
2020-06-04 09:39:30.330000,28939.13,28925,26506,28930,5000,28915,7018,28910,3327
2020-06-04 09:39:31.140000,28939.13,28925,26506,28930,5000,28915,4818,28910,3327
2020-06-04 09:39:31.930000,28939.13,28925,24316,28930,4990,28915,4818,28910,3327
2020-06-04 09:39:32.730000,28939.13,28915,2500,28920,24306,28910,7191,28905,954
2020-06-04 09:39:33.530000,28939.13,28915,2500,28920,24306,28910,4991,28905,954
2020-06-04 09:39:34.340000,28939.13,28910,2500,28915,28843,28905,4818,28900,1870
2020-06-04 09:39:35.930000,28939.13,28905,4818,28910,28833,28900,5734,28895,954
2020-06-04 09:39:36.530000,28939.13,28910,9691,28915,28843,28905,9636,28900,1870
2020-06-04 09:39:37.340000,28939.13,28910,2501,28915,28843,28905,9636,28900,1870
2020-06-04 09:39:37.930000,28939.13,28910,2501,28915,28843,28905,9597,28900,1870
2020-06-04 09:39:38.630000,28939.13,28910,2501,28915,28843,28905,9597,28900,1870
2020-06-04 09:39:39.320000,28939.13,28910,2501,28915,28843,28905,9597,28900,1870
2020-06-04 09:39:40.030000,28936.54,28910,2501,28915,28843,28905,9597,28900,1870
2020-06-04 09:39:40.930000,28936.54,28915,2500,28920,24134,28910,4818,28905,5733
2020-06-04 09:39:41.840000,28936.54,28915,28843,28920,4991,28905,9617,28900,1870
2020-06-04 09:39:42.630000,28936.54,28915,26643,28920,4991,28905,9617,28900,1870
2020-06-04 09:39:43.540000,28936.54,28915,26643,28920,4991,28905,9617,28900,1870
2020-06-04 09:39:44.340000,28936.54,28915,26643,28920,4991,28905,9617,28900,1870
2020-06-04 09:39:45.840000,28936.54,28915,26641,28920,4991,28910,4818,28905,4799
2020-06-04 09:39:46.540000,28936.54,28915,26641,28920,4991,28905,9617,28900,1870
2020-06-04 09:39:47.340000,28936.54,28915,26641,28920,4991,28905,9459,28900,1870
2020-06-04 09:39:48.830000,28936.54,28915,26641,28920,4991,28905,9493,28900,1870
2020-06-04 09:39:49.430000,28936.54,28915,26641,28920,4991,28905,9494,28900,1870
2020-06-04 09:39:50.230000,28937.02,28910,24133,28915,7498,28905,55,28900,5590
2020-06-04 09:39:51.030000,28937.02,28905,24088,28910,4990,28900,916,28895,4674
2020-06-04 09:39:51.940000,28937.02,28895,5000,28900,24078,28890,24716,28885,20954
2020-06-04 09:39:52.830000,28937.02,28895,24088,28900,4990,28885,4674,28880,1049
2020-06-04 09:39:53.830000,28937.02,28890,24078,28895,5000,28880,4769,28875,966
2020-06-04 09:39:54.730000,28937.02,28885,23993,28890,4990,28875,4686,28870,1726
2020-06-04 09:39:55.620000,28937.02,28885,23993,28890,4990,28875,4686,28870,1057
2020-06-04 09:39:56.530000,28937.02,28885,23993,28890,4990,28875,4686,28870,1057
2020-06-04 09:39:57.440000,28937.02,28885,23993,28890,4990,28875,4686,28870,1057
2020-06-04 09:39:59.030000,28930.43,28880,4990,28885,23993,28875,4686,28870,103
2020-06-04 09:39:59.830000,28930.43,28890,23983,28895,5000,28880,9664,28875,966
2020-06-04 09:40:00.730000,28930.43,28890,23983,28895,5000,28880,9614,28875,966
2020-06-04 09:40:01.640000,28930.43,28885,23993,28890,4990,28880,4940,28875,4686
2020-06-04 09:40:03.330000,28930.43,28885,23993,28890,4990,28880,4940,28875,4686
2020-06-04 09:40:04.140000,28930.43,28885,23993,28890,4990,28875,4686,28870,1057
2020-06-04 09:40:04.930000,28930.43,28895,23993,28900,4990,28885,4674,28880,954
2020-06-04 09:40:05.840000,28930.43,28900,23983,28905,5000,28890,4674,28885,954
2020-06-04 09:40:06.730000,28930.43,28910,23983,28915,27498,28900,4674,28895,954
2020-06-04 09:40:07.730000,28930.43,28910,23983,28915,7498,28905,142,28900,6200
2020-06-04 09:40:08.640000,28930.43,28915,2498,28920,23984,28910,6200,28905,1096
2020-06-04 09:40:09.530000,28930.43,28920,23983,28925,5000,28910,8400,28905,1096
2020-06-04 09:40:10.430000,28931.31,28915,10159,28920,18823,28905,6342,28900,954
2020-06-04 09:40:11.340000,28931.31,28925,1,28930,23984,28915,7154,28910,5000
2020-06-04 09:40:12.230000,28931.31,28930,23984,28935,5297,28920,6199,28915,954
2020-06-04 09:40:13.340000,28931.31,28935,298,28940,23985,28930,6199,28925,954
2020-06-04 09:40:14.430000,28931.31,28940,23981,28945,5000,28930,6199,28925,954
2020-06-04 09:40:15.340000,28931.31,28940,23981,28945,5000,28930,6199,28925,954
2020-06-04 09:40:16.230000,28931.31,28935,23988,28940,4992,28930,2,28925,6199
2020-06-04 09:40:17.130000,28931.31,28940,11202,28945,4991,28935,6200,28930,2202
2020-06-04 09:40:18.020000,28931.31,28940,11202,28945,4991,28930,8401,28925,954
2020-06-04 09:40:18.930000,28931.31,28940,11202,28945,4991,28930,8401,28925,954
2020-06-04 09:40:19.730000,28951.51,28935,11190,28940,7202,28930,6201,28920,954
2020-06-04 09:40:20.540000,28951.51,28925,1,28930,17399,28920,6199,28915,954
2020-06-04 09:40:21.340000,28951.51,28925,2200,28930,17407,28920,6199,28915,954
2020-06-04 09:40:22.130000,28951.51,28930,17407,28935,7190,28920,6199,28915,954
2020-06-04 09:40:22.930000,28951.51,28930,17407,28935,7190,28920,6199,28910,25954
2020-06-04 09:40:23.630000,28951.51,28925,11190,28930,11207,28915,6199,28910,954
2020-06-04 09:40:24.420000,28951.51,28925,13390,28930,11207,28915,6199,28910,954
2020-06-04 09:40:25.830000,28951.51,28915,562,28920,13400,28910,6200,28905,1296
2020-06-04 09:40:26.630000,28951.51,28910,6200,28915,13352,28905,6542,28900,954
2020-06-04 09:40:27.530000,28951.51,28915,13352,28920,7200,28905,6342,28900,954
2020-06-04 09:40:28.330000,28951.51,28920,2200,28925,13390,28915,6200,28910,954
2020-06-04 09:40:29.130000,28951.51,28925,33444,28930,5008,28915,6200,28910,954
2020-06-04 09:40:29.940000,28946.62,28925,31244,28930,5008,28915,6200,28910,954
2020-06-04 09:40:30.830000,28946.62,28925,31244,28930,5008,28915,6200,28910,954
2020-06-04 09:40:31.530000,28946.62,28920,50,28925,31244,28915,6200,28910,954
2020-06-04 09:40:32.230000,28946.62,28920,2150,28925,31244,28915,6200,28910,954
2020-06-04 09:40:32.830000,28946.62,28920,8350,28925,25044,28910,9246,28905,7246
2020-06-04 09:40:33.640000,28946.62,28920,2150,28925,31244,28915,6192,28910,3054
2020-06-04 09:40:34.330000,28946.62,28925,6201,28930,25054,28920,6192,28915,3054
2020-06-04 09:40:35.030000,28946.62,28920,6192,28925,33345,28915,8292,28910,3055
2020-06-04 09:40:35.730000,28946.62,28925,2101,28930,31254,28915,7146,28910,7101
2020-06-04 09:40:36.440000,28946.62,28925,33345,28930,5000,28915,6192,28910,3055
2020-06-04 09:40:37.140000,28946.62,28925,8301,28930,25054,28920,6192,28915,954
2020-06-04 09:40:37.830000,28946.62,28925,8301,28930,25054,28915,7154,28910,7101
2020-06-04 09:40:38.530000,28946.62,28925,8301,28930,25054,28915,7154,28910,7101
2020-06-04 09:40:39.140000,28946.62,28925,8301,28930,25054,28920,6200,28915,954
2020-06-04 09:40:40.440000,28934.64,28925,8301,28930,25054,28920,6200,28915,954
2020-06-04 09:40:41.030000,28934.64,28925,31242,28930,5000,28915,8300,28910,3055
2020-06-04 09:40:41.930000,28934.64,28930,6198,28935,25044,28920,7154,28915,7100
2020-06-04 09:40:42.730000,28934.64,28935,31242,28940,5003,28925,6200,28920,3054
2020-06-04 09:40:43.530000,28934.64,28935,31242,28940,5003,28925,6200,28920,3054
2020-06-04 09:40:44.320000,28934.64,28935,31242,28940,5003,28925,6200,28920,3054
2020-06-04 09:40:45.000000,28934.64,28935,6198,28940,25057,28930,6200,28925,3054
2020-06-04 09:40:45.820000,28934.64,28940,3,28945,31243,28935,12398,28930,3054
2020-06-04 09:40:46.640000,28934.64,28940,6201,28945,25045,28930,9254,28925,7100
2020-06-04 09:40:47.320000,28934.64,28940,6201,28945,25045,28930,9254,28925,7100
2020-06-04 09:40:48.040000,28934.64,28935,31242,28940,5002,28925,8302,28920,16672
2020-06-04 09:40:48.730000,28934.64,28935,6198,28940,25056,28925,7156,28920,7100
2020-06-04 09:40:49.430000,28956.83,28930,6198,28935,25044,28925,6202,28920,3054
2020-06-04 09:40:50.340000,28956.83,28930,6198,28935,25054,28925,8302,28920,3054
2020-06-04 09:40:51.130000,28956.83,28935,31252,28940,5002,28930,6198,28925,6202
2020-06-04 09:40:51.930000,28956.83,28935,31252,28940,5002,28925,2,28920,9254
2020-06-04 09:40:52.630000,28956.83,28930,6198,28935,25054,28925,6202,28920,3054
2020-06-04 09:40:53.430000,28956.83,28930,6198,28935,25054,28925,6202,28920,3054
2020-06-04 09:40:54.730000,28956.83,28930,6198,28935,25054,28925,6182,28920,3054
2020-06-04 09:40:55.340000,28956.83,28930,6198,28935,25054,28925,6193,28920,3054
2020-06-04 09:40:55.930000,28956.83,28930,26252,28935,5000,28920,6182,28915,8054
2020-06-04 09:40:56.730000,28956.83,28935,31252,28940,5002,28925,6182,28920,954
2020-06-04 09:40:58.230000,28956.83,28940,31254,28945,4991,28930,6182,28925,954
2020-06-04 09:40:58.930000,28956.83,28940,31254,28945,4991,28930,6182,28925,954
2020-06-04 09:40:59.840000,28943.91,28940,31254,28945,4991,28930,6182,28925,954
2020-06-04 09:41:00.630000,28943.91,28940,6200,28945,25045,28930,6182,28925,5954
2020-06-04 09:41:01.430000,28943.91,28940,31254,28945,4991,28930,6035,28925,954
2020-06-04 09:41:02.130000,28943.91,28935,6198,28940,25056,28930,6035,28925,954
2020-06-04 09:41:02.930000,28943.91,28930,1900,28935,31242,28925,6035,28920,954
2020-06-04 09:41:03.630000,28943.91,28935,31242,28940,5002,28925,6035,28920,954
2020-06-04 09:41:05.130000,28943.91,28940,31254,28945,4991,28930,6035,28925,954
2020-06-04 09:41:06.040000,28943.91,28940,2,28945,31243,28935,6035,28930,957
2020-06-04 09:41:06.930000,28943.91,28945,6196,28950,25234,28940,1,28935,6989
2020-06-04 09:41:07.930000,28943.91,28950,26434,28955,4990,28945,496,28940,6036
2020-06-04 09:41:08.830000,28943.91,28950,31434,28955,4990,28940,6036,28935,954
2020-06-04 09:41:09.740000,28958.92,28950,31434,28955,4990,28940,6036,28935,954
2020-06-04 09:41:10.430000,28958.92,28950,31434,28955,4990,28940,6036,28935,954
2020-06-04 09:41:11.920000,28958.92,28950,6380,28955,25044,28945,6035,28940,955
2020-06-04 09:41:12.740000,28958.92,28950,31434,28955,4990,28940,6036,28935,954
2020-06-04 09:41:13.630000,28958.92,28945,31244,28950,5180,28935,6035,28930,20957
2020-06-04 09:41:14.440000,28958.92,28940,31254,28945,4990,28930,26038,28925,21031
2020-06-04 09:41:15.130000,28958.92,28935,6200,28940,25054,28930,6038,28925,1031
2020-06-04 09:41:15.920000,28958.92,28940,31254,28945,4990,28930,6038,28925,1031
2020-06-04 09:41:16.740000,28958.92,28940,6200,28945,25047,28930,6992,28925,5077
2020-06-04 09:41:18.130000,28958.92,28940,31254,28945,4993,28930,6038,28925,1031
2020-06-04 09:41:19.630000,28977.64,28940,31254,28945,4993,28930,6038,28925,1031
2020-06-04 09:41:20.940000,28977.64,28945,31247,28950,5180,28935,6035,28930,957
2020-06-04 09:41:21.730000,28977.64,28945,31247,28950,5180,28935,6035,28930,957
2020-06-04 09:41:22.530000,28977.64,28940,6200,28945,25047,28935,6035,28930,957
2020-06-04 09:41:23.330000,28977.64,28930,6197,28935,31079,28925,6112,28920,954
2020-06-04 09:41:24.120000,28977.64,28935,6197,28940,25054,28925,7066,28920,5000
2020-06-04 09:41:24.940000,28977.64,28940,31251,28945,4993,28930,6035,28925,1031
2020-06-04 09:41:25.620000,28977.64,28940,31251,28945,4993,28930,6035,28925,1031
2020-06-04 09:41:26.330000,28977.64,28935,26251,28940,5000,28925,6112,28920,5954
2020-06-04 09:41:27.020000,28977.64,28935,6197,28940,25054,28925,7066,28920,5000
2020-06-04 09:41:27.730000,28977.64,28945,31244,28950,5180,28935,6035,28930,954
2020-06-04 09:41:28.520000,28977.64,28945,31244,28950,5180,28935,6035,28930,954
2020-06-04 09:41:30.020000,28965.53,28945,31244,28950,5180,28935,6035,28930,954
2020-06-04 09:41:30.740000,28965.53,28945,3,28950,31431,28940,6035,28935,954
2020-06-04 09:41:32.420000,28965.53,28945,6197,28950,25234,28940,6035,28935,954
2020-06-04 09:41:33.130000,28965.53,28945,6197,28950,25234,28935,6989,28930,5000
2020-06-04 09:41:33.830000,28965.53,28950,31431,28955,4990,28940,6035,28935,954
2020-06-04 09:41:34.530000,28965.53,28945,6197,28950,25234,28940,6035,28935,954
2020-06-04 09:41:35.130000,28965.53,28950,31431,28955,4990,28940,6035,28935,964
2020-06-04 09:41:36.340000,28965.53,28945,31241,28950,5180,28935,6045,28930,954
2020-06-04 09:41:36.940000,28965.53,28950,6367,28955,25044,28940,6989,28935,5010
2020-06-04 09:41:37.550000,28965.53,28950,6367,28955,25044,28945,6035,28940,954
2020-06-04 09:41:38.230000,28965.53,28950,180,28955,31231,28945,6035,28940,954
2020-06-04 09:41:38.840000,28981.48,28950,80,28955,31231,28945,6035,28940,954
2020-06-04 09:41:41.330000,28981.48,28950,80,28955,31231,28945,6035,28940,954
2020-06-04 09:41:41.940000,28981.48,28950,80,28955,31231,28945,6035,28940,954
2020-06-04 09:41:42.530000,28981.48,28955,26241,28960,5006,28945,6035,28940,5954
2020-06-04 09:41:43.330000,28981.48,28955,31231,28960,5006,28945,6035,28940,954
2020-06-04 09:41:44.730000,28981.48,28950,6187,28955,25044,28940,6989,28935,5010
2020-06-04 09:41:45.330000,28981.48,28950,31241,28955,4990,28940,6035,28935,964
2020-06-04 09:41:45.940000,28981.48,28950,31241,28955,4990,28940,6035,28935,964
2020-06-04 09:41:46.640000,28981.48,28950,6187,28955,25044,28940,6989,28935,5010
2020-06-04 09:41:47.330000,28981.48,28950,31241,28955,4990,28940,6035,28935,964
2020-06-04 09:41:48.030000,28981.48,28955,31231,28960,5006,28945,6035,28940,954
2020-06-04 09:41:48.650000,28981.48,28950,6187,28955,25044,28945,6035,28940,954
2020-06-04 09:41:51.930000,28958.22,28950,31241,28955,4990,28940,6035,28935,964
2020-06-04 09:41:52.640000,28958.22,28950,31241,28955,4990,28945,10,28940,6035
2020-06-04 09:41:53.320000,28958.22,28945,6187,28950,25054,28935,6045,28930,5954
2020-06-04 09:41:54.030000,28958.22,28950,31241,28955,4990,28940,6035,28935,964
2020-06-04 09:41:54.930000,28958.22,28955,6187,28960,25060,28945,6989,28940,5000
2020-06-04 09:41:55.930000,28958.22,28955,31231,28960,5006,28945,6035,28940,954
2020-06-04 09:41:56.730000,28958.22,28950,6187,28955,25044,28945,6035,28940,954
2020-06-04 09:41:57.530000,28958.22,28955,6187,28960,25060,28945,6989,28940,5000
2020-06-04 09:41:58.340000,28958.22,28955,31231,28960,5006,28945,6035,28940,954
2020-06-04 09:41:59.020000,28958.22,28950,6187,28955,25044,28945,6035,28940,954
2020-06-04 09:41:59.840000,28985.76,28950,6187,28955,25044,28940,7154,28935,5010
2020-06-04 09:42:00.630000,28985.76,28960,6193,28965,25049,28950,7154,28945,5000
2020-06-04 09:42:01.430000,28985.76,28960,6,28965,31236,28955,6200,28950,954
2020-06-04 09:42:02.330000,28985.76,28970,6191,28975,25044,28960,7436,28955,5000
2020-06-04 09:42:03.240000,28985.76,28970,4,28975,31231,28965,6200,28960,1236
2020-06-04 09:42:04.130000,28985.76,28970,6187,28975,25044,28965,6200,28960,1236
2020-06-04 09:42:05.030000,28985.76,28970,6187,28975,25044,28960,7436,28955,5000
2020-06-04 09:42:05.830000,28985.76,28975,31231,28980,5052,28965,6200,28960,1236
2020-06-04 09:42:06.630000,28985.76,28975,31231,28980,5052,28965,6200,28960,1236
2020-06-04 09:42:07.420000,28985.76,28980,31293,28985,4990,28970,6200,28965,954
2020-06-04 09:42:08.240000,28985.76,28980,6239,28985,25044,28975,6200,28970,954
2020-06-04 09:42:08.920000,28985.76,28980,6239,28985,25044,28970,7154,28965,5000
2020-06-04 09:42:09.700000,28991.09,28980,6239,28985,25044,28970,7154,28965,5000
2020-06-04 09:42:10.440000,28991.09,28980,6239,28985,25044,28970,7154,28965,5000
2020-06-04 09:42:11.230000,28991.09,28980,31293,28985,4990,28970,6200,28965,954
2020-06-04 09:42:12.030000,28991.09,28975,6187,28980,25106,28970,6200,28965,954
2020-06-04 09:42:12.720000,28991.09,28970,5068,28975,26241,28965,6200,28960,6236
2020-06-04 09:42:13.430000,28991.09,28980,31293,28985,4990,28965,7154,28960,5282
2020-06-04 09:42:14.130000,28991.09,28980,31293,28985,4990,28970,6200,28965,954
2020-06-04 09:42:14.930000,28991.09,28980,31293,28985,4990,28970,6220,28965,954
2020-06-04 09:42:15.730000,28991.09,28980,31293,28985,4990,28970,6220,28965,954
2020-06-04 09:42:16.690000,28991.09,28980,31293,28985,4990,28970,6220,28965,954
2020-06-04 09:42:17.830000,28991.09,28980,31293,28985,4990,28970,6220,28965,954
2020-06-04 09:42:18.540000,28991.09,28980,31293,28985,4990,28970,4920,28965,954
2020-06-04 09:42:19.130000,28991.09,28975,6187,28980,25106,28970,20,28965,5854
2020-06-04 09:42:19.830000,28988.13,28975,6187,28980,25106,28970,20,28965,5854
2020-06-04 09:42:20.430000,28988.13,28980,31293,28985,4990,28970,4920,28965,954
2020-06-04 09:42:21.130000,28988.13,28975,6187,28980,25106,28970,4920,28965,954
2020-06-04 09:42:21.830000,28988.13,28970,6486,28975,25044,28960,6136,28955,5000
2020-06-04 09:42:22.650000,28988.13,28970,6187,28975,25044,28965,4900,28960,1236
2020-06-04 09:42:23.330000,28988.13,28970,6187,28975,25044,28960,6136,28955,5000
2020-06-04 09:42:24.040000,28988.13,28970,6187,28975,25044,28960,6136,28955,5000
2020-06-04 09:42:24.630000,28988.13,28970,6575,28975,25044,28960,6136,28955,5000
2020-06-04 09:42:25.220000,28988.13,28970,388,28975,6187,28965,5854,28960,5282
2020-06-04 09:42:25.930000,28988.13,28975,6187,28980,25106,28970,4612,28965,954
2020-06-04 09:42:26.540000,28988.13,28975,6187,28980,25106,28970,4612,28965,954
2020-06-04 09:42:27.330000,28988.13,28975,6187,28980,25106,28970,6200,28965,954
2020-06-04 09:42:28.040000,28988.13,28970,11234,28975,25044,28965,6205,28960,1236
2020-06-04 09:42:28.630000,28988.13,28970,11234,28975,25044,28965,6205,28960,1236
2020-06-04 09:42:29.330000,28980.11,28965,11229,28970,25104,28960,282,28955,7154
2020-06-04 09:42:30.130000,28980.11,28965,6187,28970,25104,28960,282,28955,7154
2020-06-04 09:42:30.740000,28980.11,28970,31291,28975,4990,28960,6482,28955,954
2020-06-04 09:42:32.540000,28980.11,28970,6237,28975,25044,28960,7436,28955,5000
2020-06-04 09:42:33.930000,28980.11,28970,50,28975,6187,28965,6200,28960,6236
2020-06-04 09:42:34.630000,28980.11,28970,50,28975,31231,28965,6200,28960,1236
2020-06-04 09:42:35.330000,28980.11,28970,6237,28975,25044,28965,6200,28960,1236
2020-06-04 09:42:36.030000,28980.11,28965,1399,28970,6232,28960,7436,28955,5000
2020-06-04 09:42:36.630000,28980.11,28970,6232,28975,25049,28965,6200,28960,1236
2020-06-04 09:42:37.830000,28980.11,28970,6232,28975,25049,28965,6200,28960,1236
2020-06-04 09:42:38.630000,28980.11,28970,45,28975,31236,28965,6200,28960,1236
2020-06-04 09:42:39.240000,28980.11,28970,45,28975,31236,28965,6200,28960,1236
2020-06-04 09:42:39.920000,28993.36,28970,45,28975,31236,28965,6200,28960,1236
2020-06-04 09:42:41.240000,28993.36,28970,6232,28975,25049,28965,6200,28960,1236
2020-06-04 09:42:41.830000,28993.36,28970,6232,28975,25049,28965,6200,28960,1236
2020-06-04 09:42:42.530000,28993.36,28970,45,28975,6212,28965,7159,28960,5282
2020-06-04 09:42:43.240000,28993.36,28970,45,28975,31256,28965,6206,28960,1236
2020-06-04 09:42:45.230000,28993.36,28965,3400,28970,6232,28960,7436,28955,25000
2020-06-04 09:42:45.830000,28993.36,28970,6233,28975,25069,28960,7436,28955,5000
2020-06-04 09:42:46.440000,28993.36,28965,6187,28970,25100,28960,282,28955,7154
2020-06-04 09:42:47.030000,28993.36,28960,6005,28965,25044,28955,6214,28950,20954
2020-06-04 09:42:47.730000,28993.36,28960,6000,28965,25044,28955,14,28950,27154
2020-06-04 09:42:48.330000,28993.36,28960,31054,28965,4990,28950,6200,28945,954
2020-06-04 09:42:49.060000,28993.36,28955,6000,28960,25054,28950,6200,28945,954
2020-06-04 09:42:49.730000,28988.98,28955,6000,28960,25099,28950,6200,28945,954
2020-06-04 09:42:50.530000,28988.98,28955,6000,28960,25099,28950,6200,28945,954
2020-06-04 09:42:51.230000,28988.98,28960,31099,28965,4990,28950,6200,28945,954
2020-06-04 09:42:51.940000,28988.98,28955,6000,28960,25099,28950,6200,28945,954
2020-06-04 09:42:52.530000,28988.98,28955,6000,28960,25099,28945,7154,28940,5000
2020-06-04 09:42:53.260000,28988.98,28955,6000,28960,25099,28945,7154,28940,5000
2020-06-04 09:42:53.940000,28988.98,28955,6000,28960,25099,28950,6200,28945,954
2020-06-04 09:42:54.730000,28988.98,28955,6000,28960,25099,28945,7154,28940,5000
2020-06-04 09:42:55.360000,28988.98,28955,6000,28960,25099,28950,6200,28945,954
2020-06-04 09:42:55.930000,28988.98,28960,31099,28965,4990,28950,6200,28945,954
2020-06-04 09:42:56.530000,28988.98,28960,6045,28965,25044,28950,7154,28945,5000
2020-06-04 09:42:57.230000,28988.98,28965,6000,28970,25055,28960,6200,28955,954
2020-06-04 09:42:57.930000,28988.98,28965,6000,28970,25055,28960,6200,28955,954
2020-06-04 09:42:58.730000,28988.98,28965,6000,28970,25055,28960,6200,28955,954
2020-06-04 09:42:59.530000,28989.74,28970,31055,28975,5015,28960,6200,28955,954
2020-06-04 09:43:00.430000,28989.74,28970,1,28975,31069,28965,6200,28960,954
2020-06-04 09:43:01.230000,28989.74,28970,1,28975,31069,28965,6200,28960,954
2020-06-04 09:43:02.030000,28989.74,28970,1,28975,31069,28965,6200,28960,954
2020-06-04 09:43:02.640000,28989.74,28975,31069,28980,5012,28965,6200,28960,954
2020-06-04 09:43:03.240000,28989.74,28975,31069,28980,5012,28965,6200,28960,954
2020-06-04 09:43:03.820000,28989.74,28970,31054,28975,5015,28960,6200,28955,954
2020-06-04 09:43:04.530000,28989.74,28970,6000,28975,25069,28960,7154,28955,5000
2020-06-04 09:43:05.230000,28989.74,28970,6000,28975,25069,28965,6200,28960,954
2020-06-04 09:43:05.930000,28989.74,28970,6000,28975,25069,28960,7154,28955,5000
2020-06-04 09:43:06.430000,28989.74,28970,6000,28975,25069,28965,6200,28960,954
2020-06-04 09:43:06.960000,28989.74,28975,31069,28980,5012,28965,6200,28960,954
2020-06-04 09:43:07.630000,28989.74,28970,6000,28975,25069,28960,7154,28955,5002
2020-06-04 09:43:08.340000,28989.74,28970,6000,28975,25069,28960,7154,28955,5002
2020-06-04 09:43:09.130000,28989.74,28970,6000,28975,25069,28960,7154,28955,5002
2020-06-04 09:43:10.020000,28995.19,28970,6000,28975,25069,28960,7154,28955,5002
2020-06-04 09:43:10.730000,28995.19,28970,6000,28975,25069,28960,7154,28955,5002
2020-06-04 09:43:11.340000,28995.19,28970,6000,28975,25069,28960,7154,28955,5002
2020-06-04 09:43:12.630000,28995.19,28970,5950,28975,25069,28960,7154,28955,5002
2020-06-04 09:43:13.230000,28995.19,28970,5950,28975,25069,28960,7154,28955,5002
2020-06-04 09:43:13.800000,28995.19,28970,5950,28975,25069,28965,6200,28960,954
2020-06-04 09:43:14.330000,28995.19,28970,5950,28975,25069,28965,6200,28960,954
2020-06-04 09:43:14.930000,28995.19,28970,5950,28975,25069,28960,7009,28955,5002
2020-06-04 09:43:15.540000,28995.19,28970,5960,28975,25069,28960,7009,28955,5002
2020-06-04 09:43:16.130000,28995.19,28970,31014,28975,5015,28960,6055,28955,956
2020-06-04 09:43:16.720000,28995.19,28965,5950,28970,25064,28955,6961,28950,5000
2020-06-04 09:43:17.430000,28995.19,28960,5950,28965,25044,28955,2,28950,6959
2020-06-04 09:43:17.930000,28995.19,28960,31004,28965,4990,28950,6005,28945,20954
2020-06-04 09:43:18.720000,28995.19,28955,30994,28960,5000,28945,6005,28940,954
2020-06-04 09:43:19.430000,28969.79,28955,5950,28960,25054,28945,6959,28940,5000
2020-06-04 09:43:20.220000,28969.79,28965,10940,28970,25064,28955,6959,28945,5000
2020-06-04 09:43:21.040000,28969.79,28965,5950,28970,25064,28955,6959,28950,5000
2020-06-04 09:43:21.830000,28969.79,28965,5950,28970,25064,28960,6005,28955,954
2020-06-04 09:43:22.540000,28969.79,28965,5950,28970,25064,28955,6959,28950,5000
2020-06-04 09:43:23.130000,28969.79,28970,31014,28975,5015,28960,6005,28955,954
2020-06-04 09:43:23.740000,28969.79,28965,5950,28970,25064,28960,6005,28955,954
2020-06-04 09:43:24.220000,28969.79,28960,5818,28965,30994,28955,6005,28950,954
2020-06-04 09:43:24.830000,28969.79,28960,5818,28965,30994,28955,6005,28950,954
2020-06-04 09:43:25.430000,28969.79,28955,5018,28960,33504,28950,6005,28945,954
2020-06-04 09:43:26.030000,28969.79,28955,30994,28960,7500,28945,6005,28940,14572
2020-06-04 09:43:26.740000,28969.79,28955,5950,28960,27554,28945,6954,28940,18618
2020-06-04 09:43:27.330000,28969.79,28960,33504,28965,4990,28950,6000,28945,954
2020-06-04 09:43:27.940000,28969.79,28955,5950,28960,27554,28950,6000,28945,954
2020-06-04 09:43:29.030000,28969.79,28955,30994,28960,7500,28945,6000,28940,954
2020-06-04 09:43:29.630000,28972.44,28950,5950,28955,25044,28940,6953,28935,5000
2020-06-04 09:43:30.440000,28972.44,28950,5950,28955,25044,28940,6953,28935,5000
2020-06-04 09:43:31.130000,28972.44,28955,30994,28960,7500,28945,6000,28940,953
2020-06-04 09:43:31.830000,28972.44,28955,30994,28960,7500,28945,6000,28940,953
2020-06-04 09:43:33.330000,28972.44,28950,5950,28955,25093,28940,6953,28935,5000
2020-06-04 09:43:35.730000,28972.44,28950,31004,28955,5039,28940,6000,28935,953
2020-06-04 09:43:36.440000,28972.44,28950,5950,28955,25093,28940,6953,28935,5000
2020-06-04 09:43:37.030000,28972.44,28945,30993,28950,5000,28935,6000,28930,953
2020-06-04 09:43:37.830000,28972.44,28935,30993,28940,5000,28925,26077,28920,14573
2020-06-04 09:43:38.640000,28972.44,28930,31004,28935,4989,28920,6002,28915,3053
2020-06-04 09:43:39.530000,28965.77,28925,10939,28930,25054,28915,8100,28910,3054
2020-06-04 09:43:40.440000,28965.77,28925,5950,28930,25054,28915,6953,28910,7101
2020-06-04 09:43:41.330000,28965.77,28925,30993,28930,5000,28915,6000,28910,3054
2020-06-04 09:43:42.940000,28965.77,28920,5950,28925,25043,28915,6000,28910,3054
2020-06-04 09:43:43.620000,28965.77,28925,30993,28930,5000,28915,6000,28910,3054
2020-06-04 09:43:44.430000,28965.77,28925,30993,28930,5000,28915,6000,28910,3054
2020-06-04 09:43:45.230000,28965.77,28925,30993,28930,5000,28915,6000,28910,3054
2020-06-04 09:43:46.640000,28965.77,28925,30993,28930,5000,28915,6000,28910,3054
2020-06-04 09:43:47.320000,28965.77,28925,5950,28930,25059,28920,6000,28915,953
2020-06-04 09:43:48.030000,28965.77,28925,30993,28930,5005,28915,6034,28910,3054
2020-06-04 09:43:48.640000,28965.77,28925,5950,28930,25059,28915,6987,28910,7101
2020-06-04 09:43:49.230000,28965.77,28930,31009,28935,4989,28920,6000,28915,987
2020-06-04 09:43:49.820000,28963.34,28930,31009,28935,4989,28920,6000,28915,987
2020-06-04 09:43:50.480000,28963.34,28930,31009,28935,4989,28920,6000,28915,987
2020-06-04 09:43:53.030000,28963.34,28925,30993,28930,5005,28915,6034,28910,3054
2020-06-04 09:43:53.730000,28963.34,28925,30993,28930,5005,28915,6034,28910,3054
2020-06-04 09:43:54.930000,28963.34,28920,5808,28925,25043,28915,6034,28910,3054
2020-06-04 09:43:55.630000,28963.34,28920,30862,28925,4989,28910,8101,28905,3057
2020-06-04 09:43:56.340000,28963.34,28920,5808,28925,25043,28915,6000,28910,3054
2020-06-04 09:43:57.130000,28963.34,28925,30851,28930,5005,28915,6000,28910,3054
2020-06-04 09:43:57.730000,28963.34,28925,30851,28930,5005,28915,6000,28910,3054
2020-06-04 09:43:58.520000,28963.34,28930,30867,28935,4989,28920,6000,28915,953
2020-06-04 09:43:59.340000,28947.3,28920,5808,28925,25043,28915,6000,28910,3054
2020-06-04 09:44:00.020000,28947.3,28920,5808,28925,25043,28910,9054,28905,22063
2020-06-04 09:44:00.840000,28947.3,28925,5808,28930,25059,28915,6953,28910,7101
2020-06-04 09:44:01.440000,28947.3,28925,5808,28930,25059,28915,6953,28910,7101
2020-06-04 09:44:02.520000,28947.3,28925,5808,28930,25059,28915,6953,28910,7101
2020-06-04 09:44:03.740000,28947.3,28925,5808,28930,25084,28915,6953,28910,7101
2020-06-04 09:44:04.330000,28947.3,28920,5808,28925,25043,28910,9054,28905,7104
2020-06-04 09:44:05.040000,28947.3,28915,5808,28920,25054,28910,6001,28905,3057
2020-06-04 09:44:05.740000,28947.3,28915,5808,28920,25054,28910,6001,28905,3057
2020-06-04 09:44:06.330000,28947.3,28915,5808,28920,25054,28910,1,28905,9057
2020-06-04 09:44:06.930000,28947.3,28915,5808,28920,25054,28910,6001,28905,3057
2020-06-04 09:44:07.680000,28947.3,28920,30862,28925,4989,28910,6001,28905,3057
2020-06-04 09:44:08.130000,28947.3,28915,5808,28920,25054,28910,1,28905,9057
2020-06-04 09:44:08.830000,28947.3,28910,5808,28915,25043,28905,6004,28900,953
2020-06-04 09:44:09.540000,28947.3,28915,5808,28920,25054,28910,6200,28905,957
2020-06-04 09:44:10.330000,28927.4,28925,5808,28930,25084,28915,12008,28910,5953
2020-06-04 09:44:11.130000,28927.4,28930,30,28935,25808,28925,7153,28920,5000
2020-06-04 09:44:12.220000,28927.4,28935,5808,28940,25062,28925,7153,28920,5000
2020-06-04 09:44:13.130000,28927.4,28935,5808,28940,25062,28925,7153,28920,5000
2020-06-04 09:44:13.930000,28927.4,28930,5808,28935,25043,28920,7153,28915,5708
2020-06-04 09:44:15.920000,28927.4,28925,5808,28930,25054,28915,7861,28910,5000
2020-06-04 09:44:16.630000,28927.4,28920,5808,28925,25043,28915,6200,28910,953
2020-06-04 09:44:17.330000,28927.4,28920,5808,28925,25043,28910,7153,28905,18622
2020-06-04 09:44:17.920000,28927.4,28920,5808,28930,25054,28915,6200,28910,5953
2020-06-04 09:44:18.740000,28927.4,28920,5808,28925,25043,28910,7153,28905,5004
2020-06-04 09:44:20.240000,28945.93,28925,5808,28930,25054,28915,7153,28910,5000
2020-06-04 09:44:21.130000,28945.93,28930,5808,28935,25043,28920,7153,28915,5000
2020-06-04 09:44:21.920000,28945.93,28925,5808,28930,25054,28915,7153,28910,19959
2020-06-04 09:44:22.630000,28945.93,28925,5808,28930,25054,28915,7153,28910,19959
2020-06-04 09:44:23.830000,28945.93,28930,5808,28935,25043,28920,7153,28915,5000
2020-06-04 09:44:24.420000,28945.93,28925,5808,28930,25054,28915,7153,28910,5000
2020-06-04 09:44:25.230000,28945.93,28925,5808,28930,25054,28915,7153,28910,5000
2020-06-04 09:44:25.830000,28945.93,28930,5808,28935,25043,28920,7153,28915,5000
2020-06-04 09:44:26.530000,28945.93,28930,5808,28935,25043,28920,7153,28915,5000
2020-06-04 09:44:27.120000,28945.93,28930,5808,28935,25043,28920,7153,28915,5000
2020-06-04 09:44:28.390000,28945.93,28925,5808,28930,25054,28915,7153,28910,19959
2020-06-04 09:44:28.830000,28942.74,28925,5808,28930,25058,28915,7153,28910,19959
2020-06-04 09:44:29.440000,28942.74,28925,5798,28930,25058,28915,7153,28910,5000
2020-06-04 09:44:32.730000,28942.74,28930,5802,28935,25043,28920,7153,28915,5000
2020-06-04 09:44:33.530000,28942.74,28930,5802,28935,25043,28920,7153,28915,5000
2020-06-04 09:44:34.120000,28942.74,28930,4,28935,30841,28925,6200,28920,953
2020-06-04 09:44:34.930000,28942.74,28930,5802,28935,25043,28920,7153,28915,5034
2020-06-04 09:44:35.620000,28942.74,28930,5802,28935,25043,28920,7153,28915,5034
