time,nav,sell1,sell1_cnt,sell2,sell2_cnt,buy1,buy1_cnt,buy2,buy2_cnt
2020-06-08 09:24:26.750000,0.0,5965,420909,5970,371902,5960,15954,5955,474457
2020-06-08 09:24:27.280000,5962.94,5965,420909,5970,371902,5960,15844,5955,474457
2020-06-08 09:24:27.950000,5961.88,5965,420021,5970,371902,5960,16044,5955,475549
2020-06-08 09:24:28.740000,5960.86,5965,420021,5970,371902,5960,118620,5955,438810
2020-06-08 09:24:29.510000,5960.86,5965,420011,5970,371902,5960,118620,5955,438820
2020-06-08 09:24:30.250000,5961.85,5965,419981,5970,371902,5960,16024,5955,475559
2020-06-08 09:24:30.980000,5961.85,5965,419981,5970,371902,5960,16024,5955,475559
2020-06-08 09:24:31.740000,5961.85,5965,420086,5970,371902,5960,16707,5955,475559
2020-06-08 09:24:33.040000,5961.85,5960,1181,5965,420086,5955,475559,5950,373269
2020-06-08 09:24:33.960000,5961.85,5960,64482,5965,419086,5955,475559,5950,373270
2020-06-08 09:24:34.200000,5961.85,5960,73663,5965,419086,5955,475559,5950,373270
2020-06-08 09:24:35.070000,5961.85,5960,373014,5965,305922,5955,402395,5950,446434
2020-06-08 09:24:36.130000,5961.85,5960,421556,5965,305922,5955,365396,5950,447434
2020-06-08 09:24:37.160000,5961.85,5960,422374,5965,305922,5955,18340,5950,487434
2020-06-08 09:24:38.200000,5960.86,5960,422163,5965,306422,5955,21601,5950,487434
2020-06-08 09:24:39.240000,5956.75,5960,421321,5965,308422,5955,115396,5950,450695
2020-06-08 09:24:40.290000,5956.75,5960,421332,5965,308427,5955,265396,5950,450695
2020-06-08 09:24:40.760000,5957.75,5960,421332,5965,309427,5955,165396,5950,450695
2020-06-08 09:24:41.850000,5957.75,5960,422306,5965,309437,5955,165396,5950,450695
2020-06-08 09:24:42.880000,5957.75,5960,422306,5965,309437,5955,165396,5950,450695
2020-06-08 09:24:43.380000,5957.75,5960,422806,5965,309437,5955,266396,5950,450700
2020-06-08 09:24:44.460000,5957.75,5960,422806,5965,309437,5955,266338,5950,450700
2020-06-08 09:24:44.950000,5957.75,5960,422806,5965,309437,5955,366338,5950,450700
2020-06-08 09:24:45.680000,5957.75,5960,422956,5965,309437,5955,266338,5950,450700
2020-06-08 09:24:46.550000,5957.75,5960,422956,5965,309442,5955,366338,5950,450700
2020-06-08 09:24:47.610000,5957.75,5960,422956,5965,309442,5955,366338,5950,450700
2020-06-08 09:24:48.080000,5958.8,5960,422856,5965,309442,5955,366338,5950,457390
2020-06-08 09:24:49.160000,5958.74,5960,423056,5965,309342,5955,366538,5950,457440
2020-06-08 09:24:49.580000,5957.81,5960,373884,5965,309542,5955,403548,5950,457440
2020-06-08 09:24:50.280000,5958.8,5960,373854,5965,309542,5955,403548,5950,457440
2020-06-08 09:24:51.270000,5958.8,5960,422576,5965,309542,5955,366548,5950,457440
2020-06-08 09:24:52.330000,5958.8,5960,422576,5965,309542,5955,366548,5950,457440
2020-06-08 09:24:52.770000,5958.8,5960,422576,5965,309542,5955,366548,5950,457440
2020-06-08 09:24:53.910000,5958.8,5960,422576,5965,309542,5955,366648,5950,457440
2020-06-08 09:24:54.370000,5958.8,5960,422576,5965,309542,5955,366648,5950,457440
2020-06-08 09:24:55.480000,5958.8,5960,422776,5965,309542,5955,366648,5950,457440
2020-06-08 09:24:55.980000,5958.8,5960,374044,5965,309542,5955,403648,5950,457440
2020-06-08 09:24:57.050000,5958.8,5960,374044,5965,309542,5955,403148,5950,457450
2020-06-08 09:24:58.050000,5957.75,5960,123280,5965,422706,5955,476312,5950,384286
2020-06-08 09:24:58.380000,5958.77,5960,125280,5965,420706,5955,476312,5950,387200
2020-06-08 09:24:59.140000,5958.8,5960,375444,5965,307542,5955,403148,5950,460364
2020-06-08 09:25:00.190000,5958.8,5960,374444,5965,307542,5955,403148,5950,460364
2020-06-08 09:25:00.680000,5958.83,5960,124280,5965,420806,5955,476412,5950,387200
2020-06-08 09:25:01.770000,5958.83,5960,73099,5965,420806,5955,476412,5950,387032
2020-06-08 09:25:02.810000,5958.83,5960,13049,5965,420806,5955,476712,5950,386832
2020-06-08 09:25:03.300000,5958.83,5960,117200,5965,422886,5955,478412,5950,386832
2020-06-08 09:25:04.380000,5958.83,5960,120461,5965,422886,5955,476712,5950,386832
2020-06-08 09:25:04.870000,5958.83,5960,428625,5965,309722,5955,402748,5950,459996
2020-06-08 09:25:05.950000,5958.83,5960,428245,5965,309722,5955,402748,5950,459996
2020-06-08 09:25:06.380000,5958.83,5960,477941,5965,309722,5955,365448,5950,459996
2020-06-08 09:25:07.280000,5960.8,5960,429269,5965,310222,5955,402448,5950,459996
2020-06-08 09:25:08.570000,5960.83,5960,179104,5965,423386,5955,475612,5950,386832
2020-06-08 09:25:08.920000,5959.8,5960,430292,5965,310222,5955,402448,5950,459996
2020-06-08 09:25:10.140000,5959.8,5960,430387,5965,310222,5955,402448,5950,459996
2020-06-08 09:25:10.500000,5958.83,5960,479109,5965,310222,5955,365448,5950,459996
2020-06-08 09:25:11.740000,5958.83,5960,151513,5965,423386,5955,475612,5950,386832
2020-06-08 09:25:12.780000,5958.83,5960,401517,5965,310222,5955,404128,5950,462996
2020-06-08 09:25:13.250000,5958.83,5960,401518,5965,310222,5955,404128,5950,463496
2020-06-08 09:25:14.380000,5958.83,5960,151354,5965,423464,5955,477292,5950,390332
2020-06-08 09:25:14.780000,5958.83,5960,151354,5965,423464,5955,477292,5950,390337
2020-06-08 09:25:15.480000,5958.83,5960,401518,5965,310300,5955,404128,5950,463501
2020-06-08 09:25:16.460000,5958.83,5960,151288,5965,423464,5955,478792,5950,390347
2020-06-08 09:25:17.500000,5958.83,5965,423464,5970,373074,5960,3261,5955,477741
2020-06-08 09:25:18.540000,5959.8,5960,400,5965,423464,5955,480541,5950,392037
2020-06-08 09:25:19.100000,5958.8,5960,14690,5965,423464,5955,477941,5950,392037
2020-06-08 09:25:20.090000,5960.83,5960,185218,5965,423464,5955,477941,5950,392037
2020-06-08 09:25:20.470000,5960.8,5960,185218,5965,423464,5955,477941,5950,392037
2020-06-08 09:25:21.670000,5960.8,5960,435582,5965,310300,5955,404777,5950,465201
2020-06-08 09:25:22.080000,5960.8,5960,436321,5965,310300,5955,404757,5950,465201
2020-06-08 09:25:23.230000,5960.8,5960,439572,5965,310300,5955,404760,5950,465201
2020-06-08 09:25:24.290000,5960.8,5960,191356,5965,422216,5955,477924,5950,392037
2020-06-08 09:25:25.300000,5960.8,5960,231456,5965,382216,5955,477924,5950,392037
2020-06-08 09:25:25.650000,5960.8,5960,190376,5965,422216,5955,477924,5950,392037
2020-06-08 09:25:26.410000,5960.8,5960,230337,5965,382216,5955,404671,5950,465251
2020-06-08 09:25:27.460000,5960.8,5960,440501,5965,309052,5955,404671,5950,465251
2020-06-08 09:25:28.510000,5959.83,5960,190337,5965,423605,5955,478020,5950,392087
2020-06-08 09:25:28.880000,5959.83,5960,440501,5965,310441,5955,405108,5950,465251
2020-06-08 09:25:30.060000,5959.8,5960,440165,5965,310441,5955,405108,5950,465251
2020-06-08 09:25:30.390000,5959.8,5960,488867,5965,310441,5955,368108,5950,465251
2020-06-08 09:25:31.180000,5959.8,5960,488873,5965,310441,5955,368208,5950,465251
2020-06-08 09:25:32.200000,5959.8,5960,440151,5965,310441,5955,405208,5950,465251
2020-06-08 09:25:33.310000,5959.8,5960,488873,5965,310441,5955,368208,5950,465261
2020-06-08 09:25:34.290000,5959.8,5960,487030,5965,310441,5955,368208,5950,465261
2020-06-08 09:25:34.530000,5959.8,5960,487030,5965,310441,5955,368408,5950,465261
2020-06-08 09:25:35.340000,5958.8,5960,492020,5965,310441,5955,368408,5950,465261
2020-06-08 09:25:36.340000,5958.8,5960,492060,5965,310441,5955,368408,5950,465261
2020-06-08 09:25:36.730000,5958.8,5960,492055,5965,310441,5955,268407,5950,465261
2020-06-08 09:25:37.420000,5958.77,5960,492065,5965,310441,5955,268407,5950,465261
2020-06-08 09:25:38.450000,5957.78,5960,492065,5965,310441,5955,268407,5950,465261
2020-06-08 09:25:38.900000,5957.78,5960,492075,5965,310441,5955,365408,5950,465261
2020-06-08 09:25:40.150000,5957.78,5960,492075,5965,310441,5955,265408,5950,465261
2020-06-08 09:25:40.450000,5956.75,5960,492175,5965,310441,5955,265408,5950,465261
2020-06-08 09:25:41.220000,5956.75,5960,492175,5965,310441,5955,18352,5950,502000
2020-06-08 09:25:42.190000,5956.75,5960,492175,5965,310441,5955,17693,5950,502000
2020-06-08 09:25:43.240000,5956.75,5960,492176,5965,310441,5955,170,5950,502000
2020-06-08 09:25:43.620000,5956.75,5960,492376,5965,392844,5950,502000,5945,356879
2020-06-08 09:25:44.420000,5956.75,5960,492376,5965,392874,5955,10,5950,502000
2020-06-08 09:25:45.380000,5956.75,5960,492376,5965,392874,5955,8064,5950,502000
2020-06-08 09:25:46.410000,5956.75,5955,227435,5960,492376,5950,502000,5945,356879
2020-06-08 09:25:46.640000,5956.75,5955,227435,5960,492376,5950,502000,5945,356879
2020-06-08 09:25:47.450000,5955.75,5955,78,5960,492298,5950,502000,5945,356879
2020-06-08 09:25:48.500000,5955.72,5960,492227,5965,390940,5950,502000,5945,356879
2020-06-08 09:25:48.900000,5956.75,5955,138361,5960,497227,5950,501999,5945,356879
2020-06-08 09:25:50.070000,5956.75,5960,497227,5965,390939,5950,501999,5945,356879
2020-06-08 09:25:50.430000,5955.72,5960,497074,5965,390939,5955,180,5950,502174
2020-06-08 09:25:51.680000,5955.72,5955,800,5960,497074,5950,502181,5945,356879
2020-06-08 09:25:51.950000,5955.72,5955,800,5960,497074,5950,502181,5945,356879
2020-06-08 09:25:52.720000,5955.72,5955,324189,5960,457374,5950,384017,5945,430043
2020-06-08 09:25:53.780000,5955.72,5955,497315,5960,384210,5950,383967,5945,430043
2020-06-08 09:25:54.270000,5955.72,5955,499263,5960,382262,5950,381967,5945,430043
2020-06-08 09:25:55.340000,5955.72,5955,499243,5960,382482,5950,382067,5945,430043
2020-06-08 09:25:56.350000,5955.72,5955,498787,5960,386050,5950,382031,5945,430043
2020-06-08 09:25:56.710000,5955.72,5955,498827,5960,386210,5950,382031,5945,430043
2020-06-08 09:25:57.950000,5955.75,5955,236979,5960,499374,5950,492195,5945,356879
2020-06-08 09:25:58.340000,5953.67,5955,498827,5960,386010,5950,381671,5945,430043
2020-06-08 09:25:59.550000,5953.7,5955,498827,5960,386010,5950,381671,5945,430043
2020-06-08 09:25:59.910000,5953.7,5955,498825,5960,386010,5950,381672,5945,430043
2020-06-08 09:26:00.640000,5953.7,5955,498825,5960,386510,5950,381722,5945,430044
2020-06-08 09:26:01.660000,5953.7,5955,498825,5960,386510,5950,278361,5945,430044
2020-06-08 09:26:02.710000,5953.7,5955,498825,5960,388510,5950,281622,5945,430044
2020-06-08 09:26:03.740000,5953.7,5955,498820,5960,388710,5950,322548,5945,433305
2020-06-08 09:26:04.190000,5953.7,5955,498820,5960,388710,5950,272548,5945,433305
2020-06-08 09:26:05.360000,5953.7,5955,498820,5960,388710,5950,272548,5945,433306
2020-06-08 09:26:05.720000,5953.7,5955,498820,5960,388710,5950,106278,5945,470045
2020-06-08 09:26:06.480000,5953.7,5955,498780,5960,388710,5950,11836,5945,470045
2020-06-08 09:26:07.450000,5951.65,5955,498780,5960,388710,5950,236336,5945,433309
2020-06-08 09:26:08.500000,5951.62,5955,498780,5960,388710,5950,374730,5945,433309
2020-06-08 09:26:09.080000,5951.62,5955,499780,5960,390511,5950,372730,5945,434309
2020-06-08 09:26:10.070000,5951.62,5955,499780,5960,390511,5950,474423,5945,434509
2020-06-08 09:26:11.130000,5952.67,5955,499780,5960,390511,5950,474433,5945,434509
2020-06-08 09:26:11.580000,5952.67,5955,499780,5960,390511,5950,474432,5945,434509
2020-06-08 09:26:12.690000,5952.67,5955,499763,5960,390511,5950,474432,5945,434509
2020-06-08 09:26:13.240000,5952.67,5955,499863,5960,390511,5950,474832,5945,434509
2020-06-08 09:26:14.240000,5952.67,5955,499863,5960,390511,5950,476632,5945,434509
2020-06-08 09:26:15.260000,5952.67,5955,499863,5960,390511,5950,476632,5945,434509
2020-06-08 09:26:15.600000,5952.67,5955,499863,5960,390511,5950,477632,5945,434509
2020-06-08 09:26:16.430000,5952.67,5955,238115,5960,503830,5950,587796,5945,361345
2020-06-08 09:26:17.270000,5953.67,5955,238115,5960,503830,5950,587801,5945,361355
2020-06-08 09:26:18.480000,5953.67,5955,238115,5960,504992,5950,587759,5945,361355
2020-06-08 09:26:19.000000,5954.67,5955,238115,5960,504992,5950,587759,5945,361355
2020-06-08 09:26:20.040000,5954.7,5955,238115,5960,504992,5950,587759,5945,361355
2020-06-08 09:26:21.060000,5954.7,5955,238115,5960,504992,5950,587761,5945,361355
2020-06-08 09:26:21.340000,5954.7,5955,201115,5960,504992,5950,587761,5945,361355
2020-06-08 09:26:22.140000,5954.7,5955,499975,5960,391828,5950,477597,5945,434520
2020-06-08 09:26:23.180000,5954.7,5955,503965,5960,391828,5950,482037,5945,435520
2020-06-08 09:26:23.640000,5954.7,5955,503965,5960,391828,5950,482037,5945,435520
2020-06-08 09:26:24.760000,5954.7,5955,503985,5960,391828,5950,482037,5945,435520
2020-06-08 09:26:25.270000,5954.7,5955,503980,5960,391728,5950,482037,5945,435520
2020-06-08 09:26:26.370000,5954.7,5955,503980,5960,391778,5950,474674,5945,435520
2020-06-08 09:26:26.800000,5954.7,5955,242132,5960,504942,5950,584843,5945,364356
2020-06-08 09:26:27.920000,5954.7,5955,503980,5960,391778,5950,474729,5945,437520
2020-06-08 09:26:28.310000,5953.67,5955,242182,5960,504942,5950,584893,5945,364456
2020-06-08 09:26:29.490000,5954.67,5955,241661,5960,504942,5950,584893,5945,364456
2020-06-08 09:26:29.780000,5954.67,5955,503509,5960,391778,5950,474729,5945,437620
2020-06-08 09:26:30.580000,5954.67,5955,503509,5960,391578,5950,474719,5945,437620
2020-06-08 09:26:32.180000,5954.67,5955,503509,5960,391578,5950,474719,5945,437620
2020-06-08 09:26:33.140000,5954.67,5955,503509,5960,391578,5950,474721,5945,437620
2020-06-08 09:26:33.640000,5954.67,5955,503509,5960,391578,5950,474721,5945,437620
2020-06-08 09:26:34.370000,5954.67,5955,503509,5960,391578,5950,476126,5945,439620
2020-06-08 09:26:35.260000,5954.67,5955,503509,5960,391628,5950,476126,5945,439620
2020-06-08 09:26:36.290000,5954.67,5955,503509,5960,391628,5950,476304,5945,439620
2020-06-08 09:26:36.530000,5954.67,5955,503509,5960,391658,5950,476304,5945,439620
2020-06-08 09:26:37.320000,5952.64,5955,503509,5960,391658,5950,476304,5945,439620
2020-06-08 09:26:37.840000,5952.67,5955,503505,5960,391658,5950,476304,5945,439620
2020-06-08 09:26:38.950000,5953.67,5955,503505,5960,391658,5950,473764,5945,439620
2020-06-08 09:26:39.400000,5953.67,5955,503505,5960,391658,5950,475764,5945,439620
2020-06-08 09:26:40.510000,5953.64,5955,503555,5960,393658,5950,475764,5945,439620
2020-06-08 09:26:41.550000,5953.64,5955,503555,5960,393658,5950,475764,5945,439620
2020-06-08 09:26:41.970000,5953.64,5955,503555,5960,393658,5950,475756,5945,439620
2020-06-08 09:26:43.100000,5953.64,5955,503555,5960,393658,5950,479756,5945,439620
2020-06-08 09:26:44.150000,5953.64,5955,503501,5960,393658,5950,479755,5945,439620
2020-06-08 09:26:44.470000,5953.64,5955,503501,5960,393648,5950,379755,5945,439620
2020-06-08 09:26:45.730000,5953.64,5955,503501,5960,393648,5950,379645,5945,439620
2020-06-08 09:26:46.140000,5953.64,5955,503501,5960,393648,5950,379606,5945,439620
2020-06-08 09:26:47.280000,5953.64,5955,503401,5960,393648,5950,379656,5945,439620
2020-06-08 09:26:47.680000,5953.61,5955,503688,5960,393648,5950,479656,5945,439620
2020-06-08 09:26:48.860000,5952.61,5955,503688,5960,393648,5950,479617,5945,439620
2020-06-08 09:26:49.120000,5952.61,5955,503888,5960,393448,5950,379617,5945,439622
2020-06-08 09:26:50.360000,5953.64,5955,503890,5960,393448,5950,479617,5945,439622
2020-06-08 09:26:50.680000,5952.67,5955,503890,5960,393448,5950,479627,5945,439622
2020-06-08 09:26:51.640000,5952.67,5955,504901,5960,393448,5950,479539,5945,439622
2020-06-08 09:26:52.570000,5952.67,5955,243053,5960,506612,5950,589702,5945,366458
2020-06-08 09:26:53.680000,5952.67,5955,272453,5960,506612,5950,589594,5945,366558
2020-06-08 09:26:54.180000,5952.67,5955,273220,5960,506612,5950,589594,5945,427775
2020-06-08 09:26:55.250000,5952.67,5955,535068,5960,393448,5950,479662,5945,500949
2020-06-08 09:26:56.260000,5952.67,5955,535068,5960,393448,5950,479662,5945,500949
2020-06-08 09:26:56.570000,5952.67,5955,535068,5960,393278,5950,479595,5945,500950
2020-06-08 09:26:57.350000,5953.64,5955,536896,5960,393278,5950,478300,5945,500950
2020-06-08 09:26:58.360000,5955.69,5955,536896,5960,393278,5950,478350,5945,500950
2020-06-08 09:26:58.740000,5952.67,5955,536896,5960,393278,5950,478334,5945,500950
2020-06-08 09:26:59.440000,5952.67,5955,536896,5960,393278,5950,483234,5945,500950
2020-06-08 09:27:00.430000,5952.64,5955,536895,5960,393278,5950,483234,5945,500950
2020-06-08 09:27:00.820000,5952.64,5955,536895,5960,393278,5950,383234,5945,500950
2020-06-08 09:27:01.670000,5952.64,5955,536895,5960,393278,5950,283234,5945,500950
2020-06-08 09:27:02.630000,5952.64,5955,536894,5960,393278,5950,284904,5945,501050
2020-06-08 09:27:03.480000,5952.64,5955,537884,5960,393278,5950,384864,5945,501050
2020-06-08 09:27:04.620000,5952.64,5955,537884,5960,393278,5950,384864,5945,501050
2020-06-08 09:27:05.080000,5952.64,5955,537928,5960,393278,5950,284864,5945,501050
2020-06-08 09:27:06.230000,5952.64,5955,537928,5960,393278,5950,385110,5945,501050
2020-06-08 09:27:06.710000,5952.64,5955,537928,5960,393278,5950,285059,5945,501050
2020-06-08 09:27:07.800000,5951.62,5955,537928,5960,393278,5950,385059,5945,501050
2020-06-08 09:27:09.360000,5952.64,5955,537927,5960,393278,5950,492457,5945,501050
2020-06-08 09:27:09.800000,5952.64,5955,537927,5960,393278,5950,491357,5945,501050
2020-06-08 09:27:10.930000,5953.67,5955,537927,5960,393278,5950,491257,5945,501050
2020-06-08 09:27:11.370000,5953.67,5955,537927,5960,393278,5950,491268,5945,501050
2020-06-08 09:27:12.490000,5953.67,5955,537927,5960,393278,5950,491268,5945,501050
2020-06-08 09:27:13.520000,5953.67,5955,538427,5960,393278,5950,491570,5945,501050
2020-06-08 09:27:14.550000,5953.67,5955,538427,5960,393278,5950,491520,5945,501050
2020-06-08 09:27:14.910000,5953.67,5955,538427,5960,393278,5950,491520,5945,501050
2020-06-08 09:27:15.610000,5953.67,5955,538527,5960,393278,5950,491520,5945,501050
2020-06-08 09:27:16.660000,5953.67,5955,538527,5960,393288,5950,491520,5945,501050
2020-06-08 09:27:16.860000,5953.67,5955,538526,5960,393288,5950,491520,5945,501050
2020-06-08 09:27:17.700000,5953.67,5955,538525,5960,393288,5950,491009,5945,501050
2020-06-08 09:27:18.270000,5953.67,5955,538525,5960,393288,5950,391040,5945,501050
2020-06-08 09:27:19.260000,5952.64,5955,538525,5960,393288,5950,494571,5945,501058
2020-06-08 09:27:20.320000,5952.64,5955,538725,5960,393288,5950,494581,5945,501058
2020-06-08 09:27:20.670000,5952.61,5955,538725,5960,393288,5950,490581,5945,501058
2020-06-08 09:27:21.840000,5952.61,5955,538825,5960,393288,5950,490581,5945,501058
2020-06-08 09:27:22.140000,5952.61,5955,538894,5960,393288,5950,490581,5945,501060
2020-06-08 09:27:22.940000,5952.61,5955,538944,5960,393288,5950,491581,5945,501060
2020-06-08 09:27:23.980000,5952.61,5955,538944,5960,393288,5950,491681,5945,501060
2020-06-08 09:27:24.210000,5952.61,5955,538955,5960,393288,5950,391681,5945,501060
2020-06-08 09:27:25.000000,5952.61,5955,538955,5960,393288,5950,391681,5945,501260
2020-06-08 09:27:26.040000,5952.61,5955,538956,5960,393338,5950,391682,5945,501260
2020-06-08 09:27:26.280000,5952.61,5955,538956,5960,393338,5950,488890,5945,501261
2020-06-08 09:27:27.120000,5953.64,5955,538956,5960,392839,5950,387501,5945,501261
2020-06-08 09:27:28.140000,5953.67,5955,540012,5960,392874,5950,388347,5945,501261
2020-06-08 09:27:28.440000,5952.64,5955,540012,5960,392874,5950,488347,5945,501261
2020-06-08 09:27:29.220000,5952.61,5955,540012,5960,392874,5950,388297,5945,501261
2020-06-08 09:27:30.230000,5952.61,5955,540012,5960,392874,5950,388307,5945,501261
2020-06-08 09:27:30.510000,5952.64,5955,538892,5960,392874,5950,488307,5945,501261
2020-06-08 09:27:31.310000,5952.64,5955,542062,5960,392874,5950,490107,5945,501261
2020-06-08 09:27:32.350000,5952.64,5955,541990,5960,392946,5950,490107,5945,501761
2020-06-08 09:27:32.840000,5952.64,5955,541990,5960,392946,5950,490107,5945,501761
2020-06-08 09:27:33.940000,5952.64,5955,541990,5960,392946,5950,495007,5945,440544
2020-06-08 09:27:34.320000,5952.64,5955,541990,5960,392946,5950,495007,5945,440544
2020-06-08 09:27:35.130000,5952.64,5955,542829,5960,392946,5950,503189,5945,440544
2020-06-08 09:27:36.050000,5952.64,5955,543149,5960,392946,5950,503190,5945,440544
2020-06-08 09:27:37.060000,5952.64,5955,543149,5960,392946,5950,503207,5945,440544
2020-06-08 09:27:37.270000,5953.64,5955,278131,5960,506110,5950,613321,5945,367380
2020-06-08 09:27:38.140000,5953.64,5955,543240,5960,392946,5950,503190,5945,440544
2020-06-08 09:27:38.600000,5953.64,5955,543240,5960,392946,5950,506158,5945,440544
2020-06-08 09:27:39.720000,5954.67,5955,281381,5960,506110,5950,616479,5945,367380
2020-06-08 09:27:39.970000,5954.7,5955,241120,5960,507110,5950,616479,5945,367380
2020-06-08 09:27:41.260000,5954.7,5955,23792,5960,507110,5950,616479,5945,367380
2020-06-08 09:27:41.540000,5954.7,5955,23792,5960,507038,5950,616479,5945,367380
2020-06-08 09:27:42.350000,5954.7,5955,23792,5960,507038,5950,616479,5945,367380
2020-06-08 09:27:43.410000,5954.7,5955,23792,5960,507038,5950,616479,5945,367381
2020-06-08 09:27:43.570000,5954.7,5960,507038,5965,422530,5955,3261,5950,624479
2020-06-08 09:27:44.460000,5954.7,5960,507038,5965,422530,5955,8000,5950,624479
2020-06-08 09:27:45.510000,5954.7,5960,507038,5965,422530,5955,8100,5950,624479
2020-06-08 09:27:45.810000,5954.7,5960,504051,5965,422530,5955,5113,5950,624479
2020-06-08 09:27:46.560000,5954.7,5960,504051,5965,422530,5955,100,5950,624479
2020-06-08 09:27:47.600000,5956.72,5955,403,5960,504051,5950,624579,5945,367081
2020-06-08 09:27:47.910000,5956.72,5955,8403,5960,504051,5950,624579,5945,367081
2020-06-08 09:27:48.530000,5956.72,5955,8403,5960,503051,5950,624579,5945,367081
2020-06-08 09:27:49.270000,5955.72,5955,8383,5960,503051,5950,624579,5945,367081
2020-06-08 09:27:50.170000,5955.72,5955,8383,5960,503051,5950,624579,5945,367081
2020-06-08 09:27:50.580000,5955.72,5955,8382,5960,503051,5950,624579,5945,367081
2020-06-08 09:27:51.760000,5955.72,5955,8382,5960,503051,5950,616704,5945,367081
2020-06-08 09:27:51.970000,5955.72,5955,8381,5960,503081,5950,616704,5945,367081
2020-06-08 09:27:52.840000,5955.72,5955,8181,5960,503081,5950,616804,5945,367081
2020-06-08 09:27:53.890000,5955.72,5960,503081,5965,422030,5955,216419,5950,588065
2020-06-08 09:27:54.140000,5955.72,5960,503081,5965,422030,5955,216419,5950,588085
2020-06-08 09:27:54.950000,5955.72,5960,503081,5965,422030,5955,266419,5950,588085
2020-06-08 09:27:55.380000,5955.72,5960,503081,5965,422030,5955,266419,5950,588085
2020-06-08 09:27:55.920000,5955.72,5960,501081,5965,422030,5955,264441,5950,588085
2020-06-08 09:27:57.040000,5955.72,5960,501081,5965,422030,5955,264441,5950,588095
2020-06-08 09:27:57.290000,5956.69,5960,501081,5965,422030,5955,264441,5950,588095
2020-06-08 09:27:58.130000,5956.72,5960,501081,5965,422030,5955,8122,5950,624838
2020-06-08 09:27:58.540000,5957.72,5960,501081,5965,422030,5955,8023,5950,624838
2020-06-08 09:27:59.200000,5956.72,5960,501081,5965,422035,5955,8023,5950,624838
2020-06-08 09:28:00.220000,5955.72,5960,501081,5965,422035,5955,8023,5950,624838
2020-06-08 09:28:00.680000,5955.72,5955,228578,5960,501081,5950,616818,5945,367081
2020-06-08 09:28:01.820000,5955.72,5955,228578,5960,501081,5950,616818,5945,367071
2020-06-08 09:28:02.080000,5955.72,5955,228578,5960,501081,5950,616818,5945,367071
2020-06-08 09:28:02.930000,5955.72,5955,490426,5960,387917,5950,506654,5945,440235
2020-06-08 09:28:03.610000,5955.72,5955,490426,5960,387917,5950,506654,5945,440235
2020-06-08 09:28:05.410000,5955.72,5955,490021,5960,387917,5950,506249,5945,440235
2020-06-08 09:28:05.730000,5955.72,5955,490221,5960,387917,5950,506249,5945,440235
2020-06-08 09:28:06.510000,5955.72,5955,480221,5960,387917,5950,506249,5945,440235
2020-06-08 09:28:07.540000,5954.73,5955,215112,5960,501081,5950,616413,5945,367071
2020-06-08 09:28:07.970000,5953.67,5955,215112,5960,501081,5950,616423,5945,367071
2020-06-08 09:28:08.780000,5953.67,5955,215112,5960,501081,5950,616423,5945,367071
2020-06-08 09:28:09.660000,5954.67,5955,480221,5960,387917,5950,506259,5945,440235
2020-06-08 09:28:10.700000,5954.67,5955,218393,5960,501081,5950,616433,5945,367071
2020-06-08 09:28:10.950000,5954.67,5955,215231,5960,501081,5950,616436,5945,367071
2020-06-08 09:28:11.760000,5954.67,5955,178281,5960,501081,5950,616436,5945,367071
2020-06-08 09:28:12.790000,5954.67,5955,215281,5960,501081,5950,616436,5945,367071
2020-06-08 09:28:13.280000,5954.67,5955,218541,5960,501081,5950,616436,5945,367071
2020-06-08 09:28:14.380000,5954.67,5955,220348,5960,501081,5950,616436,5945,367071
2020-06-08 09:28:14.670000,5954.67,5955,220773,5960,501081,5950,616436,5945,367071
2020-06-08 09:28:15.430000,5954.67,5955,217912,5960,501081,5950,616426,5945,367071
2020-06-08 09:28:16.490000,5954.67,5955,217922,5960,501081,5950,616446,5945,367071
2020-06-08 09:28:16.660000,5954.67,5955,217872,5960,501081,5950,616446,5945,367071
2020-06-08 09:28:17.520000,5955.69,5955,228566,5960,501081,5950,616446,5945,367071
2020-06-08 09:28:17.880000,5955.72,5955,225872,5960,502081,5950,616446,5945,367071
2020-06-08 09:28:18.520000,5955.72,5955,229131,5960,502081,5950,610077,5945,367091
2020-06-08 09:28:19.610000,5955.72,5955,317853,5960,464081,5950,499913,5945,440255
2020-06-08 09:28:19.910000,5954.67,5955,225770,5960,504081,5950,610077,5945,367091
2020-06-08 09:28:20.640000,5954.67,5955,491379,5960,390917,5950,501583,5945,440255
2020-06-08 09:28:21.710000,5954.67,5955,491379,5960,390917,5950,506740,5945,440255
2020-06-08 09:28:22.750000,5954.67,5955,491379,5960,390917,5950,506340,5945,440255
2020-06-08 09:28:23.070000,5954.67,5955,491379,5960,390917,5950,506340,5945,440255
2020-06-08 09:28:24.340000,5954.67,5955,493379,5960,390967,5950,506340,5945,440255
2020-06-08 09:28:24.540000,5954.67,5955,493379,5960,390967,5950,506340,5945,440255
2020-06-08 09:28:25.410000,5954.67,5955,493379,5960,390967,5950,404125,5945,440255
2020-06-08 09:28:26.460000,5954.67,5955,493379,5960,390967,5950,506390,5945,440255
2020-06-08 09:28:26.740000,5954.67,5955,493379,5960,390967,5950,506390,5945,440255
2020-06-08 09:28:27.540000,5953.67,5955,493379,5960,391167,5950,506890,5945,440255
2020-06-08 09:28:28.570000,5952.64,5955,520827,5960,387167,5950,506890,5945,440255
2020-06-08 09:28:28.740000,5953.64,5955,521187,5960,387167,5950,507290,5945,439255
2020-06-08 09:28:29.640000,5953.64,5955,521187,5960,387167,5950,507288,5945,437255
2020-06-08 09:28:30.010000,5952.64,5955,521187,5960,387167,5950,507288,5945,437255
2020-06-08 09:28:30.760000,5952.64,5955,521187,5960,387167,5950,397876,5945,437255
2020-06-08 09:28:31.770000,5952.64,5955,521187,5960,387167,5950,500471,5945,437255
2020-06-08 09:28:31.980000,5952.64,5955,521187,5960,387187,5950,500471,5945,437255
2020-06-08 09:28:32.780000,5952.64,5955,521177,5960,387187,5950,500561,5945,437255
2020-06-08 09:28:33.350000,5952.64,5955,521177,5960,387587,5950,500561,5945,437255
2020-06-08 09:28:34.340000,5952.64,5955,521227,5960,387587,5950,500561,5945,437255
2020-06-08 09:28:35.400000,5952.64,5955,521143,5960,387587,5950,500660,5945,437255
2020-06-08 09:28:35.750000,5952.64,5955,521193,5960,387587,5950,500560,5945,437255
2020-06-08 09:28:36.420000,5952.64,5955,521693,5960,387587,5950,500560,5945,437255
2020-06-08 09:28:36.670000,5952.64,5955,521893,5960,387587,5950,500560,5945,437255
2020-06-08 09:28:37.470000,5952.64,5955,521891,5960,387587,5950,500560,5945,437255
2020-06-08 09:28:37.900000,5952.64,5955,521891,5960,388587,5950,400560,5945,437255
2020-06-08 09:28:38.370000,5952.61,5955,521991,5960,388587,5950,400560,5945,437255
2020-06-08 09:28:39.590000,5952.64,5955,530991,5960,388587,5950,500560,5945,437255
2020-06-08 09:28:39.810000,5952.64,5955,530991,5960,388587,5950,500560,5945,437255
2020-06-08 09:28:40.630000,5952.64,5955,530991,5960,388587,5950,500009,5945,437255
2020-06-08 09:28:41.070000,5952.64,5955,530991,5960,388587,5950,499837,5945,437255
2020-06-08 09:28:42.170000,5952.64,5955,532491,5960,388587,5950,499837,5945,437255
2020-06-08 09:28:42.340000,5952.64,5955,544700,5960,388587,5950,499938,5945,437255
2020-06-08 09:28:43.250000,5952.64,5955,544700,5960,388587,5950,500038,5945,437255
2020-06-08 09:28:43.470000,5952.64,5955,544700,5960,388587,5950,500038,5945,437255
2020-06-08 09:28:44.290000,5952.64,5955,544687,5960,388587,5950,499938,5945,437255
2020-06-08 09:28:44.780000,5952.64,5955,544980,5960,388587,5950,499938,5945,437255
2020-06-08 09:28:45.310000,5952.64,5955,545105,5960,388557,5950,499938,5945,437255
2020-06-08 09:28:46.380000,5952.64,5955,545095,5960,388557,5950,500038,5945,437255
2020-06-08 09:28:46.580000,5952.64,5955,545095,5960,388557,5950,499938,5945,437255
2020-06-08 09:28:47.670000,5953.64,5955,544995,5960,388557,5950,499938,5945,437255
2020-06-08 09:28:48.470000,5952.67,5955,545749,5960,388557,5950,400238,5945,437255
2020-06-08 09:28:48.940000,5952.67,5955,550749,5960,383557,5950,402238,5945,437255
2020-06-08 09:28:49.640000,5952.67,5955,551189,5960,383557,5950,502238,5945,437255
2020-06-08 09:28:50.560000,5952.61,5955,551189,5960,383557,5950,402238,5945,437255
2020-06-08 09:28:51.570000,5952.61,5955,551189,5960,383557,5950,502238,5945,437255
2020-06-08 09:28:51.750000,5952.61,5955,551189,5960,383557,5950,399126,5945,437256
2020-06-08 09:28:52.680000,5952.61,5955,551189,5960,383557,5950,400877,5945,437258
2020-06-08 09:28:53.670000,5952.61,5955,551189,5960,383557,5950,302492,5945,437258
2020-06-08 09:28:54.110000,5952.61,5955,551189,5960,383557,5950,402592,5945,437258
2020-06-08 09:28:55.280000,5952.61,5955,551189,5960,383557,5950,298751,5945,437258
2020-06-08 09:28:55.630000,5952.61,5955,551189,5960,383557,5950,298751,5945,437258
2020-06-08 09:28:57.070000,5952.61,5955,551189,5960,383557,5950,298751,5945,437258
2020-06-08 09:28:57.920000,5952.61,5955,551164,5960,383587,5950,265010,5945,437258
2020-06-08 09:28:59.750000,5951.65,5955,551164,5960,383587,5950,260010,5945,437258
2020-06-08 09:29:00.370000,5951.65,5955,551164,5960,383587,5950,260110,5945,437258
2020-06-08 09:29:01.550000,5951.65,5955,551664,5960,383587,5950,260126,5945,437258
2020-06-08 09:29:02.630000,5951.65,5955,551662,5960,383587,5950,46887,5945,473997
2020-06-08 09:29:03.130000,5951.65,5955,551662,5960,383587,5950,51626,5945,473997
2020-06-08 09:29:03.910000,5951.65,5950,215461,5955,551662,5945,474097,5940,416834
2020-06-08 09:29:04.720000,5951.65,5950,215615,5955,551508,5945,474097,5940,416834
2020-06-08 09:29:05.770000,5951.65,5950,486501,5955,429344,5945,363933,5940,489998
2020-06-08 09:29:06.300000,5951.65,5950,223985,5955,542508,5945,474098,5940,416834
2020-06-08 09:29:07.350000,5951.65,5950,227932,5955,538508,5945,474098,5940,416834
2020-06-08 09:29:07.790000,5949.56,5950,227927,5955,538508,5945,474098,5940,416834
2020-06-08 09:29:08.370000,5949.53,5950,227927,5955,538608,5945,474098,5940,416834
2020-06-08 09:29:09.460000,5949.5,5950,227927,5955,538608,5945,474098,5940,416834
2020-06-08 09:29:09.680000,5949.5,5950,232466,5955,538608,5945,474098,5940,416834
2020-06-08 09:29:10.500000,5949.53,5950,232166,5955,540608,5945,474148,5940,416834
2020-06-08 09:29:11.760000,5949.53,5950,499052,5955,427444,5945,363984,5940,489998
2020-06-08 09:29:12.610000,5949.53,5950,499052,5955,427444,5945,363988,5940,490008
2020-06-08 09:29:13.070000,5949.53,5950,499046,5955,427444,5945,363988,5940,490008
2020-06-08 09:29:14.170000,5949.53,5950,499046,5955,430304,5945,363797,5940,490008
2020-06-08 09:29:14.420000,5949.53,5950,499046,5955,430304,5945,363797,5940,490008
2020-06-08 09:29:15.230000,5949.53,5950,499066,5955,430304,5945,363807,5940,490008
2020-06-08 09:29:16.250000,5949.53,5950,499064,5955,430304,5945,363812,5940,490028
2020-06-08 09:29:16.470000,5949.53,5950,499064,5955,406856,5945,363739,5940,490028
2020-06-08 09:29:17.330000,5949.53,5950,237178,5955,520120,5945,473904,5940,416864
2020-06-08 09:29:18.340000,5949.53,5950,237178,5955,520120,5945,473924,5940,416864
2020-06-08 09:29:18.670000,5948.54,5950,200178,5955,520120,5945,473844,5940,416864
2020-06-08 09:29:19.480000,5949.53,5955,519852,5960,382891,5950,2766,5945,443215
2020-06-08 09:29:20.480000,5951.56,5955,520352,5960,382891,5950,6,5945,443214
2020-06-08 09:29:21.540000,5951.56,5955,520352,5960,382891,5950,187787,5945,445188
2020-06-08 09:29:21.880000,5951.56,5955,520352,5960,382891,5950,187438,5945,445390
2020-06-08 09:29:22.670000,5951.56,5955,520352,5960,382891,5950,5695,5945,451416
2020-06-08 09:29:23.660000,5951.56,5955,520352,5960,382891,5950,346761,5945,445390
2020-06-08 09:29:24.710000,5951.56,5955,520423,5960,382891,5950,346263,5945,445391
2020-06-08 09:29:24.970000,5951.56,5955,520423,5960,382891,5950,345263,5945,445391
2020-06-08 09:29:25.760000,5951.56,5955,520423,5960,382891,5950,345263,5945,445391
2020-06-08 09:29:26.750000,5951.56,5955,520423,5960,382891,5950,344923,5945,445391
2020-06-08 09:29:27.110000,5951.59,5955,521423,5960,381891,5950,12297,5945,452417
2020-06-08 09:29:28.330000,5952.64,5955,521423,5960,381891,5950,344873,5945,446391
2020-06-08 09:29:28.700000,5953.61,5955,521223,5960,381891,5950,344174,5945,446391
2020-06-08 09:29:29.400000,5952.61,5955,521223,5960,381891,5950,344174,5945,446401
2020-06-08 09:29:30.440000,5952.61,5955,521223,5960,381891,5950,344174,5945,446401
2020-06-08 09:29:30.770000,5952.61,5955,521223,5960,381891,5950,344149,5945,446401
2020-06-08 09:29:31.490000,5952.61,5955,521223,5960,381891,5950,344149,5945,446411
2020-06-08 09:29:32.540000,5952.61,5955,521223,5960,381891,5950,344166,5945,446661
2020-06-08 09:29:33.610000,5952.61,5955,521223,5960,381891,5950,444166,5945,446661
2020-06-08 09:29:33.740000,5952.61,5955,521223,5960,381891,5950,451335,5945,446661
2020-06-08 09:29:34.760000,5952.61,5955,49682,5960,495055,5950,561506,5945,373507
2020-06-08 09:29:35.700000,5952.61,5955,49682,5960,495055,5950,562526,5945,373507
2020-06-08 09:29:36.750000,5952.61,5955,203171,5960,494085,5950,563467,5945,373507
2020-06-08 09:29:37.800000,5953.64,5955,153171,5960,494085,5950,562326,5945,373507
2020-06-08 09:29:38.100000,5954.64,5955,153171,5960,494085,5950,562326,5945,373507
2020-06-08 09:29:38.820000,5956.72,5955,205553,5960,494055,5950,562326,5945,373507
2020-06-08 09:29:39.890000,5954.67,5955,205553,5960,494055,5950,562746,5945,373507
2020-06-08 09:29:40.240000,5955.66,5955,207213,5960,494055,5950,562746,5945,373507
2020-06-08 09:29:40.950000,5955.66,5955,207458,5960,494055,5950,562756,5945,373507
2020-06-08 09:29:41.990000,5955.66,5955,205106,5960,494055,5950,562756,5945,373509
2020-06-08 09:29:42.360000,5955.66,5955,168106,5960,494055,5950,562761,5945,373509
2020-06-08 09:29:43.540000,5955.66,5955,1935,5960,494055,5950,562681,5945,373509
2020-06-08 09:29:43.750000,5955.66,5955,9935,5960,494055,5950,562681,5945,373509
2020-06-08 09:29:44.630000,5955.66,5955,1935,5960,494223,5950,563119,5945,373509
2020-06-08 09:29:44.850000,5955.66,5960,494223,5965,389832,5955,1085,5950,564439
2020-06-08 09:29:45.640000,5955.66,5955,199,5960,494223,5950,564440,5945,373509
2020-06-08 09:29:46.050000,5955.66,5955,199,5960,494223,5950,564440,5945,373509
2020-06-08 09:29:46.610000,5955.66,5955,213726,5960,494223,5950,562620,5945,373509
2020-06-08 09:29:47.270000,5954.67,5955,475554,5960,381059,5950,452456,5945,446673
2020-06-08 09:29:48.260000,5955.69,5955,214006,5960,494223,5950,562625,5945,373509
2020-06-08 09:29:48.670000,5955.69,5955,475854,5960,381059,5950,452461,5945,446678
2020-06-08 09:29:49.380000,5954.7,5955,475854,5960,381059,5950,452461,5945,446678
2020-06-08 09:29:50.350000,5954.7,5955,472326,5960,381059,5950,452461,5945,446678
2020-06-08 09:29:50.740000,5953.67,5955,472326,5960,381059,5950,452461,5945,446678
2020-06-08 09:29:51.410000,5953.67,5955,472326,5960,381059,5950,452461,5945,446678
2020-06-08 09:29:52.450000,5953.67,5955,472326,5960,381059,5950,452461,5945,446678
2020-06-08 09:29:52.880000,5953.67,5955,472326,5960,381059,5950,452461,5945,446678
2020-06-08 09:29:53.470000,5953.67,5955,472326,5960,381059,5950,452460,5945,446678
2020-06-08 09:29:54.010000,5953.67,5955,472826,5960,381059,5950,452460,5945,446678
2020-06-08 09:29:55.080000,5953.67,5955,472826,5960,381059,5950,352460,5945,446678
2020-06-08 09:29:55.400000,5953.67,5955,472826,5960,381059,5950,19834,5945,452704
2020-06-08 09:29:56.640000,5953.67,5955,472826,5960,393464,5950,353839,5945,446678
2020-06-08 09:29:56.920000,5953.67,5955,472826,5960,393464,5950,453860,5945,446678
2020-06-08 09:29:57.720000,5953.64,5955,472824,5960,394464,5950,453660,5945,446678
2020-06-08 09:29:58.770000,5952.61,5955,472824,5960,394464,5950,453660,5945,446698
2020-06-08 09:29:59.200000,5953.64,5955,472874,5960,394464,5950,453660,5945,446698
2020-06-08 09:29:59.870000,5953.64,5955,211026,5960,507628,5950,563824,5945,373534
2020-06-08 09:30:00.890000,5954.64,5955,174220,5960,507428,5950,563824,5945,373534
2020-06-08 09:30:01.920000,5954.64,5955,211220,5960,507428,5950,563824,5945,373544
2020-06-08 09:30:02.380000,5954.64,5955,162125,5960,507428,5950,563786,5945,373544
2020-06-08 09:30:03.500000,5954.64,5955,212125,5960,507928,5950,563786,5945,373544
2020-06-08 09:30:03.870000,5954.64,5955,212337,5960,507928,5950,564076,5945,373545
2020-06-08 09:30:04.500000,5954.64,5955,210609,5960,507928,5950,564116,5945,373545
2020-06-08 09:30:05.570000,5954.64,5955,212287,5960,507928,5950,564130,5945,373545
2020-06-08 09:30:05.940000,5954.64,5955,212287,5960,507928,5950,564143,5945,373545
2020-06-08 09:30:06.640000,5954.64,5955,212286,5960,507928,5950,564143,5945,373545
2020-06-08 09:30:07.640000,5955.69,5955,9211,5960,507928,5950,564143,5945,373545
2020-06-08 09:30:07.970000,5954.67,5955,12462,5960,507928,5950,564343,5945,373545
2020-06-08 09:30:08.670000,5954.67,5955,12630,5960,507928,5950,563843,5945,373714
2020-06-08 09:30:09.200000,5955.72,5955,125444,5960,507928,5950,563845,5945,373714
2020-06-08 09:30:10.200000,5955.72,5955,130444,5960,507928,5950,563775,5945,373714
2020-06-08 09:30:10.540000,5955.72,5955,17630,5960,507928,5950,563875,5945,373714
2020-06-08 09:30:11.870000,5955.72,5955,17630,5960,507928,5950,563875,5945,373914
2020-06-08 09:30:12.830000,5955.72,5955,17628,5960,508078,5950,563875,5945,373914
2020-06-08 09:30:13.240000,5955.72,5955,130444,5960,508078,5950,563875,5945,373914
2020-06-08 09:30:13.980000,5955.72,5955,17630,5960,508078,5950,563875,5945,373914
2020-06-08 09:30:14.930000,5955.72,5960,508078,5965,374120,5955,166077,5950,558656
2020-06-08 09:30:15.370000,5955.72,5960,508078,5965,374120,5955,166077,5950,558656
2020-06-08 09:30:16.460000,5955.72,5960,508078,5965,374120,5955,174079,5950,558656
2020-06-08 09:30:16.810000,5955.72,5960,359356,5965,374120,5955,461079,5950,558656
2020-06-08 09:30:18.060000,5955.69,5960,459356,5965,374120,5955,461079,5950,558656
2020-06-08 09:30:19.120000,5958.8,5960,205931,5965,490545,5955,534243,5950,485492
2020-06-08 09:30:20.170000,5958.8,5960,459356,5965,377381,5955,461093,5950,558679
2020-06-08 09:30:20.610000,5958.8,5960,459356,5965,377381,5955,461093,5950,558679
2020-06-08 09:30:21.720000,5958.8,5960,205931,5965,490545,5955,534257,5950,485515
2020-06-08 09:30:22.790000,5958.8,5960,205923,5965,490545,5955,534077,5950,485515
2020-06-08 09:30:23.850000,5958.8,5960,209184,5965,490545,5955,534077,5950,485515
2020-06-08 09:30:24.210000,5958.8,5960,196779,5965,502950,5955,534077,5950,485517
2020-06-08 09:30:25.430000,5958.8,5960,446943,5965,389786,5955,460068,5950,558681
2020-06-08 09:30:25.810000,5958.8,5960,27314,5965,502950,5955,533232,5950,485517
2020-06-08 09:30:27.000000,5960.8,5965,502950,5970,403945,5960,3361,5955,532763
2020-06-08 09:30:27.330000,5959.8,5965,502950,5970,403945,5960,166564,5955,526736
2020-06-08 09:30:28.560000,5960.83,5965,502950,5970,403945,5960,216564,5955,526736
2020-06-08 09:30:28.940000,5961.85,5965,502950,5970,403945,5960,216564,5955,526736
2020-06-08 09:30:29.640000,5961.85,5965,502950,5970,403945,5960,216564,5955,526741
2020-06-08 09:30:30.660000,5962.85,5965,502950,5970,403945,5960,416564,5955,526731
2020-06-08 09:30:31.670000,5962.85,5965,502955,5970,403945,5960,416564,5955,526731
2020-06-08 09:30:31.980000,5962.85,5965,503638,5970,403945,5960,416564,5955,526731
2020-06-08 09:30:32.750000,5962.85,5965,502431,5970,403945,5960,416649,5955,526731
2020-06-08 09:30:33.820000,5962.85,5965,453709,5970,403945,5960,526833,5955,453567
2020-06-08 09:30:34.280000,5962.85,5965,502316,5970,403945,5960,416669,5955,526731
2020-06-08 09:30:35.360000,5962.85,5965,502316,5970,403945,5960,316670,5955,526833
2020-06-08 09:30:36.520000,5962.85,5965,525764,5970,403945,5960,416670,5955,526833
2020-06-08 09:30:37.480000,5963.88,5965,525764,5970,403945,5960,416670,5955,526833
2020-06-08 09:30:37.820000,5963.91,5965,525764,5970,403945,5960,416708,5955,526833
2020-06-08 09:30:38.550000,5962.88,5965,522975,5970,403945,5960,316708,5955,526833
2020-06-08 09:30:39.610000,5962.91,5965,522965,5970,403945,5960,316708,5955,526843
2020-06-08 09:30:39.860000,5962.91,5965,522965,5970,403945,5960,418708,5955,526843
2020-06-08 09:30:40.660000,5963.91,5965,522965,5970,403945,5960,418708,5955,526843
2020-06-08 09:30:41.780000,5963.91,5965,522965,5970,403945,5960,418708,5955,526843
2020-06-08 09:30:42.720000,5963.91,5965,522817,5970,403945,5960,418708,5955,526823
2020-06-08 09:30:43.080000,5963.91,5965,522817,5970,404445,5960,418708,5955,526823
2020-06-08 09:30:43.770000,5963.91,5965,537917,5970,404445,5960,418705,5955,526823
2020-06-08 09:30:44.860000,5963.91,5965,537908,5970,404445,5960,418705,5955,526823
2020-06-08 09:30:45.210000,5963.91,5965,537908,5970,404445,5960,418718,5955,526823
2020-06-08 09:30:45.880000,5963.91,5965,537908,5970,404445,5960,419718,5955,526823
2020-06-08 09:30:46.960000,5963.91,5965,537898,5970,404445,5960,419718,5955,526823
2020-06-08 09:30:47.060000,5963.88,5965,537834,5970,405445,5960,419718,5955,529977
2020-06-08 09:30:48.000000,5962.91,5965,489112,5970,405445,5960,530345,5955,456813
2020-06-08 09:30:48.530000,5963.88,5965,537834,5970,405445,5960,420281,5955,529977
2020-06-08 09:30:49.560000,5963.88,5965,537834,5970,405445,5960,320281,5955,529977
2020-06-08 09:30:50.000000,5962.88,5965,537834,5970,405445,5960,320281,5955,529977
2020-06-08 09:30:51.140000,5962.88,5965,537834,5970,405445,5960,320289,5955,529977
2020-06-08 09:30:51.470000,5962.88,5965,537829,5970,405445,5960,320289,5955,529977
2020-06-08 09:30:52.200000,5962.88,5965,537829,5970,405445,5960,320456,5955,529977
2020-06-08 09:30:53.250000,5962.88,5965,537829,5970,405445,5960,320456,5955,530144
2020-06-08 09:30:53.470000,5962.88,5965,537829,5970,405445,5960,320457,5955,530154
2020-06-08 09:30:54.280000,5962.88,5965,537779,5970,405145,5960,320462,5955,530154
2020-06-08 09:30:55.350000,5962.88,5965,537779,5970,405145,5960,320207,5955,530154
2020-06-08 09:30:55.770000,5962.88,5965,538207,5970,405145,5960,320207,5955,530154
2020-06-08 09:30:56.510000,5962.88,5965,538207,5970,405145,5960,16997,5955,536180
2020-06-08 09:30:57.450000,5962.82,5965,538207,5970,405145,5960,14899,5955,536180
2020-06-08 09:30:58.800000,5961.85,5960,109305,5965,538207,5955,536180,5950,492672
2020-06-08 09:30:59.550000,5961.85,5965,538207,5970,398245,5955,536180,5950,492672
2020-06-08 09:31:00.600000,5960.86,5965,538207,5970,398245,5960,151570,5955,536181
2020-06-08 09:31:00.900000,5960.86,5965,539207,5970,398245,5960,215696,5955,530155
2020-06-08 09:31:02.150000,5960.86,5965,539207,5970,398245,5960,216573,5955,530155
2020-06-08 09:31:03.210000,5960.86,5965,539207,5970,398245,5955,536281,5950,492672
2020-06-08 09:31:03.610000,5960.86,5965,542407,5970,394984,5960,3262,5955,536181
2020-06-08 09:31:04.770000,5960.86,5965,539207,5970,394984,5960,166464,5955,530172
2020-06-08 09:31:05.180000,5960.86,5965,539407,5970,394984,5960,163964,5955,530172
2020-06-08 09:31:05.850000,5960.86,5965,539407,5970,394984,5960,163964,5955,530180
2020-06-08 09:31:06.860000,5960.86,5965,539407,5970,394984,5960,213628,5955,530180
2020-06-08 09:31:07.140000,5962.88,5965,539397,5970,394984,5960,163648,5955,530180
2020-06-08 09:31:07.900000,5961.85,5965,539397,5970,394984,5960,163348,5955,530758
2020-06-08 09:31:08.470000,5961.85,5965,539397,5970,394984,5960,313348,5955,530758
2020-06-08 09:31:09.840000,5961.88,5965,539347,5970,394984,5960,313348,5955,531851
2020-06-08 09:31:10.570000,5962.88,5965,539347,5970,395034,5960,313348,5955,531851
2020-06-08 09:31:11.530000,5962.88,5965,539348,5970,395034,5960,313348,5955,531851
2020-06-08 09:31:12.620000,5962.88,5965,539348,5970,395034,5960,413348,5955,531851
2020-06-08 09:31:13.640000,5962.88,5965,539358,5970,395034,5960,414348,5955,531951
2020-06-08 09:31:13.900000,5962.88,5965,539358,5970,395034,5960,414348,5955,531951
2020-06-08 09:31:14.680000,5962.88,5965,539358,5970,395035,5960,414448,5955,531951
2020-06-08 09:31:14.970000,5962.88,5965,539358,5970,395035,5960,314547,5955,531951
2020-06-08 09:31:15.750000,5962.88,5965,539476,5970,395035,5960,414647,5955,531951
2020-06-08 09:31:16.760000,5962.88,5965,490754,5970,395035,5960,524811,5955,458788
2020-06-08 09:31:17.000000,5962.88,5965,490754,5970,395035,5960,524816,5955,458788
2020-06-08 09:31:17.850000,5963.88,5965,490854,5970,395035,5960,525716,5955,458788
2020-06-08 09:31:18.240000,5963.88,5965,242470,5970,508199,5960,525717,5955,458788
2020-06-08 09:31:19.480000,5963.91,5965,126095,5970,511460,5960,525217,5955,458788
2020-06-08 09:31:19.980000,5963.91,5965,242719,5970,511460,5960,525978,5955,458788
2020-06-08 09:31:21.060000,5963.91,5965,129799,5970,511465,5960,525978,5955,458788
2020-06-08 09:31:22.110000,5965.93,5965,76189,5970,511465,5960,525978,5955,458788
2020-06-08 09:31:22.630000,5965.93,5970,511465,5975,383630,5965,193787,5960,520119
2020-06-08 09:31:23.680000,5965.93,5970,511465,5975,383630,5965,243777,5960,520119
2020-06-08 09:31:24.770000,5965.93,5970,511466,5975,383630,5965,244277,5960,520319
2020-06-08 09:31:25.780000,5965.93,5970,511476,5975,383630,5965,341777,5960,520319
2020-06-08 09:31:26.790000,5965.93,5970,511476,5975,383630,5965,441927,5960,520319
2020-06-08 09:31:27.850000,5967.98,5970,511476,5975,383630,5965,442094,5960,520319
2020-06-08 09:31:28.910000,5969.01,5970,459393,5975,383640,5965,552458,5960,447155
2020-06-08 09:31:29.410000,5969.01,5970,511274,5975,383640,5965,342294,5960,520329
2020-06-08 09:31:30.510000,5968.01,5970,511174,5975,383640,5965,342294,5960,520229
2020-06-08 09:31:30.870000,5968.01,5970,511174,5975,383640,5965,342294,5960,519229
2020-06-08 09:31:32.080000,5968.01,5970,510874,5975,383640,5965,442294,5960,519229
2020-06-08 09:31:32.370000,5968.01,5970,510538,5975,383976,5965,442294,5960,519229
2020-06-08 09:31:33.180000,5968.01,5970,510538,5975,383976,5965,442294,5960,519229
2020-06-08 09:31:34.170000,5968.01,5970,510040,5975,383976,5965,341794,5960,519229
2020-06-08 09:31:34.770000,5968.01,5970,509840,5975,383976,5965,341894,5960,519229
2020-06-08 09:31:35.770000,5968.01,5970,509840,5975,383976,5965,341894,5960,519229
2020-06-08 09:31:36.760000,5968.01,5970,509835,5975,383976,5965,341846,5960,519231
2020-06-08 09:31:37.270000,5968.98,5970,509835,5975,384026,5965,341846,5960,519231
2020-06-08 09:31:38.350000,5968.01,5970,509835,5975,384026,5965,341346,5960,519231
2020-06-08 09:31:38.680000,5968.01,5970,509135,5975,384026,5965,341331,5960,519231
2020-06-08 09:31:39.400000,5968.01,5970,508935,5975,384028,5965,341331,5960,519231
2020-06-08 09:31:40.550000,5967.02,5970,508935,5975,384028,5965,341131,5960,519231
2020-06-08 09:31:41.520000,5967.02,5970,508935,5975,384028,5965,341131,5960,519231
2020-06-08 09:31:41.930000,5967.02,5970,508935,5975,384028,5965,341131,5960,519231
2020-06-08 09:31:43.070000,5967.02,5970,508935,5975,384028,5965,341131,5960,519231
2020-06-08 09:31:43.370000,5967.02,5970,508935,5975,384028,5965,341131,5960,519231
2020-06-08 09:31:44.140000,5967.02,5970,508935,5975,384028,5965,439683,5960,519231
2020-06-08 09:31:45.170000,5967.02,5970,508835,5975,384028,5965,339673,5960,519262
2020-06-08 09:31:45.420000,5967.02,5970,508825,5975,384028,5965,439673,5960,519262
2020-06-08 09:31:46.220000,5967.02,5970,460103,5975,384028,5965,549887,5960,446098
2020-06-08 09:31:46.710000,5967.02,5970,459803,5975,384028,5965,549888,5960,446100
2020-06-08 09:31:47.800000,5968.01,5970,508625,5975,384028,5965,439724,5960,519264
2020-06-08 09:31:48.110000,5969.04,5970,508925,5975,384128,5965,439724,5960,519264
2020-06-08 09:31:48.810000,5969.01,5970,507805,5975,385128,5965,439724,5960,519244
2020-06-08 09:31:49.890000,5969.01,5970,209286,5975,498292,5965,549888,5960,446130
2020-06-08 09:31:50.180000,5969.01,5970,212547,5975,501553,5965,549888,5960,446130
2020-06-08 09:31:50.950000,5969.01,5970,212647,5975,501553,5965,550388,5960,446130
2020-06-08 09:31:52.000000,5969.01,5970,192754,5975,501553,5965,550388,5960,446130
2020-06-08 09:31:52.310000,5969.01,5970,192754,5975,501553,5965,550388,5960,446130
2020-06-08 09:31:53.050000,5969.01,5970,157706,5975,501558,5965,550388,5960,446130
2020-06-08 09:31:54.100000,5969.01,5970,156789,5975,501558,5965,550398,5960,446130
2020-06-08 09:31:54.270000,5969.01,5970,47495,5975,501558,5965,550398,5960,446130
2020-06-08 09:31:55.130000,5969.01,5970,42495,5975,501558,5965,550398,5960,446130
2020-06-08 09:31:56.190000,5969.01,5975,502558,5980,472776,5970,3261,5965,550398
2020-06-08 09:31:57.220000,5970.07,5975,502533,5980,472776,5970,221347,5965,544472
2020-06-08 09:31:58.250000,5971.09,5975,502633,5980,472776,5970,222047,5965,544472
2020-06-08 09:31:58.720000,5973.15,5975,502633,5980,472776,5970,321997,5965,544672
2020-06-08 09:31:59.860000,5973.15,5975,502633,5980,472776,5970,422008,5965,544672
2020-06-08 09:32:00.920000,5973.12,5975,502633,5980,472776,5970,78721,5965,550698
2020-06-08 09:32:01.940000,5973.12,5975,502633,5980,472776,5970,321324,5965,544672
2020-06-08 09:32:02.450000,5973.12,5975,502633,5980,472776,5970,229168,5965,544672
2020-06-08 09:32:03.550000,5973.12,5975,502623,5980,472776,5970,229188,5965,544673
2020-06-08 09:32:04.560000,5973.12,5975,501623,5980,472776,5970,229188,5965,544673
2020-06-08 09:32:04.780000,5973.12,5975,502119,5980,472776,5970,229188,5965,544673
2020-06-08 09:32:05.660000,5973.12,5975,502219,5980,472776,5970,37285,5965,550699
2020-06-08 09:32:06.700000,5973.12,5975,502219,5980,472776,5970,226801,5965,550699
2020-06-08 09:32:07.750000,5973.12,5975,501219,5980,473776,5970,39555,5965,550699
2020-06-08 09:32:08.140000,5973.15,5975,501217,5980,473776,5970,232880,5965,544673
2020-06-08 09:32:09.270000,5972.12,5975,500217,5980,473776,5970,232835,5965,544673
2020-06-08 09:32:09.870000,5972.12,5975,500217,5980,473776,5970,232836,5965,544673
2020-06-08 09:32:10.820000,5972.12,5975,500517,5980,473776,5970,233036,5965,544473
2020-06-08 09:32:11.870000,5972.12,5975,500181,5980,474112,5970,233536,5965,544473
2020-06-08 09:32:12.240000,5972.12,5975,480157,5980,474112,5970,93445,5965,550499
2020-06-08 09:32:13.460000,5972.12,5975,480157,5980,474112,5970,233586,5965,549473
2020-06-08 09:32:13.840000,5972.12,5975,480147,5980,474112,5970,233586,5965,549473
2020-06-08 09:32:14.510000,5972.12,5975,481147,5980,474112,5970,227560,5965,555499
2020-06-08 09:32:15.590000,5972.12,5975,481147,5980,474112,5970,40294,5965,555499
2020-06-08 09:32:15.970000,5972.12,5970,3261,5975,489147,5965,555499,5960,445856
2020-06-08 09:32:17.160000,5972.12,5975,489137,5980,474112,5965,555499,5960,445856
2020-06-08 09:32:17.510000,5972.12,5975,489137,5980,474112,5970,3261,5965,555499
2020-06-08 09:32:18.710000,5971.07,5975,489137,5980,474112,5970,145261,5965,555499
2020-06-08 09:32:19.240000,5971.07,5975,481137,5980,474112,5970,145261,5965,555499
2020-06-08 09:32:19.980000,5971.09,5970,98043,5975,481136,5965,555499,5960,445966
2020-06-08 09:32:20.850000,5971.09,5970,97538,5975,481136,5965,555499,5960,445966
2020-06-08 09:32:21.850000,5971.09,5970,489,5975,481136,5965,555499,5960,445966
2020-06-08 09:32:22.930000,5971.09,5970,8489,5975,481136,5965,555499,5960,445966
2020-06-08 09:32:23.330000,5971.09,5975,481136,5980,474112,5970,137043,5965,555499
2020-06-08 09:32:24.460000,5971.09,5975,481135,5980,474112,5965,555499,5960,445966
2020-06-08 09:32:24.640000,5971.09,5970,1890,5975,489135,5965,555499,5960,445966
2020-06-08 09:32:25.530000,5971.09,5970,109878,5975,489335,5965,555479,5960,445966
2020-06-08 09:32:26.640000,5971.09,5970,12340,5975,489335,5965,555679,5960,445966
2020-06-08 09:32:26.850000,5971.09,5970,4340,5975,489335,5965,555679,5960,445966
2020-06-08 09:32:27.680000,5971.12,5970,3596,5975,489335,5965,555679,5960,445966
2020-06-08 09:32:28.720000,5971.09,5970,3645,5975,489335,5965,558679,5960,445966
2020-06-08 09:32:29.180000,5971.09,5970,11645,5975,489335,5965,558679,5960,446166
2020-06-08 09:32:30.300000,5971.09,5970,11469,5975,489335,5965,558781,5960,446166
2020-06-08 09:32:30.600000,5971.09,5975,489335,5980,470722,5970,136216,5965,558781
2020-06-08 09:32:31.850000,5971.09,5975,481335,5980,470386,5970,134010,5965,558784
2020-06-08 09:32:32.230000,5971.09,5975,481335,5980,470386,5970,140285,5965,552758
2020-06-08 09:32:33.450000,5971.09,5975,481335,5980,470386,5970,130998,5965,559484
2020-06-08 09:32:33.870000,5971.09,5975,481335,5980,471386,5970,130898,5965,559909
2020-06-08 09:32:35.050000,5971.09,5975,481335,5980,471386,5970,130898,5965,559909
2020-06-08 09:32:35.230000,5971.09,5975,481535,5980,471386,5970,50,5965,560409
2020-06-08 09:32:36.120000,5971.09,5970,105477,5975,489535,5965,560509,5960,446277
2020-06-08 09:32:37.170000,5971.09,5970,158688,5975,489535,5965,560509,5960,446277
2020-06-08 09:32:37.710000,5972.12,5970,158677,5975,489535,5965,560519,5960,446277
2020-06-08 09:32:38.730000,5970.13,5970,157927,5975,489535,5965,560519,5960,446277
2020-06-08 09:32:39.030000,5970.1,5970,157917,5975,489535,5965,560519,5960,446277
2020-06-08 09:32:39.810000,5970.1,5970,404379,5975,376447,5965,560549,5960,446277
2020-06-08 09:32:40.830000,5970.1,5970,404379,5975,377447,5965,560549,5960,446277
2020-06-08 09:32:41.140000,5970.1,5970,403274,5975,376947,5965,560549,5960,446277
2020-06-08 09:32:41.970000,5970.1,5970,403272,5975,376947,5965,560549,5960,446277
2020-06-08 09:32:42.960000,5970.1,5970,451993,5975,376947,5965,450285,5960,519441
2020-06-08 09:32:43.970000,5970.1,5970,452043,5975,376947,5965,450385,5960,519441
2020-06-08 09:32:44.270000,5970.1,5970,452043,5975,376947,5965,450374,5960,519441
2020-06-08 09:32:45.010000,5970.1,5970,469157,5975,376947,5965,450374,5960,519941
2020-06-08 09:32:46.080000,5970.1,5970,469157,5975,376947,5965,350274,5960,519941
2020-06-08 09:32:46.400000,5970.1,5970,469157,5975,376926,5965,350274,5960,519941
2020-06-08 09:32:47.120000,5969.04,5970,470047,5975,376926,5965,350274,5960,520441
2020-06-08 09:32:48.170000,5968.01,5970,470047,5975,376926,5965,345042,5960,520441
2020-06-08 09:32:48.380000,5967.05,5970,470047,5975,376926,5965,346042,5960,520442
2020-06-08 09:32:49.250000,5967.02,5970,470947,5975,376926,5965,345899,5960,520651
2020-06-08 09:32:50.240000,5967.02,5970,470947,5975,376926,5965,445899,5960,520651
2020-06-08 09:32:51.250000,5967.02,5970,470887,5975,376926,5965,345749,5960,520653
2020-06-08 09:32:51.730000,5967.02,5970,470887,5975,376726,5965,345849,5960,520553
2020-06-08 09:32:52.850000,5967.02,5970,481030,5975,376726,5965,340849,5960,522218
2020-06-08 09:32:53.910000,5968.01,5970,474831,5975,376726,5965,340700,5960,523311
2020-06-08 09:32:54.310000,5968.01,5970,474831,5975,376726,5965,337558,5960,523311
2020-06-08 09:32:55.640000,5968.01,5970,474856,5975,376726,5965,337558,5960,523311
2020-06-08 09:32:56.510000,5968.01,5970,475097,5975,376726,5965,337458,5960,523311
2020-06-08 09:32:56.970000,5968.01,5970,487944,5975,376726,5965,337558,5960,523311
2020-06-08 09:32:57.540000,5968.01,5970,487944,5975,376726,5965,337458,5960,523336
2020-06-08 09:32:58.210000,5967.02,5970,484836,5975,376726,5965,336458,5960,523336
2020-06-08 09:32:59.150000,5968.01,5970,484836,5975,376726,5965,336558,5960,523336
2020-06-08 09:32:59.380000,5967.02,5970,485836,5975,376726,5965,336584,5960,523336
2020-06-08 09:33:00.200000,5968.01,5970,483316,5975,376726,5965,336584,5960,523336
2020-06-08 09:33:00.770000,5968.01,5970,483316,5975,376726,5965,436624,5960,523436
2020-06-08 09:33:01.750000,5968.01,5970,483616,5975,376726,5965,440798,5960,523436
2020-06-08 09:33:02.170000,5968.01,5970,483616,5975,376726,5965,440798,5960,523436
2020-06-08 09:33:03.000000,5968.01,5970,482063,5975,376726,5965,440800,5960,523436
2020-06-08 09:33:03.860000,5968.01,5970,433341,5975,376726,5965,550964,5960,450272
2020-06-08 09:33:04.890000,5968.01,5970,481063,5975,376726,5965,441411,5960,523452
2020-06-08 09:33:05.340000,5968.01,5970,490396,5975,376726,5965,442011,5960,523452
2020-06-08 09:33:06.470000,5968.01,5970,490396,5975,376726,5965,442011,5960,523459
2020-06-08 09:33:06.670000,5968.01,5970,490396,5975,376726,5965,442011,5960,523459
2020-06-08 09:33:07.470000,5968.04,5970,486222,5975,376726,5965,442011,5960,523459
2020-06-08 09:33:07.870000,5969.04,5970,486322,5975,376726,5965,442011,5960,523459
2020-06-08 09:33:08.530000,5968.01,5970,486406,5975,376726,5965,442257,5960,523459
2020-06-08 09:33:09.230000,5968.01,5970,486406,5975,377226,5965,442257,5960,523459
2020-06-08 09:33:10.080000,5969.01,5970,486506,5975,377226,5965,442257,5960,523459
2020-06-08 09:33:10.580000,5969.01,5970,486506,5975,377226,5965,442257,5960,523459
2020-06-08 09:33:11.110000,5969.01,5970,487506,5975,377226,5965,442257,5960,523459
2020-06-08 09:33:11.670000,5969.01,5970,487509,5975,377226,5965,442277,5960,523459
2020-06-08 09:33:12.730000,5969.01,5970,487559,5975,377226,5965,442277,5960,523459
2020-06-08 09:33:12.930000,5969.01,5970,487392,5975,377226,5965,442277,5960,523464
2020-06-08 09:33:13.780000,5969.01,5970,487392,5975,377226,5965,442277,5960,523464
2020-06-08 09:33:14.200000,5969.01,5970,438670,5975,377226,5965,552441,5960,450300
2020-06-08 09:33:15.390000,5969.01,5970,438569,5975,377226,5965,552421,5960,450300
2020-06-08 09:33:15.740000,5969.01,5970,438569,5975,377226,5965,552421,5960,450300
2020-06-08 09:33:16.950000,5969.01,5970,438569,5975,377226,5965,552411,5960,450310
2020-06-08 09:33:17.380000,5968.01,5970,188202,5975,490390,5965,552421,5960,450310
2020-06-08 09:33:18.060000,5969.04,5970,188202,5975,490390,5965,552421,5960,450311
2020-06-08 09:33:19.070000,5970.04,5970,184028,5975,490390,5965,552621,5960,450311
2020-06-08 09:33:19.300000,5970.07,5970,186508,5975,490390,5965,550685,5960,450311
2020-06-08 09:33:20.100000,5970.07,5970,186508,5975,490390,5965,550685,5960,450311
2020-06-08 09:33:20.560000,5970.07,5970,183274,5975,490390,5965,550686,5960,450311
2020-06-08 09:33:21.680000,5970.07,5970,183163,5975,490390,5965,550686,5960,450311
2020-06-08 09:33:22.140000,5970.07,5970,183163,5975,490390,5965,550676,5960,450311
2020-06-08 09:33:23.280000,5970.07,5970,185996,5975,490390,5965,550676,5960,450311
2020-06-08 09:33:23.680000,5970.07,5970,185796,5975,490390,5965,550676,5960,450311
2020-06-08 09:33:24.270000,5970.07,5970,185746,5975,490390,5965,550676,5960,450311
2020-06-08 09:33:25.380000,5970.07,5970,185738,5975,490390,5965,550676,5960,450311
2020-06-08 09:33:25.680000,5970.07,5970,185736,5975,490390,5965,550676,5960,450311
2020-06-08 09:33:26.410000,5970.07,5970,63963,5975,490390,5965,550676,5960,450311
2020-06-08 09:33:27.480000,5970.07,5970,63963,5975,490390,5965,550676,5960,450311
2020-06-08 09:33:27.800000,5970.1,5970,59311,5975,491390,5965,550676,5960,450311
2020-06-08 09:33:28.490000,5970.1,5970,58811,5975,491390,5965,551176,5960,450311
2020-06-08 09:33:29.540000,5971.09,5970,54963,5975,491390,5965,550914,5960,450311
2020-06-08 09:33:29.740000,5971.09,5975,491390,5980,475291,5970,4061,5965,550814
2020-06-08 09:33:30.580000,5972.12,5975,491390,5980,475291,5970,8800,5965,550836
2020-06-08 09:33:30.980000,5972.12,5975,481390,5980,477291,5970,185411,5965,550836
2020-06-08 09:33:32.440000,5972.12,5975,481380,5980,477291,5970,244698,5965,544810
2020-06-08 09:33:33.250000,5972.12,5975,481380,5980,477291,5970,244325,5965,545159
2020-06-08 09:33:34.290000,5972.12,5975,481180,5980,477291,5970,446863,5965,545159
2020-06-08 09:33:34.700000,5972.12,5975,432458,5980,477291,5970,557127,5965,471995
2020-06-08 09:33:35.850000,5972.12,5975,432458,5980,477291,5970,557127,5965,471995
2020-06-08 09:33:36.860000,5972.12,5975,432458,5980,477291,5970,557127,5965,471995
2020-06-08 09:33:37.130000,5972.12,5975,432508,5980,477291,5970,557127,5965,471995
2020-06-08 09:33:37.930000,5974.17,5975,182344,5980,587393,5970,557127,5965,471995
2020-06-08 09:33:38.990000,5975.14,5975,182344,5980,587393,5970,557327,5965,471995
2020-06-08 09:33:40.060000,5975.2,5975,440608,5980,474229,5970,557327,5965,471995
2020-06-08 09:33:40.470000,5975.2,5975,189472,5980,590654,5970,557327,5965,471995
2020-06-08 09:33:41.610000,5975.2,5975,79220,5980,591154,5970,557827,5965,471995
2020-06-08 09:33:42.070000,5975.2,5975,68405,5980,591154,5970,557827,5965,471995
2020-06-08 09:33:43.200000,5975.2,5975,180905,5980,591154,5970,557827,5965,471995
2020-06-08 09:33:43.330000,5975.2,5975,68373,5980,591154,5970,558527,5965,471995
2020-06-08 09:33:44.230000,5975.2,5975,9916,5980,591149,5970,558560,5965,471995
2020-06-08 09:33:45.280000,5975.2,5980,590876,5985,455048,5975,148500,5970,558560
2020-06-08 09:33:45.560000,5975.2,5980,590876,5985,455048,5975,145549,5970,558560
2020-06-08 09:33:46.340000,5975.2,5980,590385,5985,455048,5975,213412,5970,552034
2020-06-08 09:33:47.360000,5976.2,5980,590885,5985,455058,5975,213146,5970,552034
2020-06-08 09:33:47.800000,5976.23,5980,590885,5985,455058,5975,218611,5970,552034
2020-06-08 09:33:48.930000,5977.23,5980,590895,5985,455058,5975,418627,5970,552034
2020-06-08 09:33:49.940000,5978.28,5980,590895,5985,455058,5975,418782,5970,552034
2020-06-08 09:33:50.280000,5978.28,5980,590827,5985,455058,5975,318782,5970,552574
2020-06-08 09:33:51.040000,5978.28,5980,590827,5985,455058,5975,418782,5970,552574
2020-06-08 09:33:52.080000,5978.28,5980,590827,5985,455058,5975,318782,5970,552584
2020-06-08 09:33:52.300000,5978.28,5980,591127,5985,455058,5975,420782,5970,552584
2020-06-08 09:33:53.120000,5978.28,5980,589127,5985,455058,5975,320782,5970,552584
2020-06-08 09:33:54.180000,5978.31,5980,589127,5985,455058,5975,420782,5970,552584
2020-06-08 09:33:55.220000,5978.31,5980,589117,5985,455063,5975,321292,5970,552594
2020-06-08 09:33:55.610000,5978.31,5980,588147,5985,456063,5975,321492,5970,552594
2020-06-08 09:33:56.420000,5978.31,5980,588147,5985,456063,5975,321992,5970,552595
2020-06-08 09:33:57.370000,5978.28,5980,598726,5985,456063,5975,321992,5970,552595
2020-06-08 09:33:57.900000,5978.31,5980,596678,5985,456063,5975,321806,5970,552595
2020-06-08 09:33:58.950000,5978.28,5980,596043,5985,456063,5975,321806,5970,552595
2020-06-08 09:33:59.370000,5978.28,5980,596048,5985,456063,5975,322306,5970,552595
2020-06-08 09:34:00.540000,5977.28,5980,584456,5985,456063,5975,163024,5970,558621
2020-06-08 09:34:00.940000,5977.28,5980,578372,5985,456063,5975,213624,5970,558621
2020-06-08 09:34:02.100000,5977.28,5980,577672,5985,456063,5975,223377,5970,552595
2020-06-08 09:34:02.670000,5977.28,5980,577671,5985,456063,5975,214090,5970,558621
2020-06-08 09:34:03.660000,5977.28,5975,114668,5980,577671,5970,558621,5965,474614
2020-06-08 09:34:04.140000,5977.28,5975,9578,5980,578171,5970,559621,5965,474614
2020-06-08 09:34:05.250000,5977.28,5975,124075,5980,578171,5970,559621,5965,474614
2020-06-08 09:34:05.600000,5977.28,5975,424269,5980,466007,5970,559621,5965,474614
2020-06-08 09:34:06.380000,5977.28,5975,424268,5980,466012,5970,559621,5965,474614
2020-06-08 09:34:07.350000,5977.28,5975,419359,5980,466012,5970,559621,5965,474614
2020-06-08 09:34:08.390000,5976.23,5975,419369,5980,466017,5970,559721,5965,474614
2020-06-08 09:34:08.610000,5974.23,5975,419371,5980,466017,5970,560721,5965,474614
2020-06-08 09:34:09.450000,5974.2,5975,419371,5980,466022,5970,558684,5965,474614
2020-06-08 09:34:09.840000,5974.2,5975,419430,5980,466022,5970,558694,5965,474614
2020-06-08 09:34:10.620000,5975.2,5975,419422,5980,466022,5970,558694,5965,474614
2020-06-08 09:34:11.540000,5975.2,5975,419422,5980,465522,5970,564857,5965,474614
2020-06-08 09:34:12.040000,5975.2,5975,246258,5980,538686,5970,564857,5965,474614
2020-06-08 09:34:12.830000,5975.2,5975,419397,5980,466222,5970,564867,5965,474615
2020-06-08 09:34:13.640000,5975.2,5975,419396,5980,466222,5970,565377,5965,474615
2020-06-08 09:34:14.680000,5975.2,5975,419396,5980,466222,5970,565377,5965,474615
2020-06-08 09:34:14.970000,5975.2,5975,419198,5980,466272,5970,565167,5965,474615
2020-06-08 09:34:15.740000,5975.2,5975,2959,5980,579436,5970,571166,5965,474615
2020-06-08 09:34:16.800000,5975.2,5975,120814,5980,587236,5970,571166,5965,474615
2020-06-08 09:34:17.070000,5975.2,5975,8000,5980,587236,5970,571166,5965,474615
2020-06-08 09:34:17.810000,5975.17,5975,100,5980,587236,5970,571166,5965,474615
2020-06-08 09:34:18.880000,5976.23,5980,587236,5985,372397,5970,565607,5965,474615
2020-06-08 09:34:19.410000,5975.23,5980,587236,5985,372407,5975,140310,5970,565607
2020-06-08 09:34:20.420000,5976.23,5980,579236,5985,372407,5975,140105,5970,565607
2020-06-08 09:34:20.770000,5976.23,5980,580236,5985,372407,5975,140105,5970,565607
2020-06-08 09:34:21.500000,5976.23,5980,580236,5985,372407,5975,140115,5970,566057
2020-06-08 09:34:22.070000,5976.23,5980,580236,5985,372407,5975,150913,5970,566057
2020-06-08 09:34:23.060000,5976.23,5980,580436,5985,372407,5975,153190,5970,566057
2020-06-08 09:34:23.310000,5976.23,5980,580436,5985,372407,5975,153361,5970,566057
2020-06-08 09:34:24.110000,5976.23,5980,580436,5985,372407,5975,153361,5970,566057
2020-06-08 09:34:25.140000,5976.23,5980,580436,5985,372412,5975,14231,5970,566057
2020-06-08 09:34:25.340000,5976.23,5975,3266,5980,588436,5970,566057,5965,474645
2020-06-08 09:34:26.200000,5976.23,5975,115283,5980,588436,5970,566057,5965,474615
2020-06-08 09:34:26.530000,5976.23,5975,415447,5980,475272,5970,566077,5965,474615
2020-06-08 09:34:27.240000,5976.26,5975,418457,5980,475272,5970,566077,5965,474615
2020-06-08 09:34:27.970000,5977.25,5975,418407,5980,475272,5970,566065,5965,474615
2020-06-08 09:34:28.840000,5976.2,5975,419349,5980,475272,5970,566065,5965,474615
2020-06-08 09:34:29.340000,5974.2,5975,468071,5980,475272,5970,456101,5965,547779
2020-06-08 09:34:30.070000,5973.18,5975,467971,5980,475272,5970,356001,5965,547779
2020-06-08 09:34:30.960000,5973.18,5975,467971,5980,475272,5970,356001,5965,547779
2020-06-08 09:34:32.000000,5973.18,5975,467471,5980,475272,5970,356001,5965,547779
2020-06-08 09:34:32.540000,5973.18,5975,467371,5980,475272,5970,196714,5965,553805
2020-06-08 09:34:33.560000,5973.18,5975,495315,5980,475272,5970,199975,5965,553825
2020-06-08 09:34:34.610000,5973.18,5975,495315,5980,475272,5970,199975,5965,553825
2020-06-08 09:34:35.640000,5973.18,5975,495315,5980,475272,5970,210688,5965,547699
2020-06-08 09:34:36.070000,5973.18,5975,495515,5980,475272,5970,210688,5965,547699
2020-06-08 09:34:36.870000,5973.18,5975,495510,5980,475272,5970,210688,5965,547699
2020-06-08 09:34:38.140000,5972.12,5975,495510,5980,475272,5970,210688,5965,547699
2020-06-08 09:34:38.820000,5972.15,5975,494630,5980,477272,5970,260738,5965,547699
2020-06-08 09:34:39.840000,5972.12,5975,494630,5980,477272,5970,260747,5965,547699
2020-06-08 09:34:40.170000,5972.12,5975,495907,5980,477272,5970,360747,5965,547699
2020-06-08 09:34:41.370000,5973.18,5975,496576,5980,477372,5970,360747,5965,547709
2020-06-08 09:34:41.570000,5973.18,5975,496576,5980,482372,5970,260747,5965,547709
2020-06-08 09:34:42.430000,5973.18,5975,496576,5980,482372,5970,260747,5965,547709
2020-06-08 09:34:42.910000,5973.18,5975,496576,5980,483372,5970,260817,5965,547711
2020-06-08 09:34:43.990000,5973.18,5975,496576,5980,483372,5970,260872,5965,547711
2020-06-08 09:34:44.210000,5973.18,5975,498224,5980,483372,5970,360882,5965,547711
2020-06-08 09:34:45.040000,5973.18,5975,499224,5980,482372,5970,260882,5965,547711
2020-06-08 09:34:46.080000,5973.18,5975,499244,5980,482352,5970,460882,5965,547711
2020-06-08 09:34:46.440000,5973.18,5975,498744,5980,482392,5970,459972,5965,547711
2020-06-08 09:34:47.660000,5973.18,5975,498744,5980,482392,5970,570136,5965,474547
2020-06-08 09:34:48.070000,5973.15,5975,498744,5980,482390,5970,570136,5965,474547
2020-06-08 09:34:49.250000,5974.23,5975,199858,5980,595454,5970,570136,5965,474547
2020-06-08 09:34:49.680000,5974.23,5975,199858,5980,595504,5970,570136,5965,474547
2020-06-08 09:34:50.830000,5975.23,5975,199898,5980,595504,5970,570086,5965,474552
2020-06-08 09:34:51.010000,5975.23,5975,199898,5980,595504,5970,570586,5965,474552
2020-06-08 09:34:51.890000,5975.23,5975,200341,5980,595504,5970,570591,5965,474552
2020-06-08 09:34:52.950000,5975.23,5975,200341,5980,595504,5970,570591,5965,474552
2020-06-08 09:34:53.180000,5975.23,5980,595504,5985,357984,5975,148050,5970,565515
2020-06-08 09:34:54.170000,5975.23,5980,587504,5985,357984,5975,2300,5970,571541
2020-06-08 09:34:55.070000,5975.23,5980,587504,5985,357984,5975,10300,5970,571541
2020-06-08 09:34:56.160000,5975.23,5980,587504,5985,357984,5975,11779,5970,571541
2020-06-08 09:34:56.500000,5975.23,5975,175682,5980,595504,5970,571241,5965,474542
2020-06-08 09:34:57.190000,5975.23,5975,524568,5980,482340,5970,570291,5965,474542
2020-06-08 09:34:58.280000,5977.25,5975,225672,5980,595504,5970,570291,5965,474542
2020-06-08 09:34:58.740000,5975.2,5975,223346,5980,595504,5970,570291,5965,474542
2020-06-08 09:34:59.850000,5975.2,5975,223056,5980,595504,5970,610291,5965,474542
2020-06-08 09:35:00.310000,5975.2,5975,223056,5980,595504,5970,610291,5965,474542
2020-06-08 09:35:01.380000,5975.2,5975,223056,5980,595504,5970,610293,5965,474542
2020-06-08 09:35:01.810000,5975.2,5975,8050,5980,595504,5970,610293,5965,474542
2020-06-08 09:35:02.950000,5975.2,5975,8150,5980,595504,5970,610326,5965,474542
2020-06-08 09:35:03.300000,5975.2,5975,173156,5980,595504,5970,610326,5965,474542
2020-06-08 09:35:04.070000,5975.2,5975,173156,5980,595504,5970,610326,5965,474542
2020-06-08 09:35:05.030000,5975.2,5975,171594,5980,595504,5970,610330,5965,474542
2020-06-08 09:35:05.530000,5975.2,5975,6088,5980,595504,5970,610330,5965,474542
2020-06-08 09:35:06.630000,5975.2,5980,590504,5985,357985,5975,145790,5970,605254
2020-06-08 09:35:07.010000,5975.2,5980,582504,5985,357985,5975,203712,5970,605254
2020-06-08 09:35:07.830000,5976.23,5980,582504,5985,357985,5975,203722,5970,614754
2020-06-08 09:35:08.710000,5975.2,5980,582504,5985,357985,5975,203722,5970,614754
2020-06-08 09:35:09.760000,5978.25,5980,582504,5985,357985,5975,303722,5970,614759
2020-06-08 09:35:09.970000,5978.31,5980,582504,5985,357985,5975,408322,5970,614759
2020-06-08 09:35:10.640000,5978.31,5980,582504,5985,357985,5975,408327,5970,614759
2020-06-08 09:35:11.870000,5978.31,5980,582504,5985,357985,5975,308335,5970,614759
2020-06-08 09:35:12.480000,5978.31,5980,580504,5985,357985,5975,308335,5970,615259
2020-06-08 09:35:13.450000,5978.31,5980,480542,5985,357985,5975,518499,5970,542195
2020-06-08 09:35:14.490000,5978.31,5980,480542,5985,357985,5975,518999,5970,542195
2020-06-08 09:35:14.740000,5978.31,5980,480542,5985,357985,5975,519004,5970,542195
2020-06-08 09:35:15.550000,5978.31,5980,481042,5985,357985,5975,518904,5970,542195
2020-06-08 09:35:16.560000,5978.31,5980,481042,5985,357985,5975,518904,5970,542195
2020-06-08 09:35:16.730000,5978.31,5980,481042,5985,357985,5975,519001,5970,542195
2020-06-08 09:35:17.660000,5978.25,5980,481042,5985,357985,5975,519501,5970,542195
2020-06-08 09:35:18.130000,5979.31,5980,579338,5985,357985,5975,412337,5970,615359
2020-06-08 09:35:19.250000,5980.31,5980,581338,5985,357985,5975,312337,5970,625362
2020-06-08 09:35:19.490000,5978.31,5980,581338,5985,357985,5975,312337,5970,625362
2020-06-08 09:35:20.290000,5978.31,5980,581338,5985,357985,5975,412337,5970,625362
2020-06-08 09:35:21.420000,5978.31,5980,579338,5985,358035,5975,312337,5970,625362
2020-06-08 09:35:22.420000,5978.31,5980,579338,5985,358035,5975,312337,5970,625362
2020-06-08 09:35:23.470000,5978.31,5980,579433,5985,358035,5975,306794,5970,631388
2020-06-08 09:35:23.820000,5978.31,5980,579433,5985,358035,5975,206797,5970,631388
2020-06-08 09:35:24.570000,5978.31,5980,579433,5985,358035,5975,206797,5970,631388
2020-06-08 09:35:25.620000,5978.31,5980,579433,5985,358035,5975,212823,5970,625362
2020-06-08 09:35:26.640000,5978.31,5980,579433,5985,358035,5975,212723,5970,625362
2020-06-08 09:35:26.880000,5978.31,5980,579433,5985,358035,5975,212723,5970,625362
2020-06-08 09:35:27.740000,5977.28,5980,579433,5985,358035,5975,206724,5970,631388
2020-06-08 09:35:28.220000,5978.25,5980,579433,5985,358035,5975,223250,5970,625362
2020-06-08 09:35:29.300000,5977.25,5980,579433,5985,358035,5975,223255,5970,625362
2020-06-08 09:35:29.570000,5977.25,5980,579333,5985,358035,5975,323255,5970,625389
2020-06-08 09:35:30.880000,5978.28,5980,579348,5985,358035,5975,423255,5970,625912
2020-06-08 09:35:31.180000,5978.28,5980,579348,5985,358035,5975,423255,5970,625912
2020-06-08 09:35:31.970000,5978.28,5980,579328,5985,358035,5975,323299,5970,625912
2020-06-08 09:35:32.960000,5978.28,5980,579328,5985,358085,5975,423299,5970,625912
2020-06-08 09:35:33.360000,5978.28,5980,579328,5985,358085,5975,323299,5970,626012
2020-06-08 09:35:33.880000,5978.28,5980,576828,5985,358085,5975,323301,5970,626017
2020-06-08 09:35:34.540000,5978.28,5980,576828,5985,358085,5975,326427,5970,626017
2020-06-08 09:35:35.550000,5978.28,5980,576828,5985,358085,5975,326927,5970,626017
2020-06-08 09:35:35.730000,5978.28,5980,576700,5985,357585,5975,327127,5970,626017
2020-06-08 09:35:36.630000,5978.28,5980,576695,5985,357585,5975,321751,5970,632043
2020-06-08 09:35:37.020000,5978.28,5980,576745,5985,357585,5975,321751,5970,632043
2020-06-08 09:35:38.160000,5978.28,5980,576745,5985,357585,5975,321751,5970,632043
2020-06-08 09:35:38.370000,5976.29,5980,576645,5985,357585,5975,327777,5970,626017
2020-06-08 09:35:39.240000,5976.26,5980,576645,5985,357585,5975,327777,5970,626017
2020-06-08 09:35:40.250000,5976.26,5980,576645,5985,357595,5975,327777,5970,626067
2020-06-08 09:35:40.390000,5977.28,5980,576645,5985,357595,5975,327777,5970,626067
2020-06-08 09:35:41.330000,5977.28,5980,576645,5985,357595,5975,321751,5970,632093
2020-06-08 09:35:41.800000,5977.28,5980,576615,5985,357595,5975,352474,5970,626167
2020-06-08 09:35:42.880000,5977.28,5980,576615,5985,357595,5975,352474,5970,626167
2020-06-08 09:35:43.200000,5977.28,5980,576615,5985,357595,5975,352474,5970,626167
2020-06-08 09:35:43.870000,5977.28,5980,576615,5985,357595,5975,349924,5970,626167
2020-06-08 09:35:44.990000,5977.28,5980,576615,5985,357595,5975,349934,5970,626167
2020-06-08 09:35:45.200000,5977.28,5980,576615,5985,357595,5975,349934,5970,626167
2020-06-08 09:35:46.040000,5977.28,5980,593247,5985,357595,5975,350034,5970,626167
2020-06-08 09:35:46.380000,5977.28,5980,593277,5985,357595,5975,350612,5970,626267
2020-06-08 09:35:47.010000,5977.25,5980,593277,5985,357595,5975,362300,5970,626267
2020-06-08 09:35:47.570000,5977.25,5980,593383,5985,357595,5975,362621,5970,626267
2020-06-08 09:35:48.680000,5978.28,5980,594383,5985,357595,5975,362621,5970,626267
2020-06-08 09:35:48.970000,5977.25,5980,594383,5985,357595,5975,362621,5970,626267
2020-06-08 09:35:49.720000,5977.25,5980,594383,5985,357595,5975,365599,5970,626267
2020-06-08 09:35:50.080000,5977.25,5980,594383,5985,357595,5975,365604,5970,626267
2020-06-08 09:35:50.750000,5977.25,5980,594383,5985,357595,5975,366312,5970,626267
2020-06-08 09:35:51.170000,5977.25,5980,594383,5985,357595,5975,366320,5970,626267
2020-06-08 09:35:51.770000,5977.25,5980,594382,5985,357595,5975,360094,5970,632293
2020-06-08 09:35:52.840000,5977.25,5980,594382,5985,357595,5975,269126,5970,626267
2020-06-08 09:35:53.310000,5977.25,5980,594382,5985,357595,5975,269326,5970,626468
2020-06-08 09:35:53.940000,5977.25,5980,594382,5985,357595,5975,369326,5970,626413
2020-06-08 09:35:54.970000,5977.25,5980,594382,5985,357595,5975,469326,5970,626413
2020-06-08 09:35:55.330000,5977.25,5980,594370,5985,357595,5975,469326,5970,626413
2020-06-08 09:35:56.030000,5977.25,5980,594370,5985,357595,5975,469326,5970,626413
2020-06-08 09:35:57.070000,5978.25,5980,594365,5985,357595,5975,369326,5970,626413
2020-06-08 09:35:57.340000,5977.25,5980,594265,5985,357595,5975,369326,5970,626414
2020-06-08 09:35:58.130000,5978.28,5980,594264,5985,357595,5975,369326,5970,626414
2020-06-08 09:35:59.180000,5977.28,5980,594264,5985,357595,5975,369326,5970,626414
2020-06-08 09:35:59.470000,5977.28,5980,593264,5985,357595,5975,469276,5970,626414
2020-06-08 09:36:00.240000,5978.28,5980,593254,5985,357595,5975,469276,5970,626414
2020-06-08 09:36:01.280000,5978.28,5980,594254,5985,357595,5975,369278,5970,626414
2020-06-08 09:36:01.590000,5978.28,5980,594254,5985,357595,5975,370278,5970,626414
2020-06-08 09:36:02.330000,5978.28,5980,594253,5985,357595,5975,469778,5970,626414
2020-06-08 09:36:03.370000,5978.28,5980,594253,5985,357595,5975,466190,5970,626414
2020-06-08 09:36:03.740000,5978.28,5980,594253,5985,357595,5975,366190,5970,626414
2020-06-08 09:36:04.930000,5978.28,5980,594353,5985,357595,5975,366090,5970,626514
2020-06-08 09:36:05.190000,5978.28,5980,594353,5985,357595,5975,466760,5970,628173
2020-06-08 09:36:06.010000,5978.28,5980,594353,5985,357595,5975,475621,5970,628173
2020-06-08 09:36:07.030000,5978.28,5980,594153,5985,357595,5975,475611,5970,628173
2020-06-08 09:36:07.470000,5978.28,5980,594153,5985,357595,5975,375611,5970,632312
2020-06-08 09:36:08.670000,5978.28,5980,594653,5985,357595,5975,385611,5970,632312
2020-06-08 09:36:08.870000,5978.28,5980,594643,5985,357595,5975,385611,5970,632312
2020-06-08 09:36:09.700000,5978.28,5980,594643,5985,357595,5975,385611,5970,632312
2020-06-08 09:36:10.140000,5978.28,5980,594643,5985,357595,5975,385611,5970,632312
2020-06-08 09:36:11.240000,5978.28,5980,594618,5985,357595,5975,385611,5970,632312
2020-06-08 09:36:11.420000,5978.28,5980,594618,5985,357595,5975,389145,5970,632312
2020-06-08 09:36:12.340000,5978.28,5980,594618,5985,357595,5975,389145,5970,632312
2020-06-08 09:36:12.820000,5978.28,5980,594618,5985,360009,5975,489145,5970,632312
2020-06-08 09:36:13.900000,5978.28,5980,591618,5985,360009,5975,489155,5970,632312
2020-06-08 09:36:14.260000,5978.28,5980,591618,5985,360009,5975,491663,5970,632312
2020-06-08 09:36:15.480000,5978.28,5980,491656,5985,360009,5975,603827,5970,559148
2020-06-08 09:36:15.880000,5978.28,5980,488395,5985,363570,5975,603836,5970,559493
2020-06-08 09:36:17.040000,5978.28,5980,490691,5985,363570,5975,603546,5970,559493
2020-06-08 09:36:18.060000,5978.25,5980,490691,5985,363570,5975,603549,5970,561181
2020-06-08 09:36:18.540000,5980.31,5980,490691,5985,363570,5975,603549,5970,561181
2020-06-08 09:36:19.660000,5980.28,5980,590653,5985,363570,5975,493385,5970,634345
2020-06-08 09:36:19.900000,5980.28,5980,591153,5985,363570,5975,493385,5970,634345
2020-06-08 09:36:20.690000,5979.28,5980,591143,5985,363570,5975,493385,5970,634345
2020-06-08 09:36:21.110000,5979.28,5980,593719,5985,363570,5975,493468,5970,594348
2020-06-08 09:36:22.280000,5979.28,5980,593744,5985,363570,5975,493468,5970,594348
2020-06-08 09:36:22.780000,5979.28,5980,490782,5985,363570,5975,602773,5970,521184
2020-06-08 09:36:23.860000,5979.28,5980,289300,5985,476734,5975,604073,5970,521184
2020-06-08 09:36:24.130000,5979.28,5980,289298,5985,476734,5975,604073,5970,521184
2020-06-08 09:36:24.910000,5979.28,5980,109788,5985,476734,5975,604073,5970,521184
2020-06-08 09:36:25.930000,5979.28,5980,289549,5985,476734,5975,604023,5970,521184
2020-06-08 09:36:26.180000,5979.28,5980,289493,5985,476734,5975,607013,5970,511204
2020-06-08 09:36:27.010000,5979.28,5980,289488,5985,476734,5975,607013,5970,511204
2020-06-08 09:36:28.030000,5980.28,5980,289488,5985,476934,5975,607013,5970,511204
2020-06-08 09:36:28.540000,5980.33,5980,289493,5985,476934,5975,607013,5970,511204
2020-06-08 09:36:29.310000,5980.33,5980,289491,5985,476934,5975,606435,5970,511204
2020-06-08 09:36:30.140000,5981.3,5980,242355,5985,476934,5975,594746,5970,511204
2020-06-08 09:36:31.180000,5981.3,5980,62342,5985,476934,5975,594696,5970,511204
2020-06-08 09:36:32.230000,5981.3,5980,62175,5985,476934,5975,594691,5970,511209
2020-06-08 09:36:32.680000,5981.3,5980,73436,5985,476934,5975,594691,5970,511209
2020-06-08 09:36:33.800000,5981.3,5980,255401,5985,476934,5975,594681,5970,511209
2020-06-08 09:36:34.270000,5981.3,5980,75640,5985,476934,5975,594681,5970,511293
2020-06-08 09:36:35.390000,5981.3,5980,255881,5985,476934,5975,598380,5970,511293
2020-06-08 09:36:35.870000,5981.3,5980,256512,5985,476934,5975,598380,5970,511293
2020-06-08 09:36:36.940000,5981.3,5980,76750,5985,476934,5975,598380,5970,511293
2020-06-08 09:36:37.210000,5981.33,5985,484934,5990,416921,5980,156009,5975,603787
2020-06-08 09:36:38.000000,5981.33,5985,476963,5990,416921,5980,8011,5975,603787
2020-06-08 09:36:38.430000,5981.33,5985,476922,5990,416921,5980,154604,5975,603787
2020-06-08 09:36:39.550000,5981.36,5985,476922,5990,416921,5980,205604,5975,603787
2020-06-08 09:36:39.870000,5981.36,5985,477022,5990,416921,5980,314891,5975,597928
2020-06-08 09:36:40.600000,5982.36,5985,477022,5990,416921,5980,209335,5975,603954
2020-06-08 09:36:41.640000,5982.36,5985,477022,5990,416921,5980,215444,5975,602174
2020-06-08 09:36:42.700000,5982.36,5985,477022,5990,416921,5980,223183,5975,608200
2020-06-08 09:36:42.900000,5982.36,5985,477022,5990,416921,5980,223083,5975,608200
2020-06-08 09:36:43.720000,5982.36,5985,477022,5990,416921,5980,76275,5975,608200
2020-06-08 09:36:44.160000,5982.36,5985,477022,5990,416921,5980,78893,5975,608200
2020-06-08 09:36:45.240000,5982.36,5985,474670,5990,419335,5980,227694,5975,598200
2020-06-08 09:36:46.340000,5982.36,5985,474170,5990,419835,5980,226360,5975,598200
2020-06-08 09:36:46.640000,5982.36,5985,474150,5990,414835,5980,226840,5975,598200
2020-06-08 09:36:47.400000,5982.36,5985,474450,5990,414835,5980,227040,5975,598200
2020-06-08 09:36:47.840000,5982.36,5985,474440,5990,414835,5980,227040,5975,598200
2020-06-08 09:36:48.950000,5982.36,5985,474440,5990,414835,5980,28139,5975,598200
2020-06-08 09:36:49.200000,5982.39,5980,407064,5985,369276,5975,592773,5970,537481
2020-06-08 09:36:50.040000,5982.36,5980,406964,5985,369276,5975,589647,5970,537481
2020-06-08 09:36:51.040000,5982.36,5980,406959,5985,369276,5975,589647,5970,537481
2020-06-08 09:36:51.320000,5982.36,5980,406959,5985,369276,5975,589647,5970,537481
2020-06-08 09:36:52.130000,5982.36,5980,506921,5985,369276,5975,479483,5970,610645
2020-06-08 09:36:53.170000,5979.34,5980,506911,5985,369276,5975,479483,5970,610645
2020-06-08 09:36:53.470000,5979.34,5980,506159,5985,369276,5975,478731,5970,610645
2020-06-08 09:36:54.220000,5979.34,5980,506518,5985,369276,5975,467336,5970,610645
2020-06-08 09:36:55.280000,5979.34,5980,506518,5985,369276,5975,471034,5970,610645
2020-06-08 09:36:55.710000,5979.34,5980,404778,5985,369276,5975,581198,5970,537481
2020-06-08 09:36:56.340000,5979.34,5980,404778,5985,369276,5975,581198,5970,537481
2020-06-08 09:36:57.350000,5979.31,5980,504740,5985,369276,5975,471034,5970,610645
2020-06-08 09:36:57.800000,5979.31,5980,504740,5985,369276,5975,472531,5970,610645
2020-06-08 09:36:58.940000,5979.31,5980,504230,5985,369276,5975,472575,5970,610645
2020-06-08 09:36:59.310000,5979.31,5980,504230,5985,369276,5975,363949,5970,616671
2020-06-08 09:37:00.080000,5978.22,5980,504180,5985,369276,5975,363949,5970,615671
2020-06-08 09:37:01.070000,5978.22,5980,504180,5985,369676,5975,366533,5970,615671
2020-06-08 09:37:01.670000,5978.22,5980,504180,5985,369676,5975,366533,5970,609672
2020-06-08 09:37:02.660000,5978.22,5980,504180,5985,369676,5975,372570,5970,603646
2020-06-08 09:37:03.240000,5978.22,5980,504180,5985,369676,5975,363952,5970,609672
2020-06-08 09:37:04.250000,5978.22,5980,504182,5985,369734,5975,366289,5970,609672
2020-06-08 09:37:04.720000,5978.22,5980,504182,5985,369734,5975,365385,5970,609722
2020-06-08 09:37:05.330000,5978.22,5980,504282,5985,369734,5975,264113,5970,609722
2020-06-08 09:37:06.350000,5978.22,5980,504282,5985,369734,5975,264113,5970,585664
2020-06-08 09:37:06.510000,5978.22,5980,504262,5985,369734,5975,78291,5970,585664
2020-06-08 09:37:07.390000,5977.28,5980,504262,5985,369734,5975,78491,5970,585664
2020-06-08 09:37:07.660000,5977.25,5975,173006,5980,504262,5970,585664,5965,464220
2020-06-08 09:37:08.440000,5976.26,5975,215245,5980,504262,5970,584713,5965,464220
2020-06-08 09:37:09.470000,5975.26,5975,514131,5980,391098,5970,474549,5965,537384
2020-06-08 09:37:10.070000,5974.2,5975,514131,5980,391098,5970,474549,5965,537384
2020-06-08 09:37:11.050000,5974.2,5975,514131,5980,391098,5970,473549,5965,537384
2020-06-08 09:37:12.090000,5974.2,5975,514031,5980,391098,5970,473553,5965,537384
2020-06-08 09:37:12.670000,5974.2,5975,514021,5980,391098,5970,473553,5965,537384
2020-06-08 09:37:13.660000,5974.2,5975,514021,5980,391198,5970,473553,5965,537384
2020-06-08 09:37:14.690000,5974.2,5975,514021,5980,391198,5970,473553,5965,537384
2020-06-08 09:37:14.930000,5974.2,5975,514021,5980,391198,5970,473553,5965,537384
2020-06-08 09:37:15.760000,5974.2,5975,514021,5980,391198,5970,583720,5965,464220
2020-06-08 09:37:16.270000,5974.2,5975,514019,5980,391258,5970,478556,5965,537384
2020-06-08 09:37:17.370000,5974.2,5975,514019,5980,391258,5970,478564,5965,537384
2020-06-08 09:37:18.410000,5973.18,5975,514019,5980,391258,5970,588228,5965,464220
2020-06-08 09:37:19.430000,5974.17,5975,514019,5980,391258,5970,478065,5965,537384
2020-06-08 09:37:19.620000,5974.17,5975,514019,5980,391403,5970,588229,5965,464220
2020-06-08 09:37:20.510000,5974.17,5975,514019,5980,391403,5970,589729,5965,464220
2020-06-08 09:37:20.750000,5974.17,5975,514019,5980,391403,5970,589929,5965,464220
2020-06-08 09:37:21.550000,5974.17,5975,513919,5980,391403,5970,589929,5965,464220
2020-06-08 09:37:21.980000,5974.17,5975,513919,5980,391403,5970,589929,5965,464220
2020-06-08 09:37:23.120000,5974.17,5975,514121,5980,391403,5970,589295,5965,464220
2020-06-08 09:37:23.630000,5974.17,5975,514121,5980,391903,5970,589284,5965,464220
2020-06-08 09:37:24.760000,5974.17,5975,514021,5980,391903,5970,589284,5965,464220
2020-06-08 09:37:25.080000,5974.17,5975,514021,5980,391903,5970,588987,5965,464220
2020-06-08 09:37:25.870000,5974.17,5975,521741,5980,391903,5970,588987,5965,464220
2020-06-08 09:37:26.540000,5974.17,5975,511741,5980,391903,5970,578987,5965,464220
2020-06-08 09:37:27.170000,5974.17,5975,511729,5980,391928,5970,579087,5965,464220
2020-06-08 09:37:27.880000,5975.2,5975,511729,5980,391928,5970,579087,5965,464220
2020-06-08 09:37:28.130000,5974.17,5975,511729,5980,391928,5970,579087,5965,464220
2020-06-08 09:37:28.910000,5974.2,5975,11383,5980,506092,5970,579087,5965,464220
2020-06-08 09:37:29.410000,5974.2,5980,506092,5985,369793,5970,581783,5965,464220
2020-06-08 09:37:30.480000,5974.2,5980,506094,5985,369793,5975,8261,5970,576783
2020-06-08 09:37:31.000000,5974.2,5980,506094,5985,369793,5975,189500,5970,576827
2020-06-08 09:37:32.050000,5977.23,5980,506104,5985,369787,5975,248787,5970,570801
2020-06-08 09:37:33.100000,5977.23,5980,506104,5985,369897,5975,448787,5970,570801
2020-06-08 09:37:33.460000,5977.23,5980,406142,5985,369897,5975,558951,5970,497637
2020-06-08 09:37:34.670000,5977.23,5980,406032,5985,369897,5975,558951,5970,497737
2020-06-08 09:37:34.880000,5977.23,5980,406032,5985,369897,5975,558941,5970,497767
2020-06-08 09:37:35.730000,5977.23,5980,420980,5985,369897,5975,558941,5970,497767
2020-06-08 09:37:36.740000,5977.23,5980,420980,5985,369897,5975,558942,5970,497767
2020-06-08 09:37:36.870000,5977.23,5980,420980,5985,369897,5975,558942,5970,503766
2020-06-08 09:37:37.810000,5977.25,5980,420980,5985,369897,5975,558986,5970,503767
2020-06-08 09:37:37.970000,5979.28,5980,420480,5985,369897,5975,557086,5970,503767
2020-06-08 09:37:38.850000,5980.28,5980,420480,5985,369897,5975,557086,5970,503777
2020-06-08 09:37:39.050000,5980.28,5980,520442,5985,369897,5975,446922,5970,576941
2020-06-08 09:37:39.890000,5980.28,5980,520442,5985,369497,5975,347313,5970,576941
2020-06-08 09:37:40.360000,5978.28,5980,520442,5985,369497,5975,448307,5970,576941
2020-06-08 09:37:41.490000,5978.28,5980,539932,5985,369547,5975,342281,5970,587422
2020-06-08 09:37:41.970000,5978.28,5980,540032,5985,369552,5975,342311,5970,587422
2020-06-08 09:37:43.070000,5978.28,5980,540032,5985,369552,5975,199050,5970,587422
2020-06-08 09:37:43.470000,5978.28,5975,128860,5980,540032,5970,587436,5965,463996
2020-06-08 09:37:44.100000,5978.28,5980,540132,5985,397022,5970,587436,5965,463996
2020-06-08 09:37:45.200000,5978.28,5975,129753,5980,540132,5970,587436,5965,463996
2020-06-08 09:37:45.450000,5978.28,5975,139268,5980,540132,5970,584840,5965,463996
2020-06-08 09:37:46.230000,5978.28,5975,139268,5980,541235,5970,584832,5965,463996
2020-06-08 09:37:46.400000,5978.28,5975,138253,5980,541285,5970,584832,5965,463996
2020-06-08 09:37:46.810000,5978.28,5975,500,5980,541286,5970,584732,5965,463996
2020-06-08 09:37:47.850000,5976.32,5980,541286,5985,397022,5975,175980,5970,587328
2020-06-08 09:37:48.030000,5976.32,5980,541276,5985,397022,5970,587328,5965,463996
2020-06-08 09:37:48.880000,5976.23,5980,539276,5985,397022,5975,179251,5970,587328
2020-06-08 09:37:49.170000,5976.23,5980,539276,5985,397022,5975,10,5970,587328
2020-06-08 09:37:49.940000,5976.23,5975,4124,5980,539276,5970,587328,5965,463996
2020-06-08 09:37:50.290000,5976.26,5980,539276,5985,397022,5975,173087,5970,587328
2020-06-08 09:37:50.990000,5976.26,5980,539276,5985,397022,5975,170056,5970,587328
2020-06-08 09:37:52.000000,5976.26,5980,539276,5985,397022,5975,170076,5970,587328
2020-06-08 09:37:52.300000,5976.26,5980,539276,5985,397022,5975,229253,5970,581302
2020-06-08 09:37:53.150000,5976.26,5980,540276,5985,397022,5975,229203,5970,581402
2020-06-08 09:37:53.830000,5976.26,5980,540276,5985,397022,5975,334205,5970,581602
2020-06-08 09:37:55.160000,5976.26,5980,540275,5985,397022,5975,333950,5970,581602
2020-06-08 09:37:55.440000,5976.26,5980,540207,5985,397022,5975,433952,5970,581602
2020-06-08 09:37:56.230000,5976.26,5980,540207,5985,397022,5975,434062,5970,581602
2020-06-08 09:37:57.290000,5976.26,5980,541207,5985,397022,5975,434162,5970,581605
2020-06-08 09:37:57.570000,5978.25,5980,541207,5985,397022,5975,434163,5970,581605
2020-06-08 09:37:58.370000,5978.28,5980,541207,5985,397022,5975,332369,5970,581605
2020-06-08 09:37:59.350000,5978.28,5980,541207,5985,397072,5975,332370,5970,581605
2020-06-08 09:37:59.820000,5978.28,5980,541207,5985,397072,5975,323193,5970,587631
2020-06-08 09:38:00.950000,5978.28,5980,541207,5985,397072,5975,329219,5970,581605
2020-06-08 09:38:01.270000,5978.28,5980,541207,5985,397072,5975,431982,5970,581439
2020-06-08 09:38:02.070000,5978.28,5980,541207,5985,397072,5975,431981,5970,581439
2020-06-08 09:38:03.060000,5978.28,5980,541207,5985,397072,5975,331777,5970,581439
2020-06-08 09:38:04.110000,5978.28,5980,541207,5985,397072,5975,332084,5970,581439
2020-06-08 09:38:04.500000,5978.28,5980,541257,5985,397072,5975,332084,5970,581439
2020-06-08 09:38:05.660000,5978.28,5980,541257,5985,397072,5975,431884,5970,581449
2020-06-08 09:38:05.900000,5978.28,5980,441295,5985,397072,5975,542048,5970,508285
2020-06-08 09:38:06.710000,5977.25,5980,441295,5985,397072,5975,542049,5970,508284
2020-06-08 09:38:07.200000,5977.28,5980,443556,5985,397072,5975,543082,5970,508251
2020-06-08 09:38:08.240000,5978.28,5980,443556,5985,397072,5975,542822,5970,508251
2020-06-08 09:38:08.500000,5979.28,5980,446056,5985,397072,5975,542822,5970,508251
2020-06-08 09:38:09.280000,5979.28,5980,52728,5985,510236,5975,542922,5970,508251
2020-06-08 09:38:10.340000,5981.3,5980,196906,5985,510236,5975,542922,5970,508251
2020-06-08 09:38:10.610000,5981.3,5980,445792,5985,397072,5975,541922,5970,508251
2020-06-08 09:38:11.380000,5981.3,5980,445792,5985,397072,5975,541892,5970,508251
2020-06-08 09:38:11.930000,5981.3,5980,246906,5985,510236,5975,541897,5970,519950
2020-06-08 09:38:12.950000,5981.3,5980,196856,5985,510236,5975,541897,5970,519950
2020-06-08 09:38:13.960000,5981.3,5980,196876,5985,510236,5975,541997,5970,519950
2020-06-08 09:38:14.110000,5981.3,5980,196876,5985,510236,5975,542229,5970,519950
2020-06-08 09:38:15.000000,5981.3,5980,196876,5985,510236,5975,542229,5970,519950
2020-06-08 09:38:15.310000,5981.3,5980,445792,5985,397072,5975,542232,5970,519950
2020-06-08 09:38:16.080000,5981.3,5980,50728,5985,510236,5975,542298,5970,519950
2020-06-08 09:38:17.120000,5981.3,5985,510236,5990,402414,5980,148691,5975,550298
2020-06-08 09:38:17.630000,5980.31,5985,510235,5990,402414,5980,145541,5975,550298
2020-06-08 09:38:18.510000,5980.33,5985,510235,5990,402414,5980,200546,5975,550298
2020-06-08 09:38:19.760000,5982.36,5985,510215,5990,402414,5980,206674,5975,544270
2020-06-08 09:38:20.810000,5981.36,5985,510215,5990,402414,5980,409992,5975,543670
2020-06-08 09:38:21.840000,5981.36,5985,510217,5990,402414,5980,409992,5975,543670
2020-06-08 09:38:22.880000,5981.36,5985,510217,5990,402414,5980,409992,5975,543770
2020-06-08 09:38:23.310000,5981.36,5985,370117,5990,442414,5980,520159,5975,470506
2020-06-08 09:38:24.480000,5981.36,5985,370131,5990,439280,5980,520159,5975,470506
2020-06-08 09:38:25.540000,5981.36,5985,510131,5990,399280,5980,409995,5975,543670
2020-06-08 09:38:26.590000,5981.36,5985,370131,5990,439280,5980,521139,5975,470506
2020-06-08 09:38:26.960000,5981.36,5985,370121,5990,439280,5980,521139,5975,470606
2020-06-08 09:38:28.120000,5985.44,5985,370211,5990,439280,5980,521139,5975,470606
2020-06-08 09:38:28.400000,5984.47,5985,370211,5990,439280,5980,521139,5975,470606
2020-06-08 09:38:29.220000,5985.47,5985,364149,5990,439280,5980,519539,5975,470606
2020-06-08 09:38:30.210000,5985.47,5985,364149,5990,439280,5980,519372,5975,470606
2020-06-08 09:38:30.510000,5985.47,5985,364149,5990,439280,5980,518922,5975,470606
2020-06-08 09:38:31.170000,5985.47,5985,363533,5990,439280,5980,518922,5975,470606
2020-06-08 09:38:32.250000,5985.47,5985,364533,5990,439280,5980,518922,5975,470606
2020-06-08 09:38:32.460000,5985.47,5985,504533,5990,399280,5980,408758,5975,543770
2020-06-08 09:38:33.330000,5985.47,5985,503533,5990,399280,5980,408738,5975,543770
2020-06-08 09:38:34.330000,5985.47,5985,503513,5990,399280,5980,408738,5975,543750
2020-06-08 09:38:34.950000,5985.47,5985,503513,5990,399280,5980,408728,5975,543750
2020-06-08 09:38:35.950000,5985.47,5985,503513,5990,399280,5980,408728,5975,543755
2020-06-08 09:38:36.300000,5985.47,5985,503513,5990,399310,5980,408728,5975,543755
2020-06-08 09:38:36.910000,5985.47,5985,503513,5990,399310,5980,407879,5975,543523
2020-06-08 09:38:37.480000,5984.47,5985,503513,5990,399310,5980,407979,5975,543523
2020-06-08 09:38:38.560000,5983.47,5985,503513,5990,399310,5980,407979,5975,543723
2020-06-08 09:38:38.700000,5983.36,5985,377700,5990,439310,5980,518143,5975,470559
2020-06-08 09:38:39.600000,5983.36,5985,377700,5990,439310,5980,519144,5975,470556
2020-06-08 09:38:40.080000,5983.36,5985,517700,5990,399310,5980,409480,5975,543720
2020-06-08 09:38:41.400000,5983.36,5985,517700,5990,399315,5980,410480,5975,543720
2020-06-08 09:38:42.240000,5983.36,5985,517700,5990,399315,5980,410480,5975,543720
2020-06-08 09:38:43.270000,5983.36,5985,517825,5990,399315,5980,410480,5975,543720
2020-06-08 09:38:43.610000,5983.36,5985,517825,5990,401315,5980,410680,5975,543720
2020-06-08 09:38:44.280000,5983.36,5985,517830,5990,401315,5980,425973,5975,543720
2020-06-08 09:38:45.360000,5983.36,5985,377830,5990,441315,5980,536137,5975,470556
2020-06-08 09:38:45.600000,5983.36,5985,507827,5990,401315,5980,429507,5975,543520
2020-06-08 09:38:46.440000,5984.44,5985,367824,5990,441315,5980,539671,5975,470356
2020-06-08 09:38:47.480000,5983.44,5985,22458,5990,517740,5980,533645,5975,470356
2020-06-08 09:38:47.870000,5983.44,5985,155907,5990,517740,5980,573645,5975,480356
2020-06-08 09:38:48.570000,5984.44,5985,504793,5990,404576,5980,463481,5975,553520
2020-06-08 09:38:49.570000,5986.44,5985,364800,5990,444576,5980,573745,5975,480356
2020-06-08 09:38:49.970000,5985.41,5985,377326,5990,444576,5980,590406,5975,488406
2020-06-08 09:38:50.610000,5985.41,5985,165169,5990,517740,5980,590406,5975,488406
2020-06-08 09:38:51.690000,5985.41,5985,163169,5990,517740,5980,590339,5975,488406
2020-06-08 09:38:52.040000,5985.41,5985,166530,5990,517740,5980,590439,5975,488906
2020-06-08 09:38:53.240000,5985.41,5985,34914,5990,517740,5980,590439,5975,488906
2020-06-08 09:38:53.500000,5985.41,5985,37751,5990,518040,5980,593972,5975,488916
2020-06-08 09:38:54.300000,5985.41,5985,34916,5990,518040,5980,593972,5975,488750
2020-06-08 09:38:55.330000,5985.41,5990,526040,5995,442355,5985,177419,5980,561972
2020-06-08 09:38:55.560000,5985.41,5990,516059,5995,442355,5985,242797,5980,561972
2020-06-08 09:38:56.380000,5985.41,5990,516059,5995,442355,5985,242797,5980,561972
2020-06-08 09:38:56.900000,5985.41,5990,516056,5995,442355,5985,247793,5980,561972
2020-06-08 09:38:57.960000,5986.47,5990,516056,5995,442355,5985,245193,5980,561972
2020-06-08 09:38:58.180000,5986.49,5990,516056,5995,442355,5985,240065,5980,561972
2020-06-08 09:38:59.000000,5987.46,5990,516156,5995,442355,5985,256726,5980,545311
2020-06-08 09:38:59.400000,5987.46,5990,516156,5995,442355,5985,95050,5980,545311
2020-06-08 09:39:00.010000,5987.49,5990,516161,5995,442355,5985,95070,5980,545311
2020-06-08 09:39:01.080000,5987.49,5990,516161,5995,442355,5985,265076,5980,545321
2020-06-08 09:39:01.280000,5987.49,5990,516161,5995,442355,5985,265187,5980,545321
2020-06-08 09:39:02.140000,5987.49,5990,516161,5995,442405,5985,40097,5980,550405
2020-06-08 09:39:02.550000,5987.49,5985,3259,5990,524161,5980,547405,5975,483780
2020-06-08 09:39:03.680000,5987.49,5990,524161,5995,442405,5985,6584,5980,542321
2020-06-08 09:39:04.060000,5987.49,5990,516161,5995,442405,5985,177406,5980,542883
2020-06-08 09:39:05.240000,5987.49,5990,516161,5995,442405,5985,329608,5980,542886
2020-06-08 09:39:05.670000,5987.49,5990,516161,5995,442405,5985,329608,5980,542886
2020-06-08 09:39:06.800000,5987.49,5990,516261,5995,442405,5985,431777,5980,540886
2020-06-08 09:39:07.370000,5986.52,5990,516261,5995,442405,5985,231777,5980,540886
2020-06-08 09:39:08.360000,5987.49,5990,516261,5995,442405,5985,331557,5980,540386
2020-06-08 09:39:08.970000,5987.52,5990,516261,5995,442405,5985,232303,5980,540586
2020-06-08 09:39:09.910000,5987.52,5990,516271,5995,442405,5985,232303,5980,540586
2020-06-08 09:39:10.970000,5987.49,5990,516271,5995,442405,5985,229054,5980,540920
2020-06-08 09:39:11.210000,5987.49,5990,516271,5995,442405,5985,12296,5980,545999
2020-06-08 09:39:12.040000,5987.49,5985,173445,5990,524571,5980,545999,5975,483813
2020-06-08 09:39:13.100000,5987.49,5985,295447,5990,451407,5980,539134,5975,483813
2020-06-08 09:39:13.580000,5987.49,5985,298681,5990,452407,5980,539134,5975,483813
2020-06-08 09:39:14.660000,5987.49,5985,298781,5990,452407,5980,539134,5975,483813
2020-06-08 09:39:15.000000,5987.49,5985,438781,5990,412407,5980,413700,5975,556977
2020-06-08 09:39:15.740000,5987.49,5985,438643,5990,412407,5980,413700,5975,556977
2020-06-08 09:39:16.750000,5987.49,5985,438643,5990,412407,5980,413700,5975,556977
2020-06-08 09:39:17.750000,5985.47,5985,438643,5990,412407,5980,413700,5975,556977
2020-06-08 09:39:18.040000,5985.47,5985,423098,5990,412407,5980,413700,5975,556977
2020-06-08 09:39:18.790000,5984.44,5985,422719,5990,412407,5980,413697,5975,556977
2020-06-08 09:39:19.860000,5983.44,5985,422709,5990,412407,5980,413697,5975,556977
2020-06-08 09:39:20.110000,5983.44,5985,423691,5990,412407,5980,413714,5975,556977
2020-06-08 09:39:20.910000,5983.44,5985,423676,5990,412407,5980,413814,5975,556977
2020-06-08 09:39:21.420000,5983.44,5985,423926,5990,412407,5980,413814,5975,556977
2020-06-08 09:39:22.500000,5983.44,5985,423926,5990,412407,5980,414907,5975,556987
2020-06-08 09:39:22.680000,5983.44,5985,423926,5990,412407,5980,414907,5975,556987
2020-06-08 09:39:23.500000,5983.44,5985,424026,5990,412407,5980,414907,5975,556987
2020-06-08 09:39:24.600000,5983.44,5985,424026,5990,412407,5980,307521,5975,562071
2020-06-08 09:39:25.650000,5983.44,5985,424026,5990,412407,5980,416179,5975,556987
2020-06-08 09:39:25.960000,5983.44,5985,424027,5990,412407,5980,416179,5975,556987
2020-06-08 09:39:26.670000,5983.44,5985,284007,5990,452407,5980,524343,5975,483823
2020-06-08 09:39:27.750000,5982.39,5985,424006,5990,412417,5980,410589,5975,556987
2020-06-08 09:39:28.210000,5982.39,5985,284006,5990,452417,5980,520753,5975,483823
2020-06-08 09:39:29.320000,5984.41,5985,284006,5990,452417,5980,520753,5975,483823
2020-06-08 09:39:29.770000,5984.41,5985,254606,5990,452417,5980,519618,5975,483823
2020-06-08 09:39:30.880000,5984.41,5985,254606,5990,452417,5980,519618,5975,483823
