time,nav,sell1,sell1_cnt,sell2,sell2_cnt,buy1,buy1_cnt,buy2,buy2_cnt
2020-06-04 09:26:14.350000,0.0,6035,252333,6040,281921,6030,38388,6025,401830
2020-06-04 09:26:14.750000,0.0,6035,252333,6040,281921,6030,38339,6025,401830
2020-06-04 09:26:15.470000,0.0,6035,252333,6040,281921,6030,38339,6025,401830
2020-06-04 09:26:16.190000,6031.67,6030,58662,6035,260333,6025,401830,6020,314538
2020-06-04 09:26:17.220000,6031.67,6035,260332,6040,282921,6030,118405,6025,367359
2020-06-04 09:26:17.970000,6030.6,6035,253666,6040,282821,6030,121160,6025,367369
2020-06-04 09:26:18.860000,6031.67,6035,253665,6040,282821,6030,121265,6025,367370
2020-06-04 09:26:19.570000,6031.67,6035,253615,6040,282821,6030,121365,6025,367370
2020-06-04 09:26:20.470000,6031.67,6035,255615,6040,282821,6030,121365,6025,368298
2020-06-04 09:26:21.380000,6031.67,6035,255515,6040,282821,6030,221365,6025,368299
2020-06-04 09:26:22.190000,6031.67,6035,255475,6040,282821,6030,171435,6025,368299
2020-06-04 09:26:23.040000,6031.67,6035,255474,6040,282821,6030,306,6025,402830
2020-06-04 09:26:23.860000,6031.67,6035,255474,6040,282821,6030,140362,6025,368360
2020-06-04 09:26:24.750000,6031.67,6035,255524,6040,282821,6030,140362,6025,368360
2020-06-04 09:26:25.470000,6031.67,6035,256026,6040,290821,6030,8317,6025,402832
2020-06-04 09:26:26.470000,6031.67,6035,275976,6040,290871,6030,417,6025,403054
2020-06-04 09:26:27.350000,6031.67,6030,66513,6035,284626,6025,403444,6020,314670
2020-06-04 09:26:28.210000,6030.6,6030,166174,6035,273444,6025,403044,6020,314670
2020-06-04 09:26:29.360000,6029.54,6030,236214,6035,202944,6025,332649,6020,385170
2020-06-04 09:26:30.180000,6029.54,6030,236209,6035,202944,6025,333049,6020,385170
2020-06-04 09:26:31.250000,6029.54,6030,236159,6035,203994,6025,290669,6020,385670
2020-06-04 09:26:32.350000,6029.54,6030,236158,6035,203994,6025,139840,6020,385770
2020-06-04 09:26:33.290000,6029.54,6030,236158,6035,203994,6025,140241,6020,385770
2020-06-04 09:26:34.270000,6029.54,6030,262844,6035,203994,6025,2187,6020,423520
2020-06-04 09:26:35.180000,6029.54,6030,262844,6035,203994,6020,423520,6015,317932
2020-06-04 09:26:36.160000,6028.47,6030,262944,6035,203895,6025,91471,6020,389049
2020-06-04 09:26:37.070000,6027.38,6025,55255,6030,261894,6020,423525,6015,318932
2020-06-04 09:26:38.130000,6024.24,6030,261894,6035,211915,6020,423525,6015,318932
2020-06-04 09:26:39.070000,6024.24,6030,261894,6035,209955,6025,91471,6020,389055
2020-06-04 09:26:39.960000,6026.31,6030,261894,6035,209955,6020,423526,6015,318937
2020-06-04 09:26:40.680000,6026.31,6030,261894,6035,209955,6025,186670,6020,389055
2020-06-04 09:26:41.570000,6026.31,6030,261894,6035,209955,6025,113502,6020,389055
2020-06-04 09:26:42.460000,6026.31,6030,261994,6035,209955,6025,63502,6020,389355
2020-06-04 09:26:43.600000,6026.31,6030,261993,6035,209955,6025,63002,6020,389355
2020-06-04 09:26:44.160000,6026.31,6030,261993,6035,210055,6025,256077,6020,389483
2020-06-04 09:26:45.150000,6026.31,6025,235735,6030,154573,6020,403954,6015,319237
2020-06-04 09:26:46.160000,6026.31,6025,277838,6030,163873,6020,330175,6015,389737
2020-06-04 09:26:47.410000,6026.4,6025,40732,6030,267355,6020,403902,6015,319237
2020-06-04 09:26:48.460000,6024.21,6025,900,6030,267355,6020,389731,6015,319237
2020-06-04 09:26:49.570000,6024.21,6025,261471,6030,163873,6020,429731,6015,319237
2020-06-04 09:26:50.550000,6024.21,6030,267355,6035,207155,6025,73339,6020,389731
2020-06-04 09:26:51.570000,6024.21,6025,265488,6030,163873,6020,405290,6015,319238
2020-06-04 09:26:52.710000,6024.21,6025,238267,6030,163873,6020,334790,6015,389738
2020-06-04 09:26:53.460000,6024.21,6025,238321,6030,163973,6020,334792,6015,389758
2020-06-04 09:26:54.350000,6024.21,6025,203050,6030,128673,6020,299492,6015,354458
2020-06-04 09:26:55.440000,6026.28,6025,203050,6030,128673,6020,131126,6015,369597
2020-06-04 09:26:56.270000,6026.34,6025,203050,6030,128673,6020,17405,6015,373076
2020-06-04 09:26:57.210000,6023.12,6025,203067,6030,128673,6020,17405,6015,373076
2020-06-04 09:26:58.070000,6022.05,6025,193617,6030,128673,6020,77605,6015,373076
2020-06-04 09:26:59.320000,6021.02,6025,193617,6030,128673,6020,92646,6015,357936
2020-06-04 09:27:01.040000,6021.02,6025,193617,6030,128673,6020,18594,6015,373075
2020-06-04 09:27:01.490000,6021.02,6025,228917,6030,163973,6020,79440,6015,408375
2020-06-04 09:27:02.070000,6021.02,6025,227751,6030,163983,6020,179629,6015,393236
2020-06-04 09:27:03.070000,6021.02,6025,227751,6030,163983,6020,239629,6015,393236
2020-06-04 09:27:04.000000,6021.02,6025,228262,6030,163983,6020,189629,6015,393436
2020-06-04 09:27:04.850000,6021.02,6025,228263,6030,163988,6020,90218,6015,408575
2020-06-04 09:27:05.660000,6021.02,6025,228258,6030,163988,6020,240657,6015,393437
2020-06-04 09:27:06.570000,6023.12,6025,228258,6030,163988,6020,239657,6015,393437
2020-06-04 09:27:07.430000,6022.05,6025,224979,6030,163988,6020,409857,6015,322937
2020-06-04 09:27:08.540000,6023.09,6025,229268,6030,163988,6020,339457,6015,393447
2020-06-04 09:27:09.570000,6024.21,6025,228603,6030,163988,6020,339458,6015,393447
2020-06-04 09:27:10.720000,6024.21,6025,228353,6030,163988,6020,339708,6015,393447
2020-06-04 09:27:11.680000,6024.21,6025,228353,6030,163988,6020,339716,6015,393447
2020-06-04 09:27:12.640000,6024.21,6025,228338,6030,163988,6020,339726,6015,393448
2020-06-04 09:27:13.570000,6024.21,6025,248156,6030,163988,6020,341236,6015,393448
2020-06-04 09:27:14.360000,6024.21,6025,256156,6030,155988,6020,341436,6015,393449
2020-06-04 09:27:15.180000,6024.21,6025,256156,6030,155988,6020,341436,6015,393460
2020-06-04 09:27:16.180000,6024.21,6025,256146,6030,155988,6020,341436,6015,393460
2020-06-04 09:27:17.050000,6023.15,6025,257146,6030,155988,6020,341464,6015,393460
2020-06-04 09:27:17.970000,6023.12,6025,259147,6030,155988,6020,241025,6015,408599
2020-06-04 09:27:19.130000,6023.15,6025,259252,6030,155988,6020,241075,6015,408099
2020-06-04 09:27:19.770000,6023.15,6025,259252,6030,155988,6020,91075,6015,408099
2020-06-04 09:27:20.660000,6023.15,6025,260032,6030,155988,6020,91075,6015,408099
2020-06-04 09:27:21.610000,6023.15,6025,260198,6030,156038,6020,28280,6015,407545
2020-06-04 09:27:22.290000,6023.15,6025,260198,6030,206038,6020,89236,6015,407545
2020-06-04 09:27:23.070000,6023.15,6025,260198,6030,206038,6020,239775,6015,392407
2020-06-04 09:27:23.970000,6023.15,6025,260198,6030,206038,6020,321637,6015,392407
2020-06-04 09:27:24.860000,6023.15,6025,260283,6030,206038,6020,223138,6015,392407
2020-06-04 09:27:25.740000,6023.15,6025,260338,6030,206038,6020,223138,6015,392407
2020-06-04 09:27:26.540000,6021.05,6025,260318,6030,206038,6020,222638,6015,407407
2020-06-04 09:27:27.360000,6023.12,6025,260184,6030,206038,6020,137338,6015,407407
2020-06-04 09:27:28.290000,6023.09,6025,260183,6030,206038,6020,220009,6015,407407
2020-06-04 09:27:28.990000,6022.08,6025,260183,6030,206038,6020,220009,6015,407407
2020-06-04 09:27:29.860000,6022.08,6025,260163,6030,207338,6020,220952,6015,407407
2020-06-04 09:27:30.770000,6022.08,6025,260163,6030,207338,6020,320952,6015,407407
2020-06-04 09:27:31.910000,6022.08,6025,241739,6030,207538,6020,323552,6015,407407
2020-06-04 09:27:32.770000,6022.08,6025,241839,6030,208093,6020,323716,6015,407407
2020-06-04 09:27:33.680000,6022.08,6025,241839,6030,208270,6020,323437,6015,407407
2020-06-04 09:27:34.540000,6022.08,6025,241849,6030,208270,6020,14008,6015,422546
2020-06-04 09:27:35.440000,6022.08,6020,1999,6025,249849,6015,422350,6010,313311
2020-06-04 09:27:36.530000,6023.15,6020,9987,6025,249849,6015,422350,6010,313311
2020-06-04 09:27:37.470000,6021.02,6020,88987,6025,249849,6015,422350,6010,313311
2020-06-04 09:27:38.380000,6021.02,6020,124606,6025,216867,6015,422350,6010,313411
2020-06-04 09:27:39.270000,6021.02,6020,308346,6025,145567,6015,351850,6010,383911
2020-06-04 09:27:40.240000,6021.02,6020,308531,6025,145567,6015,351850,6010,383911
2020-06-04 09:27:41.170000,6021.02,6020,308531,6025,145567,6015,351850,6010,384011
2020-06-04 09:27:42.060000,6021.02,6020,310075,6025,145206,6015,350150,6010,384011
2020-06-04 09:27:43.030000,6021.02,6020,310075,6025,145206,6015,350250,6010,385611
2020-06-04 09:27:43.840000,6021.02,6020,310075,6025,145236,6015,350250,6010,385611
2020-06-04 09:27:44.730000,6021.02,6020,290074,6025,145236,6015,349104,6010,385611
2020-06-04 09:27:45.670000,6019.95,6020,290074,6025,145936,6015,349499,6010,385611
2020-06-04 09:27:46.590000,6018.89,6020,290085,6025,145936,6015,349499,6010,385611
2020-06-04 09:27:47.370000,6017.82,6020,290585,6025,145936,6015,349499,6010,385711
2020-06-04 09:27:48.230000,6018.92,6020,290585,6025,145946,6015,349499,6010,385711
2020-06-04 09:27:48.970000,6019.92,6020,113030,6025,242228,6015,419199,6010,315210
2020-06-04 09:27:49.870000,6019.92,6020,113030,6025,242228,6015,419300,6010,315210
2020-06-04 09:27:50.760000,6019.92,6020,299227,6025,162652,6015,351416,6010,385710
2020-06-04 09:27:51.750000,6019.92,6020,299227,6025,162652,6015,348188,6010,385710
2020-06-04 09:27:52.750000,6019.92,6020,299227,6025,160652,6015,350510,6010,386761
2020-06-04 09:27:53.580000,6019.92,6020,299227,6025,160642,6015,350523,6010,386761
2020-06-04 09:27:54.370000,6019.92,6020,299227,6025,160642,6015,350523,6010,386861
2020-06-04 09:27:55.260000,6019.92,6020,299227,6025,161942,6015,298163,6010,386861
2020-06-04 09:27:56.290000,6019.92,6020,299226,6025,161942,6015,298443,6010,386861
2020-06-04 09:27:57.070000,6018.86,6020,297226,6025,161942,6015,301397,6010,386861
2020-06-04 09:27:57.870000,6016.79,6020,297226,6025,161942,6015,301343,6010,386861
2020-06-04 09:27:58.780000,6016.79,6020,297226,6025,161942,6015,354654,6010,386862
2020-06-04 09:27:59.570000,6016.79,6020,296726,6025,161942,6015,354520,6010,386862
2020-06-04 09:28:00.460000,6017.82,6020,296717,6025,161942,6015,304897,6010,386962
2020-06-04 09:28:01.370000,6017.82,6020,296717,6025,161942,6015,354899,6010,386962
2020-06-04 09:28:02.390000,6017.82,6020,296817,6025,162902,6015,353899,6010,386962
2020-06-04 09:28:03.070000,6017.82,6020,296779,6025,185518,6015,346946,6010,386972
2020-06-04 09:28:03.930000,6017.82,6020,296828,6025,185506,6015,346944,6010,386972
2020-06-04 09:28:04.860000,6017.82,6020,296828,6025,185506,6015,346954,6010,386972
2020-06-04 09:28:05.680000,6017.82,6020,294608,6025,184506,6015,345954,6010,386972
2020-06-04 09:28:06.540000,6017.82,6020,296073,6025,184506,6015,346954,6010,386972
2020-06-04 09:28:07.470000,6018.89,6020,296046,6025,184506,6015,346954,6010,387046
2020-06-04 09:28:08.570000,6018.92,6020,294581,6025,184506,6015,347254,6010,386946
2020-06-04 09:28:09.680000,6019.95,6020,301081,6025,184506,6015,346854,6010,387046
2020-06-04 09:28:10.690000,6019.95,6020,118163,6025,287988,6015,419627,6010,316546
2020-06-04 09:28:11.680000,6019.95,6020,303350,6025,184506,6015,349145,6010,387046
2020-06-04 09:28:12.650000,6019.95,6020,120422,6025,287988,6015,418994,6010,316546
2020-06-04 09:28:13.470000,6019.95,6020,118780,6025,287988,6015,418994,6010,316556
2020-06-04 09:28:14.270000,6019.95,6020,117421,6025,287988,6015,418994,6010,316556
2020-06-04 09:28:15.160000,6019.95,6020,121510,6025,287988,6015,418994,6010,316556
2020-06-04 09:28:16.070000,6019.95,6020,304529,6025,184506,6015,348559,6010,386991
2020-06-04 09:28:16.860000,6019.95,6020,121653,6025,287988,6015,419159,6010,316491
2020-06-04 09:28:17.740000,6020.99,6020,154735,6025,255006,6015,348667,6010,386991
2020-06-04 09:28:18.470000,6019.95,6020,304671,6025,184506,6015,348677,6010,386991
2020-06-04 09:28:19.360000,6018.89,6020,304671,6025,184506,6015,348687,6010,386991
2020-06-04 09:28:20.270000,6018.89,6020,304671,6025,184506,6015,348687,6010,386991
2020-06-04 09:28:21.080000,6018.89,6020,304671,6025,184506,6015,348787,6010,386891
2020-06-04 09:28:21.970000,6018.89,6020,302675,6025,186358,6015,348787,6010,386902
2020-06-04 09:28:22.770000,6018.89,6020,302675,6025,222358,6015,348767,6010,386902
2020-06-04 09:28:23.570000,6018.89,6020,303862,6025,222358,6015,158883,6010,386902
2020-06-04 09:28:24.360000,6018.89,6020,303862,6025,222359,6015,158885,6010,386903
2020-06-04 09:28:25.180000,6018.89,6020,303862,6025,222359,6015,158880,6010,386903
2020-06-04 09:28:26.040000,6018.89,6020,303862,6025,222359,6015,105330,6010,402142
2020-06-04 09:28:26.970000,6018.89,6020,304606,6025,222359,6015,157049,6010,390282
2020-06-04 09:28:27.860000,6016.76,6020,304476,6025,222359,6015,162693,6010,390282
2020-06-04 09:28:28.680000,6017.8,6020,304476,6025,222359,6015,162803,6010,390317
2020-06-04 09:28:29.540000,6017.8,6020,302831,6025,222359,6015,161158,6010,390317
2020-06-04 09:28:30.830000,6017.8,6015,288440,6020,201948,6010,334956,6005,463057
2020-06-04 09:28:32.270000,6017.8,6015,41678,6020,305430,6010,405456,6005,341212
2020-06-04 09:28:33.330000,6017.8,6020,305430,6025,222359,6015,110954,6010,398317
2020-06-04 09:28:34.160000,6017.8,6020,305430,6025,222359,6015,110967,6010,398337
2020-06-04 09:28:34.880000,6017.8,6020,305430,6025,222359,6015,212090,6010,398337
2020-06-04 09:28:35.770000,6017.8,6020,305430,6025,222359,6015,211950,6010,398337
2020-06-04 09:28:36.540000,6015.73,6020,305430,6025,222359,6015,211910,6010,398339
2020-06-04 09:28:37.330000,6016.73,6020,305430,6025,222359,6015,212410,6010,398339
2020-06-04 09:28:38.130000,6017.82,6020,305475,6025,222359,6015,212410,6010,398339
2020-06-04 09:28:38.970000,6017.82,6020,305475,6025,222359,6015,162410,6010,398450
2020-06-04 09:28:39.970000,6017.82,6020,305365,6025,222364,6015,212411,6010,398450
2020-06-04 09:28:40.770000,6017.82,6020,305365,6025,222394,6015,220715,6010,398445
2020-06-04 09:28:41.570000,6017.82,6020,305365,6025,222494,6015,221015,6010,398455
2020-06-04 09:28:42.440000,6017.82,6020,305365,6025,186494,6015,221015,6010,398455
2020-06-04 09:28:43.150000,6017.82,6020,305815,6025,186494,6015,221016,6010,398455
2020-06-04 09:28:43.860000,6017.82,6020,305815,6025,187494,6015,221016,6010,398455
2020-06-04 09:28:44.570000,6017.82,6020,305815,6025,187494,6015,321016,6010,398666
2020-06-04 09:28:45.380000,6017.82,6020,305632,6025,187494,6015,321016,6010,398666
2020-06-04 09:28:46.070000,6017.85,6020,305631,6025,187494,6015,321016,6010,398686
2020-06-04 09:28:46.960000,6017.82,6020,305631,6025,188494,6015,320666,6010,398686
2020-06-04 09:28:47.770000,6018.89,6020,306431,6025,187694,6015,320728,6010,398786
2020-06-04 09:28:48.570000,6018.89,6020,306426,6025,187860,6015,320788,6010,401786
2020-06-04 09:28:49.470000,6018.89,6020,306426,6025,187860,6015,320918,6010,401786
2020-06-04 09:28:50.360000,6018.89,6020,306421,6025,187860,6015,321662,6010,401786
2020-06-04 09:28:51.380000,6018.89,6020,298421,6025,187860,6015,171662,6010,401786
2020-06-04 09:28:52.360000,6018.89,6020,298416,6025,187860,6015,71220,6010,417725
2020-06-04 09:28:53.270000,6018.89,6020,298396,6025,187860,6015,127763,6010,402586
2020-06-04 09:28:54.070000,6018.89,6020,298396,6025,187860,6015,128458,6010,402586
2020-06-04 09:28:55.020000,6018.89,6020,298396,6025,187860,6015,228468,6010,402575
2020-06-04 09:28:55.830000,6018.89,6020,298396,6025,188490,6015,228911,6010,402576
2020-06-04 09:28:56.570000,6016.79,6020,298396,6025,188490,6015,129204,6010,402626
2020-06-04 09:28:57.330000,6017.82,6020,298396,6025,188490,6015,230204,6010,402626
2020-06-04 09:28:58.070000,6017.82,6020,297896,6025,188490,6015,230254,6010,402626
2020-06-04 09:28:58.860000,6017.85,6020,297895,6025,188490,6015,230452,6010,402626
2020-06-04 09:28:59.770000,6017.85,6020,297905,6025,188490,6015,230453,6010,402626
2020-06-04 09:29:00.690000,6017.85,6020,298016,6025,188490,6015,132631,6010,402626
2020-06-04 09:29:01.610000,6017.85,6020,298006,6025,188490,6015,132623,6010,402626
2020-06-04 09:29:02.340000,6017.85,6020,297739,6025,188490,6015,132648,6010,402626
2020-06-04 09:29:03.140000,6017.85,6020,297751,6025,188490,6015,131988,6010,402626
2020-06-04 09:29:03.980000,6017.85,6020,297739,6025,188490,6015,131778,6010,402626
2020-06-04 09:29:04.840000,6017.85,6020,297739,6025,188490,6015,24378,6010,417775
2020-06-04 09:29:05.730000,6017.85,6015,90048,6020,299215,6010,417775,6005,340255
2020-06-04 09:29:06.530000,6016.79,6015,97635,6020,299215,6010,409775,6005,340255
2020-06-04 09:29:07.260000,6016.73,6015,286417,6020,195733,6010,339275,6005,410755
2020-06-04 09:29:08.170000,6014.66,6015,39176,6020,299215,6010,409775,6005,340255
2020-06-04 09:29:08.970000,6016.76,6020,309215,6025,186638,6015,119001,6010,402636
2020-06-04 09:29:09.840000,6016.76,6020,309215,6025,186638,6015,10059,6010,417775
2020-06-04 09:29:10.760000,6016.76,6020,309215,6025,186638,6015,118813,6010,402636
2020-06-04 09:29:11.760000,6016.76,6020,309265,6025,186838,6015,8222,6010,417785
2020-06-04 09:29:12.640000,6016.76,6020,309265,6025,186838,6015,223,6010,417790
2020-06-04 09:29:13.400000,6016.76,6015,55593,6020,309265,6010,417790,6005,340265
2020-06-04 09:29:14.170000,6016.76,6015,836,6020,309265,6010,418090,6005,340267
2020-06-04 09:29:14.930000,6016.76,6015,63593,6020,309410,6010,410092,6005,340267
2020-06-04 09:29:15.780000,6016.76,6015,1546,6020,309910,6010,410092,6005,391262
2020-06-04 09:29:16.570000,6016.79,6015,64303,6020,309910,6010,410092,6005,391262
2020-06-04 09:29:17.340000,6015.7,6015,64303,6020,309910,6010,410302,6005,391272
2020-06-04 09:29:18.070000,6015.7,6015,1546,6020,309900,6010,410802,6005,391272
2020-06-04 09:29:18.840000,6015.7,6020,309900,6025,186838,6015,64915,6010,418538
2020-06-04 09:29:19.640000,6015.7,6020,306554,6025,186838,6015,118035,6010,403417
2020-06-04 09:29:20.340000,6015.7,6020,306554,6025,186838,6015,117535,6010,403427
2020-06-04 09:29:21.230000,6015.7,6020,306554,6025,186838,6015,117535,6010,403437
2020-06-04 09:29:21.960000,6015.7,6020,306554,6025,186838,6015,117535,6010,403437
2020-06-04 09:29:22.780000,6015.7,6020,306544,6025,186838,6015,8011,6010,418576
2020-06-04 09:29:23.570000,6015.7,6020,306544,6025,186838,6015,8387,6010,418576
2020-06-04 09:29:24.130000,6015.7,6020,306544,6025,186838,6015,8382,6010,418576
2020-06-04 09:29:24.930000,6015.7,6020,306544,6025,186838,6015,8000,6010,418576
2020-06-04 09:29:25.630000,6015.7,6020,306544,6025,186838,6015,10071,6010,418576
2020-06-04 09:29:26.430000,6016.76,6020,305860,6025,186838,6015,120202,6010,403440
2020-06-04 09:29:27.240000,6015.7,6020,305660,6025,186838,6015,118002,6010,403440
2020-06-04 09:29:28.040000,6016.79,6020,305660,6025,186838,6015,8881,6010,418579
2020-06-04 09:29:28.840000,6016.79,6020,305660,6025,186838,6015,11165,6010,418558
2020-06-04 09:29:29.630000,6016.79,6020,305660,6025,186838,6015,10665,6010,418558
2020-06-04 09:29:30.430000,6016.79,6020,305660,6025,186838,6015,12411,6010,418558
2020-06-04 09:29:31.240000,6016.79,6020,305660,6025,186838,6015,12411,6010,418558
2020-06-04 09:29:32.070000,6016.79,6020,305660,6025,186838,6015,12611,6010,418558
2020-06-04 09:29:32.870000,6016.79,6020,306180,6025,186838,6015,4641,6010,418558
2020-06-04 09:29:33.650000,6016.79,6020,306180,6025,186838,6015,4561,6010,419559
2020-06-04 09:29:34.370000,6016.79,6020,306180,6025,186838,6015,12136,6010,419559
2020-06-04 09:29:35.070000,6016.79,6020,306180,6025,186838,6015,122367,6010,404420
2020-06-04 09:29:35.870000,6016.76,6020,306180,6025,186838,6015,112317,6010,404421
2020-06-04 09:29:36.770000,6016.76,6020,306180,6025,186838,6015,2186,6010,419560
2020-06-04 09:29:37.660000,6015.7,6015,87237,6020,277258,6010,341060,6005,453448
2020-06-04 09:29:38.570000,6016.76,6015,245802,6020,206758,6010,341160,6005,453448
2020-06-04 09:29:39.270000,6014.63,6015,250112,6020,206908,6010,341160,6005,453478
2020-06-04 09:29:40.130000,6014.63,6015,250162,6020,206908,6010,341160,6005,453478
2020-06-04 09:29:41.070000,6014.63,6015,250309,6020,206908,6010,341160,6005,453478
2020-06-04 09:29:41.830000,6014.63,6015,255540,6020,206908,6010,341160,6005,453478
2020-06-04 09:29:42.680000,6014.63,6015,255570,6020,216908,6010,342160,6005,453478
2020-06-04 09:29:43.530000,6014.63,6015,255515,6020,216863,6010,342160,6005,453478
2020-06-04 09:29:44.360000,6014.63,6015,220215,6020,216863,6010,343160,6005,453478
2020-06-04 09:29:45.170000,6014.63,6015,256115,6020,216863,6010,343160,6005,453589
2020-06-04 09:29:46.060000,6013.6,6015,256115,6020,232863,6010,343160,6005,453889
2020-06-04 09:29:46.970000,6013.57,6015,255705,6020,232813,6010,343160,6005,453889
2020-06-04 09:29:47.740000,6014.6,6015,255705,6020,232813,6010,343160,6005,453889
2020-06-04 09:29:48.470000,6014.6,6015,256405,6020,232813,6010,343160,6005,453889
2020-06-04 09:29:49.170000,6014.6,6015,256907,6020,232813,6010,343158,6005,453889
2020-06-04 09:29:49.830000,6014.6,6015,256907,6020,232813,6010,343208,6005,453889
2020-06-04 09:29:50.740000,6014.6,6015,256907,6020,232813,6010,342608,6005,453889
2020-06-04 09:29:51.670000,6014.6,6015,256907,6020,232813,6010,342608,6005,453891
2020-06-04 09:29:53.440000,6014.6,6015,255907,6020,232813,6010,342608,6005,453891
2020-06-04 09:29:54.270000,6014.6,6015,64543,6020,336150,6010,412643,6005,383391
2020-06-04 09:29:55.060000,6014.6,6015,256374,6020,232668,6010,347092,6005,453891
2020-06-04 09:29:55.760000,6013.57,6015,66187,6020,336150,6010,417897,6005,383391
2020-06-04 09:29:56.530000,6013.57,6015,74967,6020,336150,6010,410142,6005,383391
2020-06-04 09:29:57.340000,6014.63,6015,73967,6020,336150,6010,410142,6005,383391
2020-06-04 09:29:58.170000,6015.67,6015,73984,6020,336150,6010,410101,6005,383391
2020-06-04 09:29:58.970000,6015.67,6015,262776,6020,232668,6010,339591,6005,453911
2020-06-04 09:29:59.870000,6015.67,6015,262776,6020,232668,6010,339591,6005,453912
2020-06-04 09:30:00.870000,6015.67,6015,263860,6020,232668,6010,340591,6005,453912
2020-06-04 09:30:01.840000,6015.67,6015,263860,6020,232668,6010,340391,6005,453912
2020-06-04 09:30:02.840000,6015.67,6015,263956,6020,232656,6010,340367,6005,453912
2020-06-04 09:30:03.760000,6015.67,6015,263857,6020,232656,6010,340366,6005,453912
2020-06-04 09:30:04.730000,6015.67,6015,264507,6020,232656,6010,340366,6005,453912
2020-06-04 09:30:05.670000,6014.66,6015,264509,6020,232656,6010,340665,6005,453912
2020-06-04 09:30:06.730000,6012.53,6015,264509,6020,232656,6010,339834,6005,453912
2020-06-04 09:30:07.560000,6012.53,6015,260209,6020,232657,6010,339834,6005,453912
2020-06-04 09:30:08.430000,6012.5,6015,260209,6020,232657,6010,295191,6005,453912
2020-06-04 09:30:09.280000,6012.5,6015,261012,6020,231913,6010,297699,6005,453912
2020-06-04 09:30:10.070000,6012.5,6015,261013,6020,231913,6010,162914,6005,453912
2020-06-04 09:30:10.870000,6012.5,6015,260940,6020,231913,6010,210763,6005,453912
2020-06-04 09:30:11.780000,6012.5,6015,260940,6020,231914,6010,261063,6005,453912
2020-06-04 09:30:12.630000,6012.5,6015,260940,6020,232414,6010,261063,6005,453912
2020-06-04 09:30:13.430000,6012.5,6015,240940,6020,232414,6010,216400,6005,453912
2020-06-04 09:30:14.270000,6012.5,6015,240950,6020,232414,6010,166758,6005,453912
2020-06-04 09:30:15.160000,6012.5,6015,240945,6020,232414,6010,57019,6005,469052
2020-06-04 09:30:16.240000,6012.5,6015,240945,6020,232414,6010,58557,6005,472331
2020-06-04 09:30:17.070000,6012.5,6010,270161,6015,137463,6005,472331,6000,367977
2020-06-04 09:30:18.040000,6012.5,6010,305814,6015,137463,6005,472331,6000,367977
2020-06-04 09:30:18.930000,6010.43,6010,106317,6015,277199,6005,472331,6000,367977
2020-06-04 09:30:19.870000,6010.43,6010,104893,6015,271968,6005,472331,6000,367977
2020-06-04 09:30:20.740000,6010.43,6010,109510,6015,271988,6005,472331,6000,364977
2020-06-04 09:30:21.660000,6010.43,6010,342409,6015,161510,6005,472329,6000,364977
2020-06-04 09:30:22.480000,6010.43,6010,170908,6015,272010,6005,462329,6000,364987
2020-06-04 09:30:23.470000,6010.4,6010,353091,6015,161520,6005,462329,6000,364987
2020-06-04 09:30:24.470000,6010.4,6010,357882,6015,161520,6005,462352,6000,365087
2020-06-04 09:30:25.350000,6010.4,6010,357882,6015,161520,6005,462352,6000,365093
2020-06-04 09:30:26.160000,6010.37,6015,272620,6020,229619,6010,109439,6005,447213
2020-06-04 09:30:27.040000,6009.34,6015,272620,6020,229619,6010,110571,6005,447213
2020-06-04 09:30:27.940000,6011.44,6015,272620,6020,229619,6010,2438,6005,462302
2020-06-04 09:30:28.830000,6010.4,6015,272620,6020,229619,6010,1073,6005,462292
2020-06-04 09:30:29.740000,6010.4,6010,247198,6015,162120,6005,462292,6000,366993
2020-06-04 09:30:30.570000,6010.4,6010,247590,6015,162120,6005,462292,6000,366993
2020-06-04 09:30:31.470000,6010.4,6010,105048,6015,232620,6005,462292,6000,367303
2020-06-04 09:30:32.470000,6010.4,6010,9571,6015,272620,6005,462300,6000,367303
2020-06-04 09:30:33.670000,6010.4,6010,9571,6015,272620,6005,462800,6000,367403
2020-06-04 09:30:34.530000,6010.4,6010,9571,6015,272620,6005,462800,6000,367403
2020-06-04 09:30:35.360000,6010.4,6010,22075,6015,272620,6005,462895,6000,367403
2020-06-04 09:30:36.170000,6010.37,6015,271970,6020,230354,6010,109389,6005,455806
2020-06-04 09:30:36.970000,6010.37,6015,271970,6020,230354,6010,214603,6005,455807
2020-06-04 09:30:37.830000,6013.54,6015,273823,6020,230354,6010,112035,6005,455807
2020-06-04 09:30:38.670000,6013.54,6015,273823,6020,230354,6010,109434,6005,455857
2020-06-04 09:30:39.470000,6012.5,6015,273678,6020,230354,6010,222,6005,470124
2020-06-04 09:30:40.270000,6012.5,6010,105,6015,273668,6005,470124,6000,367503
2020-06-04 09:30:41.060000,6012.5,6010,8085,6015,273668,6005,462124,6000,367503
2020-06-04 09:30:41.770000,6012.5,6010,85002,6015,273668,6005,462174,6000,367603
2020-06-04 09:30:42.670000,6012.5,6010,87664,6015,273668,6005,462174,6000,367603
2020-06-04 09:30:43.440000,6012.5,6010,87661,6015,273668,6005,462174,6000,367603
2020-06-04 09:30:44.170000,6012.5,6010,329071,6015,163168,6005,462180,6000,367603
2020-06-04 09:30:44.970000,6012.5,6010,328971,6015,163168,6005,462180,6000,367603
2020-06-04 09:30:45.760000,6012.5,6010,329671,6015,163668,6005,462180,6000,367653
2020-06-04 09:30:46.550000,6012.5,6010,329387,6015,163668,6005,462180,6000,367703
2020-06-04 09:30:47.370000,6011.41,6010,327612,6015,163668,6005,462191,6000,367703
2020-06-04 09:30:48.170000,6009.34,6010,328534,6015,163668,6005,462191,6000,367703
2020-06-04 09:30:48.870000,6009.31,6010,308194,6015,163668,6005,462191,6000,367703
2020-06-04 09:30:49.640000,6009.31,6010,308153,6015,163668,6005,462191,6000,367703
2020-06-04 09:30:50.580000,6009.31,6010,308153,6015,163668,6005,462591,6000,367703
2020-06-04 09:30:51.430000,6009.31,6010,49584,6015,274168,6005,448374,6000,367703
2020-06-04 09:30:52.260000,6009.31,6010,52168,6015,273424,6005,481356,6000,367703
2020-06-04 09:30:53.070000,6009.31,6015,273424,6020,237864,6010,20,6005,481156
2020-06-04 09:30:53.930000,6009.31,6010,51898,6015,273421,6005,479156,6000,337204
2020-06-04 09:30:54.670000,6009.31,6010,244243,6015,162921,6005,471156,6000,337204
2020-06-04 09:30:55.640000,6009.31,6010,244233,6015,162921,6005,471157,6000,337209
2020-06-04 09:30:56.430000,6010.37,6010,243233,6015,162921,6005,471157,6000,337209
2020-06-04 09:30:57.370000,6010.4,6010,248464,6015,163821,6005,465926,6000,337459
2020-06-04 09:30:58.140000,6009.34,6010,247865,6015,163824,6005,466426,6000,337459
2020-06-04 09:30:58.960000,6008.27,6010,248865,6015,163824,6005,466426,6000,337459
2020-06-04 09:30:59.840000,6008.27,6010,248865,6015,163824,6005,463187,6000,337959
2020-06-04 09:31:00.870000,6008.27,6010,261349,6015,163924,6005,466468,6000,337959
2020-06-04 09:31:01.870000,6008.27,6010,261349,6015,163924,6005,463189,6000,337959
2020-06-04 09:31:02.770000,6008.27,6010,261349,6015,163924,6005,463193,6000,340751
2020-06-04 09:31:03.570000,6008.27,6010,261845,6015,163924,6005,466472,6000,340862
2020-06-04 09:31:04.460000,6008.27,6010,261845,6015,163902,6005,466472,6000,340861
2020-06-04 09:31:05.270000,6008.27,6010,262145,6015,163902,6005,466472,6000,340861
2020-06-04 09:31:06.130000,6008.27,6010,264899,6015,163138,6005,466472,6000,340861
2020-06-04 09:31:06.980000,6008.24,6010,264904,6015,163138,6005,466596,6000,340866
2020-06-04 09:31:07.770000,6008.27,6010,264904,6015,163138,6005,461696,6000,340866
2020-06-04 09:31:08.660000,6009.31,6010,263904,6015,163138,6005,461696,6000,340867
2020-06-04 09:31:09.430000,6009.31,6010,263904,6015,163138,6005,461696,6000,340867
2020-06-04 09:31:10.270000,6009.31,6010,264115,6015,163138,6005,461696,6000,340867
2020-06-04 09:31:11.040000,6009.31,6010,264645,6015,163138,6005,461116,6000,340867
2020-06-04 09:31:11.770000,6009.31,6010,264645,6015,163138,6005,461218,6000,340867
2020-06-04 09:31:12.440000,6009.31,6010,264645,6015,163138,6005,461218,6000,340867
2020-06-04 09:31:13.070000,6009.31,6010,265644,6015,163138,6005,460218,6000,340867
2020-06-04 09:31:13.830000,6009.31,6010,265644,6015,163138,6005,460218,6000,340867
2020-06-04 09:31:14.740000,6009.31,6010,265644,6015,163138,6005,460218,6000,340867
2020-06-04 09:31:15.470000,6009.31,6010,266646,6015,163138,6005,460216,6000,340867
2020-06-04 09:31:16.270000,6009.31,6010,267146,6015,163138,6005,461116,6000,340917
2020-06-04 09:31:17.160000,6010.37,6010,267146,6015,163138,6005,461116,6000,340917
2020-06-04 09:31:18.040000,6009.31,6010,256548,6015,163138,6005,458724,6000,340917
2020-06-04 09:31:18.830000,6009.31,6010,256767,6015,163138,6005,458505,6000,340917
2020-06-04 09:31:19.660000,6009.31,6010,256774,6015,163138,6005,461498,6000,340967
2020-06-04 09:31:20.680000,6009.31,6010,255774,6015,163138,6005,388720,6000,411467
2020-06-04 09:31:21.640000,6009.31,6010,255774,6015,163138,6005,388725,6000,411468
2020-06-04 09:31:22.600000,6009.31,6010,255774,6015,163138,6005,388710,6000,410468
2020-06-04 09:31:23.470000,6009.31,6010,255774,6015,163138,6005,388710,6000,410468
2020-06-04 09:31:24.270000,6009.31,6010,255774,6015,163138,6005,388760,6000,410468
2020-06-04 09:31:25.140000,6009.31,6010,255774,6015,163138,6005,388760,6000,410468
2020-06-04 09:31:25.940000,6008.24,6010,255854,6015,163138,6005,388660,6000,410488
2020-06-04 09:31:26.770000,6008.24,6010,255854,6015,163138,6005,462440,6000,339988
2020-06-04 09:31:27.670000,6008.24,6010,255854,6015,163138,6005,388783,6000,410590
2020-06-04 09:31:28.560000,6008.24,6010,255864,6015,163138,6005,303473,6000,410591
2020-06-04 09:31:29.360000,6007.18,6010,255859,6015,163138,6005,259146,6000,410741
2020-06-04 09:31:30.270000,6007.18,6010,255859,6015,163138,6005,173966,6000,414124
2020-06-04 09:31:31.170000,6007.18,6010,255859,6015,163138,6005,115857,6000,414124
2020-06-04 09:31:32.230000,6007.18,6010,257859,6015,163138,6005,185144,6000,414224
2020-06-04 09:31:33.060000,6007.18,6010,257859,6015,163138,6005,124620,6000,414124
2020-06-04 09:31:33.870000,6007.18,6010,257859,6015,163138,6005,185931,6000,414134
2020-06-04 09:31:34.730000,6007.18,6010,257859,6015,163138,6005,187881,6000,412084
2020-06-04 09:31:35.560000,6007.18,6010,257859,6015,163138,6005,127781,6000,412167
2020-06-04 09:31:36.370000,6006.17,6010,257859,6015,163138,6005,100181,6000,436939
2020-06-04 09:31:37.170000,6006.08,6005,45135,6010,257859,6000,436939,5995,318429
2020-06-04 09:31:37.970000,6006.11,6005,101623,6010,257904,6000,436390,5995,317929
2020-06-04 09:31:38.870000,6006.11,6005,98785,6010,260709,6000,436390,5995,317929
2020-06-04 09:31:39.760000,6006.11,6005,296258,6010,150209,6000,436329,5995,317929
2020-06-04 09:31:40.730000,6006.11,6005,297188,6010,150209,6000,436330,5995,317929
2020-06-04 09:31:41.670000,6006.11,6005,296188,6010,150209,6000,436330,5995,317929
2020-06-04 09:31:42.430000,6006.11,6005,296077,6010,150209,6000,436430,5995,317950
2020-06-04 09:31:43.340000,6006.11,6005,295677,6010,150209,6000,436430,5995,317950
2020-06-04 09:31:44.170000,6006.11,6010,287235,6015,163158,6005,38473,6000,411958
2020-06-04 09:31:45.140000,6006.11,6010,287235,6015,163158,6005,97073,6000,411958
2020-06-04 09:31:45.960000,6004.01,6010,287701,6015,163158,6005,96253,6000,411958
2020-06-04 09:31:46.870000,6004.01,6010,287711,6015,163158,6005,99034,6000,411963
2020-06-04 09:31:47.570000,6006.11,6010,287711,6015,163158,6005,96086,6000,411964
2020-06-04 09:31:48.260000,6006.14,6010,287711,6015,163158,6005,300,6000,449450
2020-06-04 09:31:49.130000,6006.14,6010,284911,6015,163158,6005,93042,6000,419964
2020-06-04 09:31:49.960000,6006.14,6010,284911,6015,163958,6005,89231,6000,419964
2020-06-04 09:31:50.870000,6006.14,6010,284911,6015,164008,6005,89231,6000,419964
2020-06-04 09:31:51.730000,6006.14,6010,284911,6015,164008,6005,89730,6000,419968
2020-06-04 09:31:52.570000,6006.14,6010,284911,6015,164008,6005,90250,6000,420068
2020-06-04 09:31:53.340000,6006.14,6010,282911,6015,164008,6005,88256,6000,420068
2020-06-04 09:31:54.160000,6006.14,6010,282911,6015,164604,6005,225586,6000,419068
2020-06-04 09:31:54.930000,6006.14,6010,283011,6015,164604,6005,223586,6000,419068
2020-06-04 09:31:56.370000,6006.14,6010,284630,6015,164604,6005,229272,6000,419068
2020-06-04 09:31:57.070000,6006.14,6010,298645,6015,164604,6005,299772,6000,348568
2020-06-04 09:31:57.960000,6008.24,6010,298645,6015,164604,6005,295702,6000,348568
2020-06-04 09:31:58.710000,6008.27,6010,298645,6015,164604,6005,296682,6000,348568
2020-06-04 09:31:59.370000,6008.27,6010,298645,6015,164604,6005,226357,6000,419068
2020-06-04 09:32:00.270000,6008.27,6010,298645,6015,164604,6005,297057,6000,348569
2020-06-04 09:32:01.160000,6008.27,6010,306645,6015,164604,6005,397157,6000,348629
2020-06-04 09:32:02.070000,6008.27,6010,306321,6015,164604,6005,397302,6000,348630
2020-06-04 09:32:02.970000,6008.27,6010,74714,6015,275104,6005,397152,6000,348640
2020-06-04 09:32:03.770000,6008.27,6015,275104,6020,232350,6010,47709,6005,381540
2020-06-04 09:32:04.830000,6008.27,6015,275104,6020,232350,6010,134300,6005,389560
2020-06-04 09:32:05.860000,6009.31,6015,275104,6020,232350,6010,134280,6005,389560
2020-06-04 09:32:06.830000,6010.37,6015,275104,6020,232350,6010,144211,6005,389698
2020-06-04 09:32:07.740000,6012.5,6015,275104,6020,232450,6010,244197,6005,389698
2020-06-04 09:32:08.570000,6012.5,6015,275104,6020,232450,6010,414688,6005,319698
2020-06-04 09:32:09.660000,6013.54,6015,275104,6020,233450,6010,349237,6005,390198
2020-06-04 09:32:10.640000,6013.54,6015,274304,6020,234250,6010,151534,6005,390198
2020-06-04 09:32:11.570000,6013.54,6015,274304,6020,234250,6010,247021,6005,390235
2020-06-04 09:32:12.560000,6013.54,6015,274304,6020,234250,6010,202387,6005,390235
2020-06-04 09:32:13.560000,6013.54,6015,274426,6020,234250,6010,246960,6005,388068
2020-06-04 09:32:14.470000,6013.54,6015,274426,6020,234250,6010,256860,6005,388068
2020-06-04 09:32:15.270000,6013.54,6015,274426,6020,234250,6010,256860,6005,388168
2020-06-04 09:32:16.060000,6011.47,6015,274426,6020,234250,6010,257370,6005,388169
2020-06-04 09:32:16.860000,6012.47,6015,274426,6020,234250,6010,212728,6005,388169
2020-06-04 09:32:17.690000,6013.57,6015,274426,6020,234250,6010,212728,6005,388169
2020-06-04 09:32:18.360000,6013.57,6015,274426,6020,234252,6010,211820,6005,393169
2020-06-04 09:32:19.260000,6012.53,6015,274426,6020,234252,6010,212399,6005,393169
2020-06-04 09:32:20.060000,6012.53,6015,274426,6020,234252,6010,257077,6005,393134
2020-06-04 09:32:20.860000,6012.53,6015,274426,6020,234252,6010,257057,6005,393135
2020-06-04 09:32:21.760000,6012.53,6015,274429,6020,234252,6010,257168,6005,393635
2020-06-04 09:32:22.670000,6012.53,6015,274429,6020,234252,6010,427668,6005,323635
2020-06-04 09:32:23.560000,6012.53,6015,274429,6020,234252,6010,357043,6005,394135
2020-06-04 09:32:24.370000,6012.53,6015,274429,6020,234252,6010,357144,6005,394231
2020-06-04 09:32:25.140000,6012.53,6015,274429,6020,234252,6010,356644,6005,394731
2020-06-04 09:32:25.870000,6012.53,6015,274529,6020,234252,6010,356644,6005,394731
2020-06-04 09:32:26.670000,6013.57,6015,274480,6020,234252,6010,312018,6005,394741
2020-06-04 09:32:27.560000,6013.51,6015,274480,6020,234252,6010,212328,6005,394741
2020-06-04 09:32:28.460000,6012.5,6015,275310,6020,234252,6010,162429,6005,394771
2020-06-04 09:32:29.390000,6011.47,6015,275310,6020,234152,6010,26862,6005,436491
2020-06-04 09:32:30.370000,6011.47,6015,275610,6020,234152,6010,170970,6005,396992
2020-06-04 09:32:31.230000,6011.47,6015,275610,6020,234152,6010,170970,6005,397092
2020-06-04 09:32:32.070000,6011.47,6015,275610,6020,234152,6010,170116,6005,396917
2020-06-04 09:32:32.960000,6011.47,6015,275605,6020,234152,6010,262810,6005,397520
2020-06-04 09:32:33.870000,6011.47,6015,275605,6020,234152,6010,262810,6005,397520
2020-06-04 09:32:34.840000,6011.47,6015,275603,6020,234152,6010,262810,6005,398014
2020-06-04 09:32:35.670000,6011.47,6015,275603,6020,234152,6010,218217,6005,398014
2020-06-04 09:32:36.430000,6011.47,6015,275603,6020,234152,6010,218218,6005,398014
2020-06-04 09:32:37.260000,6011.47,6015,275603,6020,234152,6010,173268,6005,399014
2020-06-04 09:32:37.960000,6013.54,6015,275612,6020,234152,6010,174263,6005,399014
2020-06-04 09:32:38.660000,6011.47,6015,275612,6020,234152,6010,268906,6005,399014
2020-06-04 09:32:39.460000,6012.5,6015,275612,6020,234152,6010,268956,6005,399125
2020-06-04 09:32:40.270000,6012.5,6015,275612,6020,234152,6010,269022,6005,399125
2020-06-04 09:32:41.070000,6012.5,6015,275712,6020,234152,6010,269021,6005,399126
2020-06-04 09:32:41.930000,6012.5,6015,275712,6020,234152,6010,269032,6005,399126
2020-06-04 09:32:42.770000,6012.5,6015,275712,6020,234152,6010,224409,6005,399106
2020-06-04 09:32:43.570000,6012.5,6015,275712,6020,236152,6010,224419,6005,399360
2020-06-04 09:32:44.370000,6012.5,6015,275712,6020,236152,6010,224419,6005,399360
2020-06-04 09:32:45.160000,6012.5,6015,275712,6020,236152,6010,224420,6005,399360
2020-06-04 09:32:45.870000,6013.54,6015,275713,6020,236152,6010,226140,6005,399360
2020-06-04 09:32:46.660000,6012.47,6015,275713,6020,236152,6010,275783,6005,399360
2020-06-04 09:32:47.440000,6011.44,6015,275714,6020,236152,6010,346283,6005,328860
2020-06-04 09:32:48.290000,6012.5,6015,275714,6020,236152,6010,447283,6005,328860
2020-06-04 09:32:49.070000,6013.57,6015,275714,6020,236152,6010,447283,6005,328860
2020-06-04 09:32:49.860000,6013.57,6015,275714,6020,236152,6010,447284,6005,328860
2020-06-04 09:32:50.770000,6013.57,6015,79904,6020,346652,6010,447334,6005,328860
2020-06-04 09:32:51.770000,6013.57,6020,349931,6025,186051,6015,56463,6010,447634
2020-06-04 09:32:52.740000,6013.57,6020,349931,6025,186051,6015,142545,6010,407599
2020-06-04 09:32:53.570000,6013.57,6020,349931,6025,186051,6015,56733,6010,449600
2020-06-04 09:32:54.570000,6013.57,6020,349921,6025,186051,6015,548,6010,449610
2020-06-04 09:32:55.360000,6013.57,6015,66552,6020,349933,6010,449022,6005,328860
2020-06-04 09:32:56.160000,6014.63,6020,349933,6025,186051,6015,53601,6010,449022
2020-06-04 09:32:57.070000,6016.73,6015,56402,6020,349933,6010,449022,6005,328860
2020-06-04 09:32:57.970000,6015.73,6015,56266,6020,349933,6010,449045,6005,329160
2020-06-04 09:32:58.860000,6015.73,6015,64316,6020,349933,6010,449095,6005,329160
2020-06-04 09:32:59.670000,6015.67,6015,64316,6020,349933,6010,449095,6005,329160
2020-06-04 09:33:00.490000,6015.67,6015,59933,6020,349933,6010,449096,6005,329160
2020-06-04 09:33:01.280000,6015.67,6015,61933,6020,349933,6010,449096,6005,329160
2020-06-04 09:33:02.170000,6015.67,6020,349933,6025,186051,6015,51541,6010,449096
2020-06-04 09:33:02.970000,6015.67,6020,350019,6025,186051,6015,8040,6010,449096
2020-06-04 09:33:03.970000,6015.67,6015,58034,6020,352029,6010,447296,6005,329210
2020-06-04 09:33:04.860000,6015.67,6015,60332,6020,352029,6010,449158,6005,330210
2020-06-04 09:33:05.730000,6015.67,6015,111479,6020,352029,6010,449208,6005,329730
2020-06-04 09:33:06.470000,6015.7,6015,104202,6020,352029,6010,449209,6005,329730
2020-06-04 09:33:07.160000,6016.76,6015,59045,6020,352029,6010,449209,6005,329730
2020-06-04 09:33:08.030000,6015.67,6015,62210,6020,352029,6010,449219,6005,329745
2020-06-04 09:33:08.830000,6015.7,6015,110055,6020,352029,6010,449219,6005,329745
2020-06-04 09:33:09.560000,6015.7,6015,110085,6020,352029,6010,449719,6005,329745
2020-06-04 09:33:10.260000,6015.7,6015,110085,6020,352029,6010,449719,6005,331815
2020-06-04 09:33:11.170000,6015.7,6015,64859,6020,352329,6010,449720,6005,331815
2020-06-04 09:33:12.030000,6015.7,6015,64859,6020,342329,6010,449620,6005,331815
2020-06-04 09:33:12.670000,6015.7,6015,48878,6020,339060,6010,424533,6005,331815
2020-06-04 09:33:13.470000,6015.7,6015,104768,6020,339060,6010,424833,6005,332915
2020-06-04 09:33:14.370000,6015.7,6015,59315,6020,329060,6010,426833,6005,332915
2020-06-04 09:33:15.170000,6015.7,6015,56647,6020,329060,6010,426934,6005,332915
2020-06-04 09:33:16.040000,6015.7,6015,48647,6020,329060,6010,426934,6005,333025
2020-06-04 09:33:16.730000,6015.7,6015,48203,6020,327649,6010,426934,6005,333048
2020-06-04 09:33:17.530000,6015.7,6015,48203,6020,327649,6010,426944,6005,334427
2020-06-04 09:33:18.260000,6015.73,6020,327649,6025,188051,6015,43228,6010,389092
2020-06-04 09:33:19.070000,6016.76,6020,323579,6025,188051,6015,139325,6010,388592
2020-06-04 09:33:19.890000,6016.76,6020,323579,6025,188051,6015,179325,6010,388592
2020-06-04 09:33:20.760000,6016.76,6020,323579,6025,188051,6015,179210,6010,388592
2020-06-04 09:33:21.670000,6016.76,6020,323579,6025,188051,6015,179214,6010,388593
2020-06-04 09:33:22.460000,6016.76,6020,323579,6025,188051,6015,179806,6010,388543
2020-06-04 09:33:23.340000,6016.76,6020,323579,6025,188051,6015,301710,6010,318043
2020-06-04 09:33:24.070000,6016.76,6020,323579,6025,188051,6015,301710,6010,318043
2020-06-04 09:33:24.760000,6016.76,6020,323579,6025,188051,6015,179360,6010,388709
2020-06-04 09:33:25.480000,6016.76,6020,323579,6025,188101,6015,179360,6010,388709
2020-06-04 09:33:26.260000,6016.79,6020,323579,6025,188101,6015,179443,6010,388709
2020-06-04 09:33:26.960000,6018.86,6020,323579,6025,188101,6015,179443,6010,388710
2020-06-04 09:33:27.870000,6016.79,6020,323579,6025,188101,6015,179443,6010,388710
2020-06-04 09:33:28.660000,6016.79,6020,323579,6025,188101,6015,298943,6010,318210
2020-06-04 09:33:29.480000,6017.82,6020,323579,6025,188101,6015,299003,6010,318405
2020-06-04 09:33:30.270000,6017.82,6020,323579,6025,188101,6015,305028,6010,318517
2020-06-04 09:33:31.070000,6017.82,6020,323579,6025,188101,6015,405109,6010,318517
2020-06-04 09:33:31.930000,6017.82,6020,35317,6025,301880,6015,405109,6010,318517
2020-06-04 09:33:32.870000,6017.82,6025,301880,6030,194191,6020,184300,6015,365109
2020-06-04 09:33:33.770000,6017.82,6025,301880,6030,192780,6020,235800,6015,367110
2020-06-04 09:33:34.570000,6017.82,6025,301880,6030,192780,6020,110490,6015,407110
2020-06-04 09:33:35.460000,6017.82,6025,307121,6030,192780,6020,188969,6015,367110
2020-06-04 09:33:36.370000,6018.86,6025,307121,6030,192780,6020,409107,6015,296630
2020-06-04 09:33:37.270000,6022.05,6025,307021,6030,192780,6020,409107,6015,296630
2020-06-04 09:33:38.070000,6022.08,6025,307021,6030,192780,6020,338719,6015,367130
2020-06-04 09:33:38.940000,6024.18,6025,307021,6030,192780,6020,336693,6015,367130
2020-06-04 09:33:39.740000,6024.18,6025,306970,6030,192780,6020,407440,6015,296630
2020-06-04 09:33:40.740000,6024.18,6025,307070,6030,192780,6020,407543,6015,296730
2020-06-04 09:33:41.770000,6024.18,6025,307070,6030,192780,6020,407543,6015,296931
2020-06-04 09:33:42.830000,6024.18,6025,306565,6030,197780,6020,407551,6015,296931
2020-06-04 09:33:43.770000,6024.18,6025,306565,6030,197780,6020,415251,6015,295231
2020-06-04 09:33:44.710000,6024.18,6025,306565,6030,197780,6020,415417,6015,295231
2020-06-04 09:33:45.360000,6023.18,6025,306565,6030,197780,6020,415417,6015,295231
2020-06-04 09:33:46.160000,6024.21,6025,307275,6030,197780,6020,415417,6015,295226
2020-06-04 09:33:46.970000,6024.21,6025,231382,6030,241059,6020,415417,6015,295226
2020-06-04 09:33:47.770000,6025.25,6025,311682,6030,201059,6020,415417,6015,289125
2020-06-04 09:33:48.560000,6025.25,6025,122123,6030,311559,6020,415467,6015,289125
2020-06-04 09:33:49.330000,6025.25,6025,77148,6030,311659,6020,415467,6015,289625
2020-06-04 09:33:50.270000,6025.25,6025,174108,6030,271780,6020,415467,6015,289625
2020-06-04 09:33:51.060000,6025.25,6025,88856,6030,311780,6020,415467,6015,289625
2020-06-04 09:33:51.860000,6025.25,6025,88788,6030,311780,6020,415477,6015,289625
2020-06-04 09:33:52.670000,6025.25,6030,311780,6035,183083,6025,78693,6020,383977
2020-06-04 09:33:53.560000,6025.25,6030,312580,6035,183083,6025,86574,6020,383982
2020-06-04 09:33:54.330000,6025.25,6030,322580,6035,183083,6025,190048,6020,383982
2020-06-04 09:33:55.060000,6025.25,6030,322580,6035,183083,6025,190048,6020,383982
2020-06-04 09:33:55.940000,6026.34,6030,322580,6035,183083,6025,190078,6020,383982
2020-06-04 09:33:56.760000,6027.41,6030,328330,6035,183083,6025,24536,6020,395907
2020-06-04 09:33:57.560000,6027.41,6030,328330,6035,183083,6025,94621,6020,384132
2020-06-04 09:33:58.560000,6027.41,6025,231959,6030,225880,6020,396107,6015,289594
2020-06-04 09:33:59.470000,6025.28,6025,234912,6030,225880,6020,382107,6015,289694
2020-06-04 09:34:00.440000,6025.28,6025,235916,6030,225880,6020,382107,6015,289694
2020-06-04 09:34:01.370000,6025.28,6025,233916,6030,225880,6020,382107,6015,289694
2020-06-04 09:34:02.440000,6025.28,6025,228674,6030,225880,6020,381941,6015,289694
2020-06-04 09:34:03.370000,6025.28,6025,228673,6030,225880,6020,381941,6015,289694
2020-06-04 09:34:04.170000,6025.28,6025,228672,6030,225885,6020,382041,6015,289694
2020-06-04 09:34:05.060000,6025.28,6025,222672,6030,225691,6020,382042,6015,289694
2020-06-04 09:34:05.870000,6025.28,6025,223172,6030,225691,6020,381690,6015,289795
2020-06-04 09:34:06.640000,6025.28,6025,223172,6030,225691,6020,381691,6015,289795
2020-06-04 09:34:07.370000,6024.21,6025,223272,6030,225691,6020,387196,6015,289795
2020-06-04 09:34:08.170000,6023.18,6025,223272,6030,225691,6020,387418,6015,289795
2020-06-04 09:34:08.960000,6024.21,6025,223219,6030,225791,6020,387618,6015,289795
2020-06-04 09:34:09.870000,6024.21,6025,223329,6030,225791,6020,315372,6015,360185
2020-06-04 09:34:10.960000,6024.21,6025,223359,6030,225791,6020,315567,6015,360185
2020-06-04 09:34:11.960000,6024.21,6025,224359,6030,225791,6020,315567,6015,360185
2020-06-04 09:34:12.760000,6024.21,6025,225272,6030,231791,6020,316453,6015,360195
2020-06-04 09:34:13.570000,6024.21,6025,225272,6030,231791,6020,388980,6015,289695
2020-06-04 09:34:14.430000,6024.21,6025,225272,6030,231791,6020,318480,6015,360195
2020-06-04 09:34:15.070000,6024.21,6025,224275,6030,231791,6020,318480,6015,360422
2020-06-04 09:34:15.960000,6022.11,6025,224225,6030,231791,6020,332557,6015,360542
2020-06-04 09:34:16.740000,6022.11,6025,223725,6030,231791,6020,332558,6015,360542
2020-06-04 09:34:17.570000,6023.12,6025,223725,6030,231791,6020,403057,6015,290552
2020-06-04 09:34:18.260000,6023.12,6025,223733,6030,231811,6020,332557,6015,361090
2020-06-04 09:34:18.960000,6023.15,6025,223733,6030,231811,6020,332587,6015,361390
2020-06-04 09:34:19.630000,6023.15,6025,223733,6030,231811,6020,332587,6015,361390
2020-06-04 09:34:20.460000,6023.15,6025,223733,6030,231811,6020,332587,6015,361390
2020-06-04 09:34:21.270000,6023.15,6025,223733,6030,232131,6020,403087,6015,290890
2020-06-04 09:34:22.270000,6023.15,6025,223402,6030,232142,6020,403087,6015,290890
2020-06-04 09:34:23.070000,6023.15,6025,223102,6030,232142,6020,402077,6015,290900
2020-06-04 09:34:23.900000,6023.15,6025,223302,6030,232142,6020,82475,6015,373275
2020-06-04 09:34:24.770000,6023.15,6025,223302,6030,232142,6020,309701,6015,290920
2020-06-04 09:34:25.770000,6023.15,6025,223305,6030,232192,6020,409730,6015,290920
2020-06-04 09:34:26.770000,6023.15,6025,223305,6030,232192,6020,339213,6015,361420
2020-06-04 09:34:27.740000,6023.15,6025,223307,6030,232192,6020,142033,6015,373295
2020-06-04 09:34:28.570000,6023.15,6025,223307,6030,232192,6020,238190,6015,361420
2020-06-04 09:34:29.740000,6022.08,6025,223307,6030,232192,6020,309197,6015,291120
2020-06-04 09:34:30.770000,6022.08,6025,223307,6030,232192,6020,409297,6015,291120
2020-06-04 09:34:31.860000,6022.08,6025,223307,6030,232192,6020,409297,6015,291121
2020-06-04 09:34:32.860000,6022.08,6025,223307,6030,232192,6020,409297,6015,291204
2020-06-04 09:34:33.770000,6022.08,6025,223307,6030,232192,6020,409297,6015,291704
2020-06-04 09:34:34.770000,6022.08,6025,223307,6030,232192,6020,409037,6015,292279
2020-06-04 09:34:35.560000,6022.08,6025,223719,6030,232192,6020,410037,6015,292279
2020-06-04 09:34:36.270000,6024.18,6025,221719,6030,232192,6020,409547,6015,292279
2020-06-04 09:34:37.030000,6024.21,6025,222219,6030,232192,6020,409547,6015,292299
2020-06-04 09:34:37.770000,6024.21,6025,67642,6030,310074,6020,409557,6015,292299
2020-06-04 09:34:38.530000,6024.21,6025,230119,6030,232192,6020,409457,6015,292299
2020-06-04 09:34:39.270000,6025.25,6025,230119,6030,232192,6020,409457,6015,292304
2020-06-04 09:34:40.060000,6025.25,6025,75642,6030,310074,6020,409457,6015,292304
2020-06-04 09:34:40.970000,6025.25,6025,231619,6030,232192,6020,409457,6015,314304
2020-06-04 09:34:41.770000,6025.25,6025,231952,6030,232192,6020,409457,6015,314304
2020-06-04 09:34:42.560000,6025.25,6025,15522,6030,310074,6020,414407,6015,314304
2020-06-04 09:34:43.360000,6025.25,6025,18165,6030,310074,6020,414407,6015,314504
2020-06-04 09:34:44.170000,6025.25,6025,77225,6030,310074,6020,414407,6015,314504
2020-06-04 09:34:44.970000,6025.25,6025,72672,6030,300074,6020,417507,6015,314504
2020-06-04 09:34:45.760000,6025.25,6025,75104,6030,300074,6020,423540,6015,313912
2020-06-04 09:34:46.470000,6025.31,6025,15948,6030,300074,6020,423540,6015,313917
2020-06-04 09:34:47.230000,6025.31,6025,20669,6030,300074,6020,423540,6015,313917
2020-06-04 09:34:48.030000,6025.28,6025,249089,6030,222192,6020,426211,6015,313917
2020-06-04 09:34:48.940000,6025.31,6025,249089,6030,233192,6020,428301,6015,313917
2020-06-04 09:34:49.760000,6025.31,6025,250087,6030,233192,6020,428451,6015,313917
2020-06-04 09:34:50.780000,6025.31,6025,251087,6030,233192,6020,428452,6015,313917
2020-06-04 09:34:51.640000,6025.31,6025,253987,6030,233192,6020,428457,6015,313917
2020-06-04 09:34:52.430000,6025.31,6025,253687,6030,233192,6020,428457,6015,313917
2020-06-04 09:34:54.060000,6025.31,6025,253737,6030,233192,6020,428457,6015,313917
2020-06-04 09:34:54.760000,6025.31,6030,311074,6035,181056,6025,22904,6020,416547
2020-06-04 09:34:55.530000,6025.31,6030,311074,6035,181056,6025,89004,6020,416547
2020-06-04 09:34:56.370000,6024.24,6030,311074,6035,181056,6025,88979,6020,416647
2020-06-04 09:34:57.030000,6026.31,6030,311074,6035,181056,6025,93979,6020,408647
2020-06-04 09:34:57.640000,6026.34,6030,311074,6035,181056,6025,94479,6020,408647
2020-06-04 09:34:58.340000,6026.34,6030,311074,6035,181056,6025,94479,6020,408647
2020-06-04 09:34:58.960000,6027.38,6030,303074,6035,181056,6025,189516,6020,408647
2020-06-04 09:34:59.840000,6027.38,6030,253074,6035,181056,6025,203304,6020,408657
2020-06-04 09:35:00.730000,6027.38,6030,253076,6035,181056,6025,203304,6020,408657
2020-06-04 09:35:01.460000,6027.38,6030,253076,6035,181056,6025,214304,6020,407737
2020-06-04 09:35:02.280000,6027.38,6030,271729,6035,181056,6025,214413,6020,407747
2020-06-04 09:35:03.040000,6027.38,6030,271729,6035,181056,6025,119376,6020,407747
2020-06-04 09:35:03.760000,6027.38,6030,271629,6035,181056,6025,122655,6020,407747
2020-06-04 09:35:04.460000,6027.38,6030,270639,6035,181056,6025,122832,6020,407747
2020-06-04 09:35:05.160000,6027.38,6030,270639,6035,181056,6025,119593,6020,407697
2020-06-04 09:35:05.870000,6028.44,6030,270439,6035,181356,6025,45357,6020,430567
2020-06-04 09:35:06.630000,6027.41,6030,270439,6035,181356,6025,103457,6020,430567
2020-06-04 09:35:07.370000,6027.38,6030,275439,6035,181356,6025,40580,6020,430567
2020-06-04 09:35:08.040000,6025.31,6025,61505,6030,276057,6020,430567,6015,313917
2020-06-04 09:35:08.770000,6025.31,6025,500,6030,286239,6020,430567,6015,313917
2020-06-04 09:35:09.570000,6026.31,6025,220379,6030,208357,6020,430567,6015,313917
2020-06-04 09:35:10.370000,6026.31,6025,11773,6030,286739,6020,430567,6015,313917
2020-06-04 09:35:11.160000,6026.31,6025,8494,6030,286739,6020,432567,6015,313917
2020-06-04 09:35:11.930000,6026.31,6025,9474,6030,286739,6020,432567,6015,313917
2020-06-04 09:35:12.630000,6026.31,6025,221263,6030,208857,6020,432567,6015,313917
2020-06-04 09:35:13.540000,6026.31,6025,225810,6030,208857,6020,432599,6015,313917
2020-06-04 09:35:14.540000,6026.31,6025,225792,6030,287857,6020,362311,6015,384417
2020-06-04 09:35:15.360000,6026.31,6025,225792,6030,287857,6020,432812,6015,313937
2020-06-04 09:35:16.240000,6025.31,6025,225792,6030,287857,6020,362312,6015,384437
2020-06-04 09:35:17.130000,6023.15,6025,225742,6030,287857,6020,362312,6015,384437
2020-06-04 09:35:18.040000,6022.14,6025,227300,6030,287857,6020,212312,6015,384437
2020-06-04 09:35:18.940000,6021.05,6025,180878,6030,287857,6020,104153,6015,407297
2020-06-04 09:35:19.770000,6021.05,6025,176797,6030,287857,6020,101851,6015,407297
2020-06-04 09:35:20.660000,6021.05,6025,176817,6030,287867,6020,47243,6015,407297
2020-06-04 09:35:21.570000,6021.05,6025,184943,6030,287867,6020,53285,6015,454497
2020-06-04 09:35:22.440000,6021.05,6025,184943,6030,287887,6020,64564,6015,454517
2020-06-04 09:35:23.270000,6021.05,6025,176933,6030,287887,6020,111564,6015,454517
2020-06-04 09:35:24.160000,6021.05,6025,176955,6030,287887,6020,111564,6015,454517
2020-06-04 09:35:24.970000,6021.05,6025,176955,6030,287887,6020,111564,6015,454517
2020-06-04 09:35:25.740000,6021.05,6025,176955,6030,287887,6020,64364,6015,454517
2020-06-04 09:35:26.360000,6020.99,6025,185755,6030,289587,6020,8920,6015,454517
2020-06-04 09:35:27.160000,6022.02,6020,290,6025,185755,6015,454517,6010,321805
2020-06-04 09:35:27.940000,6021.02,6025,185755,6030,289609,6020,280,6015,454517
2020-06-04 09:35:28.770000,6021.02,6025,185755,6030,289786,6015,454717,6010,321805
2020-06-04 09:35:29.470000,6019.98,6025,228459,6030,294904,6015,455138,6010,321805
2020-06-04 09:35:30.360000,6019.98,6020,1209,6025,228659,6015,455138,6010,321806
2020-06-04 09:35:31.170000,6019.98,6020,227430,6025,151777,6015,455138,6010,321806
2020-06-04 09:35:31.970000,6019.98,6020,227430,6025,151777,6015,455638,6010,321806
2020-06-04 09:35:32.770000,6019.98,6020,208881,6025,151777,6015,455638,6010,322006
2020-06-04 09:35:33.560000,6019.98,6020,208881,6025,151777,6015,408438,6010,322006
2020-06-04 09:35:34.260000,6019.98,6020,207881,6025,171777,6015,408438,6010,322006
2020-06-04 09:35:35.060000,6019.98,6020,207881,6025,171777,6015,408438,6010,322007
2020-06-04 09:35:35.860000,6019.98,6020,207881,6025,171777,6015,408438,6010,322007
2020-06-04 09:35:36.560000,6019.98,6020,207861,6025,171777,6015,408418,6010,322007
2020-06-04 09:35:37.260000,6018.89,6020,212861,6025,171777,6015,408418,6010,322007
2020-06-04 09:35:38.060000,6017.82,6020,212861,6025,171787,6015,409138,6010,322007
2020-06-04 09:35:38.870000,6018.86,6020,212861,6025,171787,6015,409155,6010,322012
2020-06-04 09:35:39.760000,6018.86,6020,206861,6025,171787,6015,409155,6010,322012
2020-06-04 09:35:40.760000,6018.86,6020,206861,6025,171792,6015,287655,6010,392512
2020-06-04 09:35:41.640000,6018.86,6020,206861,6025,171792,6015,287655,6010,392512
2020-06-04 09:35:42.370000,6018.86,6020,206851,6025,171887,6015,287649,6010,392517
2020-06-04 09:35:43.060000,6018.86,6020,206851,6025,171887,6015,287649,6010,392517
2020-06-04 09:35:43.760000,6018.86,6020,206851,6025,171887,6015,408209,6010,322017
2020-06-04 09:35:44.460000,6018.86,6020,206851,6025,171887,6015,408209,6010,322017
2020-06-04 09:35:45.170000,6018.86,6020,206851,6025,171887,6015,282979,6010,392517
2020-06-04 09:35:45.960000,6017.8,6020,206828,6025,171887,6015,282979,6010,392517
2020-06-04 09:35:46.760000,6017.8,6020,206828,6025,171887,6015,282878,6010,392517
2020-06-04 09:35:47.670000,6017.8,6020,207323,6025,172035,6015,41294,6010,415376
2020-06-04 09:35:48.540000,6017.8,6020,259602,6025,172035,6015,40786,6010,418655
2020-06-04 09:35:49.370000,6015.7,6020,259602,6025,172035,6015,99796,6010,418755
2020-06-04 09:35:50.170000,6015.7,6020,259612,6025,172035,6015,99796,6010,419255
2020-06-04 09:35:50.980000,6015.7,6020,259612,6025,172035,6015,110916,6010,419265
2020-06-04 09:35:51.760000,6015.7,6020,262562,6025,172035,6015,98263,6010,419405
2020-06-04 09:35:52.570000,6015.7,6020,262562,6025,172035,6015,28874,6010,419405
2020-06-04 09:35:53.370000,6015.7,6020,262561,6025,172035,6015,38190,6010,419405
2020-06-04 09:35:54.160000,6015.7,6015,45142,6020,270725,6010,419406,6005,323746
2020-06-04 09:35:55.070000,6015.7,6015,363084,6020,160225,6010,346758,6005,394247
2020-06-04 09:35:56.150000,6015.67,6015,346052,6020,160225,6010,346758,6005,394247
2020-06-04 09:35:57.230000,6013.6,6015,346052,6020,160225,6010,346958,6005,394247
2020-06-04 09:35:58.070000,6013.54,6015,346052,6020,160225,6010,302315,6005,394247
2020-06-04 09:35:59.040000,6013.54,6015,346051,6020,160225,6010,342572,6005,394247
2020-06-04 09:36:00.070000,6012.5,6015,346051,6020,160225,6010,342582,6005,394247
2020-06-04 09:36:01.130000,6012.5,6015,346051,6020,160225,6010,343582,6005,394247
2020-06-04 09:36:02.070000,6012.5,6015,341051,6020,160225,6010,342632,6005,394247
2020-06-04 09:36:03.130000,6012.5,6015,349551,6020,160225,6010,342622,6005,394247
2020-06-04 09:36:03.960000,6012.5,6015,352551,6020,156725,6010,342622,6005,396297
2020-06-04 09:36:04.770000,6012.5,6015,352551,6020,154725,6010,342672,6005,396297
2020-06-04 09:36:05.540000,6012.5,6015,352551,6020,154725,6010,342772,6005,396297
2020-06-04 09:36:06.240000,6012.5,6015,352551,6020,154725,6010,342372,6005,398297
2020-06-04 09:36:06.940000,6013.57,6015,352551,6020,154725,6010,345909,6005,398297
2020-06-04 09:36:07.740000,6013.51,6015,352551,6020,154735,6010,340909,6005,398347
2020-06-04 09:36:08.550000,6013.51,6015,352551,6020,154793,6010,196466,6005,398347
2020-06-04 09:36:09.470000,6013.51,6015,352551,6020,154793,6010,85078,6005,421206
2020-06-04 09:36:10.270000,6013.51,6015,352551,6020,154793,6010,92303,6005,424485
2020-06-04 09:36:11.130000,6013.51,6015,352551,6020,154793,6010,156407,6005,402636
2020-06-04 09:36:11.970000,6013.51,6015,353251,6020,154793,6010,56192,6005,425495
2020-06-04 09:36:12.770000,6013.51,6010,209293,6015,242751,6005,425495,6000,349412
2020-06-04 09:36:13.660000,6013.51,6010,247858,6015,242751,6005,424695,6000,349912
2020-06-04 09:36:14.470000,6013.51,6010,248852,6015,242751,6005,424695,6000,349912
2020-06-04 09:36:15.270000,6012.47,6010,248832,6015,242751,6005,425195,6000,344912
2020-06-04 09:36:16.060000,6011.44,6010,248832,6015,242751,6005,354002,6000,415412
2020-06-04 09:36:16.860000,6010.37,6010,248475,6015,242751,6005,424502,6000,344313
2020-06-04 09:36:17.560000,6008.27,6010,248475,6015,242751,6005,424402,6000,344313
2020-06-04 09:36:18.470000,6008.27,6010,248475,6015,242751,6005,453802,6000,414845
2020-06-04 09:36:19.270000,6007.24,6010,248475,6015,242751,6005,455802,6000,414845
2020-06-04 09:36:20.140000,6007.24,6010,255975,6015,235251,6005,369310,6000,414855
2020-06-04 09:36:21.030000,6007.24,6010,255975,6015,235251,6005,197936,6000,417839
2020-06-04 09:36:21.860000,6007.24,6010,256975,6015,235251,6005,175077,6000,440698
2020-06-04 09:36:22.830000,6007.24,6010,256975,6015,235251,6005,199984,6000,417839
2020-06-04 09:36:23.760000,6007.24,6010,256975,6015,235251,6005,177125,6000,440698
2020-06-04 09:36:24.670000,6007.24,6010,256327,6015,235251,6005,155015,6000,440698
2020-06-04 09:36:25.440000,6007.24,6010,296328,6015,235251,6005,100462,6000,440798
2020-06-04 09:36:26.260000,6006.14,6010,288328,6015,235451,6005,185886,6000,417991
2020-06-04 09:36:27.060000,6005.08,6010,288453,6015,235452,6005,163027,6000,440850
2020-06-04 09:36:27.860000,6006.11,6010,288453,6015,235452,6005,183027,6000,440850
2020-06-04 09:36:28.560000,6006.11,6010,288453,6015,235452,6005,183027,6000,440850
2020-06-04 09:36:29.370000,6006.11,6010,288453,6015,235452,6005,174527,6000,440450
2020-06-04 09:36:30.170000,6006.11,6010,288453,6015,235452,6005,197386,6000,417758
2020-06-04 09:36:30.930000,6006.11,6010,288653,6015,235452,6005,197457,6000,417758
2020-06-04 09:36:31.640000,6006.11,6010,288652,6015,235452,6005,332757,6000,417834
2020-06-04 09:36:32.370000,6006.11,6010,288652,6015,235452,6005,332759,6000,417836
2020-06-04 09:36:32.960000,6006.11,6010,288652,6015,235452,6005,334259,6000,417836
2020-06-04 09:36:33.570000,6006.11,6010,288652,6015,235452,6005,334333,6000,417836
2020-06-04 09:36:34.260000,6006.11,6010,288652,6015,235452,6005,334334,6000,417836
2020-06-04 09:36:34.930000,6006.11,6010,288502,6015,235452,6005,335390,6000,417836
2020-06-04 09:36:35.640000,6006.11,6010,288502,6015,235452,6005,335390,6000,417836
2020-06-04 09:36:36.370000,6006.11,6010,288500,6015,235452,6005,335395,6000,417756
2020-06-04 09:36:37.060000,6008.24,6010,288600,6015,235452,6005,245095,6000,417756
2020-06-04 09:36:37.960000,6008.21,6010,289300,6015,234752,6005,330395,6000,418257
2020-06-04 09:36:38.670000,6008.21,6010,289302,6015,234752,6005,330407,6000,418257
2020-06-04 09:36:39.460000,6008.18,6010,289303,6015,234875,6005,245157,6000,418257
2020-06-04 09:36:40.260000,6008.18,6010,289303,6015,234875,6005,330222,6000,418259
2020-06-04 09:36:41.170000,6008.18,6010,290299,6015,234875,6005,330202,6000,418259
2020-06-04 09:36:41.870000,6008.18,6010,290299,6015,234875,6005,330302,6000,418259
2020-06-04 09:36:42.630000,6008.18,6010,290299,6015,234875,6005,330303,6000,418257
2020-06-04 09:36:43.370000,6008.18,6010,290300,6015,234875,6005,330333,6000,418257
2020-06-04 09:36:44.040000,6008.18,6010,289469,6015,234875,6005,330444,6000,418258
2020-06-04 09:36:44.760000,6008.18,6010,289669,6015,235875,6005,330445,6000,418258
2020-06-04 09:36:45.460000,6008.18,6010,289669,6015,235875,6005,330545,6000,418258
2020-06-04 09:36:46.160000,6007.15,6010,289569,6015,235875,6005,330595,6000,418258
2020-06-04 09:36:46.870000,6008.24,6010,288574,6015,235875,6005,501095,6000,347758
2020-06-04 09:36:47.660000,6008.24,6010,287104,6015,235875,6005,501095,6000,347758
2020-06-04 09:36:48.430000,6008.24,6010,48086,6015,332388,6005,501095,6000,347758
2020-06-04 09:36:49.270000,6010.37,6015,332388,6020,158602,6010,128418,6005,489808
2020-06-04 09:36:50.160000,6010.37,6015,332975,6020,158602,6010,223061,6005,489794
2020-06-04 09:36:51.160000,6010.37,6015,332975,6020,158602,6010,392991,6005,419294
2020-06-04 09:36:51.960000,6010.37,6015,332975,6020,158602,6010,322491,6005,489924
2020-06-04 09:36:52.770000,6010.37,6015,331975,6020,158602,6010,322723,6005,489924
2020-06-04 09:36:53.460000,6010.37,6015,331975,6020,210602,6010,393223,6005,419474
2020-06-04 09:36:54.330000,6010.37,6015,321950,6020,212702,6010,393223,6005,419474
2020-06-04 09:36:55.160000,6010.37,6015,322101,6020,212702,6010,322221,6005,490175
2020-06-04 09:36:55.960000,6013.54,6015,321950,6020,212702,6010,322221,6005,490175
2020-06-04 09:36:56.740000,6013.57,6015,321950,6020,212702,6010,322745,6005,490175
2020-06-04 09:36:57.580000,6013.57,6015,321950,6020,212732,6010,317745,6005,490175
2020-06-04 09:36:58.160000,6013.57,6015,321950,6020,212732,6010,317745,6005,490175
2020-06-04 09:36:58.860000,6013.57,6015,321950,6020,212732,6010,388246,6005,419675
2020-06-04 09:36:59.570000,6013.57,6015,321950,6020,212732,6010,388246,6005,419675
2020-06-04 09:37:00.360000,6013.57,6015,321950,6020,212732,6010,388296,6005,419685
2020-06-04 09:37:01.270000,6013.57,6015,321949,6020,212732,6010,388396,6005,416013
2020-06-04 09:37:02.240000,6013.57,6015,321949,6020,212732,6010,317896,6005,485513
2020-06-04 09:37:03.060000,6013.57,6015,321939,6020,212732,6010,388396,6005,415013
2020-06-04 09:37:03.860000,6013.57,6015,321939,6020,212732,6010,393446,6005,414964
2020-06-04 09:37:04.660000,6013.57,6015,320975,6020,212732,6010,393476,6005,414944
2020-06-04 09:37:05.440000,6013.57,6015,285675,6020,212732,6010,396631,6005,415358
2020-06-04 09:37:06.240000,6013.57,6015,128223,6020,309245,6010,396631,6005,415358
2020-06-04 09:37:06.970000,6013.57,6015,187223,6020,309245,6010,396741,6005,415458
2020-06-04 09:37:07.660000,6013.6,6020,309245,6025,146013,6015,129184,6010,373892
2020-06-04 09:37:08.560000,6015.67,6020,309245,6025,146013,6015,400184,6010,303392
2020-06-04 09:37:09.580000,6015.67,6020,309245,6025,146013,6015,182254,6010,373892
2020-06-04 09:37:10.530000,6015.67,6020,309411,6025,146013,6015,302744,6010,303392
2020-06-04 09:37:11.360000,6015.67,6020,309411,6025,146043,6015,302744,6010,303592
2020-06-04 09:37:12.170000,6015.67,6020,309411,6025,146043,6015,302745,6010,303592
2020-06-04 09:37:12.860000,6015.67,6020,309411,6025,146043,6015,182245,6010,374092
2020-06-04 09:37:13.670000,6017.82,6020,309411,6025,146043,6015,179797,6010,374092
2020-06-04 09:37:14.470000,6017.82,6020,309491,6025,146209,6015,179413,6010,374102
2020-06-04 09:37:15.230000,6017.82,6020,309491,6025,146209,6015,179413,6010,374102
2020-06-04 09:37:15.970000,6017.8,6020,309491,6025,146709,6015,299613,6010,303602
2020-06-04 09:37:16.830000,6018.83,6020,315241,6025,146709,6015,399653,6010,303602
2020-06-04 09:37:17.670000,6018.86,6020,315241,6025,146709,6015,399653,6010,303602
2020-06-04 09:37:18.360000,6018.86,6020,315241,6025,147109,6015,400654,6010,303602
2020-06-04 09:37:19.060000,6018.86,6020,315241,6025,147109,6015,401654,6010,303802
2020-06-04 09:37:19.870000,6018.86,6020,315241,6025,147109,6015,401654,6010,303802
2020-06-04 09:37:20.670000,6018.86,6020,317241,6025,147109,6015,401655,6010,303802
2020-06-04 09:37:21.560000,6018.86,6020,317291,6025,147109,6015,402005,6010,303802
2020-06-04 09:37:22.430000,6018.86,6020,29064,6025,246901,6015,402005,6010,303802
2020-06-04 09:37:23.340000,6018.86,6025,246901,6030,227627,6020,118324,6015,379146
2020-06-04 09:37:24.230000,6018.86,6025,246901,6030,227627,6020,221504,6015,379146
2020-06-04 09:37:25.170000,6018.86,6025,246901,6030,227627,6020,391994,6015,308646
2020-06-04 09:37:26.060000,6018.89,6025,246901,6030,227627,6020,391994,6015,308646
2020-06-04 09:37:26.870000,6022.05,6025,244277,6030,227627,6020,392117,6015,308646
2020-06-04 09:37:27.760000,6024.18,6025,7550,6030,327419,6020,392117,6015,308646
2020-06-04 09:37:28.870000,6027.38,6030,335419,6035,208849,6025,66893,6020,369376
2020-06-04 09:37:30.060000,6027.38,6030,327419,6035,208849,6025,270177,6020,369376
2020-06-04 09:37:31.160000,6027.38,6030,327419,6035,208849,6025,327326,6020,298876
2020-06-04 09:37:32.230000,6027.38,6030,270906,6035,265362,6025,319326,6020,298876
2020-06-04 09:37:33.160000,6027.38,6030,145606,6035,305362,6025,319226,6020,299076
2020-06-04 09:37:34.040000,6027.38,6030,146106,6035,305362,6025,319226,6020,299076
2020-06-04 09:37:34.870000,6027.38,6030,146106,6035,305362,6025,319022,6020,299176
2020-06-04 09:37:35.660000,6027.38,6030,147056,6035,305362,6025,319022,6020,299176
2020-06-04 09:37:36.570000,6027.44,6030,332869,6035,208849,6025,318822,6020,299176
2020-06-04 09:37:37.540000,6030.57,6030,335948,6035,208849,6025,248322,6020,369865
2020-06-04 09:37:38.430000,6028.47,6030,335948,6035,208849,6025,248322,6020,370065
2020-06-04 09:37:39.240000,6029.48,6030,335448,6035,208849,6025,319044,6020,299590
2020-06-04 09:37:39.930000,6029.48,6030,335448,6035,208849,6025,319044,6020,299590
2020-06-04 09:37:40.770000,6029.48,6030,335454,6035,208849,6025,319045,6020,299590
2020-06-04 09:37:41.630000,6029.48,6030,340442,6035,208849,6025,319145,6020,299590
2020-06-04 09:37:42.430000,6029.48,6030,340418,6035,208849,6025,203361,6020,370090
2020-06-04 09:37:43.270000,6029.48,6025,234671,6030,243907,6020,392950,6015,308298
2020-06-04 09:37:44.240000,6029.48,6025,284463,6030,244607,6020,392950,6015,308298
2020-06-04 09:37:45.160000,6029.48,6025,284295,6030,244607,6020,392950,6015,308298
2020-06-04 09:37:46.240000,6029.51,6025,284295,6030,243607,6020,392961,6015,308298
2020-06-04 09:37:47.130000,6024.21,6025,50000,6030,340207,6020,393061,6015,308298
2020-06-04 09:37:47.930000,6024.18,6025,50000,6030,340207,6020,393061,6015,308298
2020-06-04 09:37:48.670000,6024.18,6025,1,6030,340207,6020,393061,6015,308298
2020-06-04 09:37:49.530000,6026.37,6030,348197,6035,210849,6020,393061,6015,308298
2020-06-04 09:37:50.270000,6026.37,6030,348197,6035,210849,6020,393061,6015,308298
2020-06-04 09:37:51.060000,6026.37,6030,348197,6035,210849,6025,1,6020,393061
2020-06-04 09:37:51.860000,6026.37,6030,348097,6035,210850,6020,393061,6015,308299
2020-06-04 09:37:52.530000,6026.37,6025,4845,6030,350097,6020,391071,6015,308877
2020-06-04 09:37:53.270000,6026.37,6025,12839,6030,400097,6020,391071,6015,308877
2020-06-04 09:37:54.060000,6026.37,6025,297162,6030,304677,6020,391071,6015,308878
2020-06-04 09:37:54.860000,6026.37,6025,296162,6030,304677,6020,320572,6015,379379
2020-06-04 09:37:55.660000,6026.37,6025,296167,6030,304671,6020,212413,6015,402238
2020-06-04 09:37:56.640000,6026.31,6025,296206,6030,304671,6020,59633,6015,402238
2020-06-04 09:37:57.530000,6023.15,6025,295862,6030,304971,6020,62270,6015,401888
2020-06-04 09:37:58.360000,6021.05,6025,295760,6030,304971,6020,62270,6015,401888
2020-06-04 09:37:59.160000,6022.05,6025,295528,6030,304971,6020,390929,6015,308529
2020-06-04 09:38:00.170000,6022.05,6025,295528,6030,308271,6020,389387,6015,308529
2020-06-04 09:38:01.060000,6022.05,6025,295528,6030,308271,6020,387387,6015,308529
2020-06-04 09:38:01.860000,6022.05,6025,295528,6030,308271,6020,387387,6015,308529
2020-06-04 09:38:02.670000,6022.05,6025,295538,6030,308271,6020,387387,6015,308529
2020-06-04 09:38:03.330000,6022.05,6025,295538,6030,308271,6020,387387,6015,308539
2020-06-04 09:38:04.030000,6022.05,6025,295538,6030,308271,6020,387387,6015,311105
2020-06-04 09:38:05.360000,6022.05,6025,64923,6030,403691,6020,387958,6015,311105
2020-06-04 09:38:06.060000,6024.21,6025,295938,6030,307831,6020,387958,6015,311105
2020-06-04 09:38:06.860000,6024.24,6025,299938,6030,303831,6020,387958,6015,311105
2020-06-04 09:38:07.670000,6023.21,6025,300438,6030,303831,6020,387957,6015,311105
2020-06-04 09:38:08.470000,6023.21,6025,300438,6030,303831,6020,317457,6015,381615
2020-06-04 09:38:09.230000,6023.21,6025,300738,6030,303831,6020,388007,6015,311115
2020-06-04 09:38:10.060000,6023.21,6025,300768,6030,303832,6020,418849,6015,311135
2020-06-04 09:38:10.760000,6023.21,6025,300768,6030,303832,6020,418869,6015,311135
2020-06-04 09:38:11.560000,6023.21,6025,296769,6030,303832,6020,418869,6015,311135
2020-06-04 09:38:12.430000,6023.21,6025,296769,6030,303832,6020,418869,6015,311135
2020-06-04 09:38:13.170000,6023.21,6025,296769,6030,303832,6020,348369,6015,381635
2020-06-04 09:38:14.030000,6023.21,6025,297069,6030,304332,6020,348369,6015,381635
2020-06-04 09:38:14.760000,6023.21,6025,297069,6030,304332,6020,348389,6015,381835
2020-06-04 09:38:15.460000,6023.21,6025,297069,6030,304332,6020,137593,6015,404694
2020-06-04 09:38:16.370000,6023.18,6025,288069,6030,304332,6020,145994,6015,404694
2020-06-04 09:38:17.170000,6023.15,6025,338069,6030,254332,6020,92715,6015,404694
2020-06-04 09:38:17.960000,6022.05,6025,338069,6030,254332,6020,254153,6015,381835
2020-06-04 09:38:18.840000,6022.05,6025,338056,6030,254332,6020,254153,6015,381835
2020-06-04 09:38:19.660000,6022.05,6025,338055,6030,254332,6020,253653,6015,381835
2020-06-04 09:38:20.570000,6022.05,6025,338045,6030,254332,6020,146642,6015,404694
2020-06-04 09:38:22.840000,6022.05,6025,339045,6030,254332,6020,154642,6015,404694
2020-06-04 09:38:23.570000,6022.05,6025,339045,6030,254332,6020,104005,6015,404694
2020-06-04 09:38:24.260000,6022.05,6025,339045,6030,254332,6020,105016,6015,404694
2020-06-04 09:38:25.040000,6022.05,6025,339045,6030,254152,6020,263005,6015,381835
2020-06-04 09:38:25.870000,6022.05,6025,339045,6030,254152,6020,152716,6015,404694
2020-06-04 09:38:26.660000,6022.11,6025,339045,6030,254152,6020,260885,6015,381835
2020-06-04 09:38:27.660000,6022.08,6025,339045,6030,254252,6020,152726,6015,404694
2020-06-04 09:38:28.330000,6022.08,6025,339045,6030,254252,6020,152726,6015,404694
2020-06-04 09:38:28.960000,6022.08,6025,339045,6030,254252,6020,260885,6015,381835
2020-06-04 09:38:29.760000,6022.08,6025,339045,6030,254252,6020,260885,6015,381835
2020-06-04 09:38:30.570000,6022.08,6025,339045,6030,254252,6020,264395,6015,381835
2020-06-04 09:38:31.240000,6022.08,6025,339245,6030,254252,6020,264495,6015,381835
2020-06-04 09:38:32.040000,6022.08,6025,339245,6030,254252,6020,264827,6015,381835
2020-06-04 09:38:32.770000,6022.08,6025,339245,6030,254252,6020,434627,6015,311836
2020-06-04 09:38:33.570000,6022.08,6025,339244,6030,254252,6020,434627,6015,311836
2020-06-04 09:38:34.270000,6022.08,6025,339244,6030,254252,6020,364127,6015,382336
2020-06-04 09:38:34.960000,6022.08,6025,339944,6030,253552,6020,364127,6015,382336
2020-06-04 09:38:35.740000,6022.08,6025,339944,6030,253552,6020,361127,6015,385336
2020-06-04 09:38:36.460000,6022.08,6025,339944,6030,253552,6020,366317,6015,385336
2020-06-04 09:38:37.130000,6023.15,6025,339944,6030,253552,6020,367316,6015,385336
2020-06-04 09:38:37.920000,6023.18,6025,338242,6030,253552,6020,366982,6015,385336
2020-06-04 09:38:38.660000,6022.14,6025,338242,6030,253552,6020,366982,6015,385536
2020-06-04 09:38:39.270000,6022.14,6025,338242,6030,253552,6020,437482,6015,315036
2020-06-04 09:38:40.660000,6022.14,6025,338242,6030,253552,6020,258923,6015,408395
2020-06-04 09:38:41.470000,6022.14,6025,338242,6030,253552,6020,163925,6015,408395
2020-06-04 09:38:42.060000,6022.14,6025,338242,6030,253552,6020,158925,6015,408395
2020-06-04 09:38:42.740000,6022.14,6025,338242,6030,253552,6020,158925,6015,408395
2020-06-04 09:38:43.470000,6022.14,6025,338242,6030,253552,6020,112283,6015,408395
2020-06-04 09:38:44.440000,6022.14,6025,338341,6030,253552,6020,63239,6015,408395
2020-06-04 09:38:45.270000,6022.14,6025,338335,6030,253552,6020,63240,6015,408695
2020-06-04 09:38:46.060000,6022.08,6020,245836,6025,250915,6015,408695,6010,309540
2020-06-04 09:38:46.770000,6022.08,6020,295618,6025,250915,6015,408695,6010,309540
2020-06-04 09:38:47.560000,6018.95,6020,11987,6025,346335,6015,408695,6010,309540
2020-06-04 09:38:48.360000,6018.95,6025,346335,6030,253552,6020,46070,6015,409195
2020-06-04 09:38:49.170000,6018.95,6025,338333,6030,253552,6020,215508,6015,386337
2020-06-04 09:38:50.030000,6022.05,6025,338833,6030,253552,6020,215509,6015,386347
2020-06-04 09:38:50.970000,6022.05,6025,338333,6030,255988,6020,180209,6015,386348
2020-06-04 09:38:51.860000,6022.05,6025,338333,6030,255988,6020,8012,6015,409207
2020-06-04 09:38:52.640000,6022.05,6025,338344,6030,255988,6020,8234,6015,409207
2020-06-04 09:38:53.260000,6022.05,6025,346344,6030,255988,6020,249,6015,409207
2020-06-04 09:38:54.030000,6022.05,6025,352377,6030,256988,6020,249,6015,409207
2020-06-04 09:38:54.860000,6022.05,6025,343987,6030,257688,6020,64317,6015,409217
2020-06-04 09:38:55.670000,6022.05,6025,349737,6030,251943,6020,64335,6015,409325
2020-06-04 09:38:56.470000,6023.09,6025,349837,6030,251943,6020,64345,6015,409335
2020-06-04 09:38:57.260000,6021.02,6025,349837,6030,251843,6020,63876,6015,408835
2020-06-04 09:38:57.970000,6021.02,6025,351738,6030,251843,6020,64829,6015,408835
2020-06-04 09:38:58.560000,6021.02,6025,345705,6030,251843,6020,64829,6015,408835
2020-06-04 09:38:59.480000,6021.02,6025,347705,6030,251843,6020,64844,6015,408835
2020-06-04 09:39:00.200000,6021.02,6025,347805,6030,251843,6020,64844,6015,408845
2020-06-04 09:39:00.650000,6021.02,6025,347805,6030,251843,6020,223003,6015,385986
2020-06-04 09:39:01.760000,6021.02,6025,347877,6030,251843,6020,391741,6015,315486
2020-06-04 09:39:02.340000,6021.02,6025,347972,6030,251843,6020,391744,6015,315486
2020-06-04 09:39:03.170000,6021.02,6025,347972,6030,251843,6020,321244,6015,385986
2020-06-04 09:39:04.380000,6021.02,6025,347972,6030,251848,6020,321244,6015,385986
2020-06-04 09:39:04.790000,6021.02,6025,347972,6030,251848,6020,321244,6015,385986
2020-06-04 09:39:05.530000,6021.02,6025,347972,6030,251848,6020,59806,6015,408845
2020-06-04 09:39:06.510000,6022.08,6025,347972,6030,251848,6020,61639,6015,408945
2020-06-04 09:39:07.020000,6023.15,6025,348795,6030,251848,6020,62902,6015,408945
2020-06-04 09:39:07.700000,6022.08,6025,348795,6030,251848,6020,62902,6015,409045
2020-06-04 09:39:08.340000,6022.08,6025,348795,6030,251848,6020,63102,6015,409545
2020-06-04 09:39:08.930000,6022.08,6025,348795,6030,251848,6020,63202,6015,409545
2020-06-04 09:39:09.660000,6022.08,6025,348779,6030,251848,6020,64805,6015,409545
2020-06-04 09:39:10.700000,6022.08,6025,348779,6030,251848,6020,223964,6015,386686
2020-06-04 09:39:11.730000,6022.08,6025,348779,6030,251848,6020,224164,6015,386686
2020-06-04 09:39:12.130000,6022.08,6025,348779,6030,251848,6020,224164,6015,386686
2020-06-04 09:39:13.300000,6022.08,6025,348779,6030,251848,6020,224164,6015,386686
2020-06-04 09:39:13.570000,6022.08,6025,348879,6030,251848,6020,225164,6015,383120
2020-06-04 09:39:14.370000,6022.08,6025,348879,6030,251848,6020,225084,6015,383120
2020-06-04 09:39:15.430000,6022.08,6025,349096,6030,251848,6020,225084,6015,383120
2020-06-04 09:39:15.930000,6022.08,6025,345596,6030,251848,6020,227949,6015,383120
2020-06-04 09:39:16.990000,6022.11,6025,345696,6030,251848,6020,227949,6015,383120
2020-06-04 09:39:17.130000,6022.11,6025,345696,6030,251848,6020,227954,6015,383120
2020-06-04 09:39:17.830000,6022.11,6025,345696,6030,251848,6020,227964,6015,383120
2020-06-04 09:39:19.130000,6022.11,6025,345570,6030,251848,6020,403464,6015,312620
2020-06-04 09:39:19.860000,6023.15,6025,345470,6030,251848,6020,403464,6015,312620
2020-06-04 09:39:20.680000,6023.15,6025,345470,6030,251848,6020,404464,6015,312620
2020-06-04 09:39:21.740000,6023.15,6025,351503,6030,251848,6020,334164,6015,383120
2020-06-04 09:39:22.070000,6023.15,6025,351503,6030,251848,6020,334164,6015,383120
2020-06-04 09:39:22.740000,6023.15,6025,351503,6030,251848,6020,334427,6015,383120
2020-06-04 09:39:23.850000,6023.15,6025,350503,6030,251848,6020,334427,6015,383120
2020-06-04 09:39:24.160000,6023.15,6025,350503,6030,251848,6020,276268,6015,405979
2020-06-04 09:39:24.930000,6023.15,6025,353185,6030,251848,6020,405127,6015,312620
2020-06-04 09:39:25.660000,6023.15,6030,347268,6035,209147,6025,81859,6020,382268
2020-06-04 09:39:26.580000,6023.15,6030,347268,6035,209147,6025,142695,6020,382268
2020-06-04 09:39:27.640000,6023.18,6030,347268,6035,209147,6025,142595,6020,382268
2020-06-04 09:39:28.640000,6027.38,6030,347233,6035,209147,6025,184600,6020,383278
2020-06-04 09:39:29.680000,6028.44,6030,347233,6035,209147,6025,142595,6020,383278
2020-06-04 09:39:30.720000,6028.44,6030,347233,6035,209147,6025,139316,6020,383582
2020-06-04 09:39:31.170000,6028.44,6030,347233,6035,209147,6025,139314,6020,382582
2020-06-04 09:39:32.310000,6028.44,6030,347333,6035,209147,6025,142593,6020,382582
2020-06-04 09:39:32.760000,6028.44,6030,347333,6035,209147,6025,280116,6020,383264
2020-06-04 09:39:34.370000,6028.44,6030,339363,6035,212426,6025,353616,6020,312764
2020-06-04 09:39:35.140000,6028.44,6030,339363,6035,212426,6025,353666,6020,312864
2020-06-04 09:39:35.960000,6027.38,6030,158643,6035,307846,6025,353666,6020,312964
2020-06-04 09:39:37.040000,6027.41,6030,347354,6035,212426,6025,353666,6020,312964
2020-06-04 09:39:38.100000,6029.54,6030,347334,6035,212446,6025,353366,6020,312964
2020-06-04 09:39:39.170000,6029.54,6030,347334,6035,212496,6025,353366,6020,312964
2020-06-04 09:39:39.350000,6029.54,6030,347334,6035,212496,6025,353366,6020,313064
2020-06-04 09:39:40.230000,6029.54,6030,347334,6035,212496,6025,355088,6020,313364
2020-06-04 09:39:41.290000,6029.54,6030,347339,6035,212496,6025,284588,6020,383864
2020-06-04 09:39:42.350000,6029.54,6030,347339,6035,212596,6025,355088,6020,313364
2020-06-04 09:39:42.730000,6029.54,6030,347339,6035,212596,6025,355088,6020,313364
2020-06-04 09:39:43.950000,6029.54,6030,347339,6035,212596,6025,355188,6020,313364
2020-06-04 09:39:44.370000,6029.54,6030,300926,6035,212596,6025,355188,6020,313364
2020-06-04 09:39:45.130000,6029.54,6030,304203,6035,212896,6025,355188,6020,313364
2020-06-04 09:39:46.040000,6029.51,6030,304203,6035,212896,6025,355205,6020,313364
2020-06-04 09:39:46.570000,6028.47,6030,304203,6035,212896,6025,353205,6020,313685
2020-06-04 09:39:47.620000,6029.51,6030,304203,6035,212896,6025,353205,6020,313685
2020-06-04 09:39:48.130000,6028.44,6030,304203,6035,212896,6025,353555,6020,313685
2020-06-04 09:39:49.190000,6028.44,6030,304203,6035,212896,6025,353555,6020,313685
2020-06-04 09:39:49.460000,6029.48,6030,304198,6035,212896,6025,353755,6020,313685
2020-06-04 09:39:50.280000,6029.48,6030,119200,6035,308316,6025,353755,6020,313685
2020-06-04 09:39:51.060000,6029.48,6030,17545,6035,341151,6025,353955,6020,313625
2020-06-04 09:39:52.330000,6029.48,6035,341151,6040,251498,6030,101452,6025,332125
2020-06-04 09:39:52.860000,6029.48,6035,341151,6040,251498,6030,309654,6025,332226
2020-06-04 09:39:53.920000,6029.48,6035,341151,6040,251498,6030,380172,6025,261709
2020-06-04 09:39:54.970000,6029.48,6035,65463,6040,346918,6030,379472,6025,261709
2020-06-04 09:39:56.030000,6029.48,6035,132363,6040,346918,6030,379673,6025,261714
2020-06-04 09:39:56.620000,6030.57,6035,132363,6040,346918,6030,379626,6025,261794
2020-06-04 09:39:57.620000,6035.9,6035,132183,6040,346918,6030,379611,6025,261794
2020-06-04 09:39:58.230000,6035.9,6035,132183,6040,346918,6030,379611,6025,261794
2020-06-04 09:39:59.060000,6035.9,6035,70004,6040,350197,6030,379621,6025,262259
2020-06-04 09:40:00.230000,6035.9,6035,337597,6040,254777,6030,379621,6025,262259
2020-06-04 09:40:00.830000,6035.9,6035,337355,6040,254777,6030,379821,6025,262259
2020-06-04 09:40:01.810000,6035.9,6035,170667,6040,350197,6030,379826,6025,262959
2020-06-04 09:40:02.640000,6035.9,6035,170667,6040,350197,6030,379826,6025,262959
2020-06-04 09:40:03.430000,6035.9,6035,336837,6040,254777,6030,379826,6025,262959
2020-06-04 09:40:04.230000,6035.9,6035,170649,6040,350197,6030,379826,6025,262979
2020-06-04 09:40:05.030000,6035.9,6035,341454,6040,254777,6030,309426,6025,333279
2020-06-04 09:40:06.060000,6034.83,6035,340040,6040,254777,6030,260126,6025,333279
2020-06-04 09:40:07.110000,6034.83,6030,154425,6035,340040,6025,356138,6020,323550
2020-06-04 09:40:08.170000,6030.57,6030,96914,6035,340040,6025,356138,6020,323550
2020-06-04 09:40:08.670000,6028.47,6030,285534,6035,244620,6025,285638,6020,394050
2020-06-04 09:40:09.760000,6028.47,6030,285624,6035,244620,6025,285638,6020,395251
2020-06-04 09:40:10.810000,6028.47,6030,284574,6035,244620,6025,356138,6020,324851
2020-06-04 09:40:11.870000,6028.47,6030,284574,6035,244920,6025,67495,6020,418210
2020-06-04 09:40:12.260000,6028.47,6030,268734,6035,244920,6020,418215,6015,307226
2020-06-04 09:40:13.370000,6028.47,6025,224517,6030,189154,6020,419595,6015,307226
2020-06-04 09:40:14.510000,6028.47,6025,268317,6030,189154,6020,418735,6015,307226
2020-06-04 09:40:15.560000,6028.47,6025,270226,6030,189164,6020,418735,6015,307226
2020-06-04 09:40:16.600000,6028.47,6025,268427,6030,189164,6020,418735,6015,307236
2020-06-04 09:40:17.650000,6025.31,6025,268825,6030,189164,6020,418735,6015,307336
2020-06-04 09:40:18.130000,6023.15,6025,268825,6030,189064,6020,418785,6015,307336
2020-06-04 09:40:19.210000,6024.21,6025,269601,6030,189064,6020,419363,6015,307336
2020-06-04 09:40:19.760000,6024.21,6025,267582,6030,189074,6020,419363,6015,307336
2020-06-04 09:40:20.800000,6024.21,6025,52220,6030,268654,6020,419863,6015,307336
2020-06-04 09:40:21.870000,6024.21,6030,268654,6035,245318,6025,51615,6020,419863
2020-06-04 09:40:22.160000,6024.21,6030,268654,6035,245318,6025,3353,6020,419982
2020-06-04 09:40:22.970000,6024.21,6030,268654,6035,245318,6025,95903,6020,397123
2020-06-04 09:40:23.740000,6024.21,6030,268654,6035,245318,6025,151188,6020,397123
2020-06-04 09:40:24.460000,6024.21,6030,268654,6035,245918,6025,151999,6020,397124
2020-06-04 09:40:25.130000,6024.21,6030,268654,6035,245918,6025,151899,6020,397124
2020-06-04 09:40:25.860000,6025.22,6030,301489,6035,213083,6025,293905,6020,397124
2020-06-04 09:40:27.110000,6027.32,6030,301589,6035,213083,6025,365341,6020,326624
2020-06-04 09:40:27.560000,6026.34,6030,301589,6035,213083,6025,365841,6020,326624
2020-06-04 09:40:28.420000,6029.51,6030,301589,6035,213083,6025,253336,6020,397125
2020-06-04 09:40:29.220000,6027.41,6030,301587,6035,213083,6025,253336,6020,397125
2020-06-04 09:40:30.270000,6027.41,6030,301587,6035,215083,6025,99221,6020,397128
2020-06-04 09:40:31.310000,6027.41,6030,306587,6035,215083,6025,101617,6020,397128
2020-06-04 09:40:31.560000,6027.41,6030,306587,6035,210266,6025,101617,6020,397128
2020-06-04 09:40:32.360000,6027.41,6030,306587,6035,210366,6025,101617,6020,397128
2020-06-04 09:40:32.940000,6027.41,6030,306587,6035,210366,6025,146617,6020,397128
2020-06-04 09:40:33.670000,6027.41,6030,306578,6035,210366,6025,141667,6020,397178
2020-06-04 09:40:34.450000,6027.41,6030,306579,6035,210366,6025,66663,6020,420037
2020-06-04 09:40:35.500000,6027.41,6030,306579,6035,212666,6025,142799,6020,397178
2020-06-04 09:40:35.830000,6027.41,6030,300579,6035,212666,6025,62023,6020,420037
2020-06-04 09:40:36.470000,6026.37,6030,299744,6035,212666,6025,93166,6020,397178
2020-06-04 09:40:37.590000,6026.37,6030,299744,6035,212666,6025,70804,6020,420037
2020-06-04 09:40:37.860000,6026.34,6030,299744,6035,212667,6025,70804,6020,420037
2020-06-04 09:40:38.640000,6026.34,6030,299744,6035,212667,6025,70804,6020,420037
2020-06-04 09:40:39.150000,6026.34,6030,299744,6035,212667,6025,62525,6020,420037
2020-06-04 09:40:39.830000,6026.34,6030,299744,6035,212667,6025,58094,6020,420037
2020-06-04 09:40:40.470000,6026.34,6030,299744,6035,212667,6025,58162,6020,419733
2020-06-04 09:40:41.220000,6026.34,6030,300744,6035,212667,6025,85750,6020,396956
2020-06-04 09:40:42.260000,6026.34,6025,206163,6030,221164,6020,419815,6015,307939
2020-06-04 09:40:42.750000,6026.34,6025,250063,6030,221264,6020,419815,6015,307939
2020-06-04 09:40:43.820000,6026.34,6025,250064,6030,221264,6020,419815,6015,307939
2020-06-04 09:40:44.860000,6026.34,6025,250064,6030,188429,6020,420815,6015,307939
2020-06-04 09:40:45.030000,6026.34,6025,253343,6030,190429,6020,420815,6015,307939
2020-06-04 09:40:45.890000,6026.34,6025,253343,6030,190430,6020,350315,6015,378439
2020-06-04 09:40:46.930000,6026.34,6025,253343,6030,190430,6020,350315,6015,378439
2020-06-04 09:40:47.350000,6024.21,6025,253343,6030,190430,6020,341707,6015,378439
2020-06-04 09:40:48.530000,6024.21,6025,250064,6030,190430,6020,412207,6015,307939
2020-06-04 09:40:48.840000,6022.11,6025,250064,6030,190594,6020,412217,6015,308055
2020-06-04 09:40:50.650000,6022.11,6025,260064,6030,190594,6020,412199,6015,308055
2020-06-04 09:40:51.170000,6022.11,6025,260064,6030,190599,6020,412249,6015,307910
2020-06-04 09:40:52.210000,6022.11,6025,260064,6030,190599,6020,411250,6015,307910
2020-06-04 09:40:52.670000,6022.11,6025,260064,6030,190599,6020,411251,6015,307992
2020-06-04 09:40:53.770000,6022.11,6025,260064,6030,190599,6020,411251,6015,307992
2020-06-04 09:40:54.840000,6022.11,6025,260064,6030,190599,6020,411251,6015,307992
2020-06-04 09:40:55.370000,6022.11,6025,260064,6030,190599,6020,411251,6015,307992
2020-06-04 09:40:56.410000,6023.18,6025,53901,6030,262140,6020,411451,6015,307992
2020-06-04 09:40:56.760000,6024.21,6025,271343,6030,190599,6020,411451,6015,307992
2020-06-04 09:40:57.430000,6024.24,6025,274341,6030,190599,6020,411451,6015,307992
2020-06-04 09:40:58.520000,6025.25,6025,274341,6030,190599,6020,414501,6015,307992
2020-06-04 09:40:58.960000,6023.15,6025,274341,6030,190599,6020,414501,6015,307876
2020-06-04 09:41:00.100000,6023.15,6025,274341,6030,190748,6020,415511,6015,307876
2020-06-04 09:41:01.150000,6023.15,6025,274341,6030,190843,6020,340011,6015,378376
2020-06-04 09:41:01.440000,6023.15,6025,274291,6030,190843,6020,409512,6015,308042
2020-06-04 09:41:02.160000,6023.15,6025,274282,6030,190843,6020,409512,6015,308042
2020-06-04 09:41:03.260000,6023.15,6025,274282,6030,190843,6020,409512,6015,308042
2020-06-04 09:41:03.720000,6023.15,6025,271971,6030,190843,6020,409512,6015,308043
2020-06-04 09:41:04.540000,6023.15,6025,271971,6030,190843,6020,406512,6015,308043
2020-06-04 09:41:05.240000,6023.15,6025,271971,6030,190843,6020,406512,6015,308043
2020-06-04 09:41:06.400000,6023.18,6025,271954,6030,190843,6020,336012,6015,378543
2020-06-04 09:41:07.440000,6024.18,6025,271954,6030,191143,6020,232853,6015,401402
2020-06-04 09:41:08.040000,6022.11,6025,271754,6030,191143,6020,36784,6015,404681
2020-06-04 09:41:09.000000,6021.02,6025,271729,6030,191143,6020,87352,6015,404681
2020-06-04 09:41:10.470000,6021.02,6025,271729,6030,191143,6020,87321,6015,404781
2020-06-04 09:41:11.130000,6021.02,6025,271729,6030,191721,6020,87321,6015,404781
2020-06-04 09:41:11.960000,6021.02,6025,271729,6030,191921,6020,30226,6015,404781
2020-06-04 09:41:13.160000,6021.02,6025,271729,6030,191922,6020,87574,6015,404781
2020-06-04 09:41:13.660000,6021.02,6025,271729,6030,191922,6020,248233,6015,381922
2020-06-04 09:41:14.720000,6021.02,6025,271729,6030,191922,6020,418733,6015,311422
2020-06-04 09:41:15.240000,6021.02,6025,271729,6030,191922,6020,418733,6015,311422
2020-06-04 09:41:16.310000,6021.02,6025,271729,6030,191922,6020,418733,6015,311422
2020-06-04 09:41:16.770000,6021.05,6025,271729,6030,191922,6020,318233,6015,381922
2020-06-04 09:41:17.530000,6023.15,6025,271729,6030,191922,6020,318233,6015,382040
2020-06-04 09:41:18.240000,6023.15,6025,272049,6030,191922,6020,388511,6015,311540
2020-06-04 09:41:18.940000,6023.15,6025,272049,6030,191922,6020,387761,6015,311540
2020-06-04 09:41:20.020000,6023.15,6025,272549,6030,191922,6020,387761,6015,311540
2020-06-04 09:41:20.330000,6023.15,6025,270549,6030,191922,6020,387761,6015,311540
2020-06-04 09:41:21.060000,6023.15,6025,270549,6030,191922,6020,317761,6015,382090
2020-06-04 09:41:22.110000,6023.15,6025,270549,6030,191922,6020,209602,6015,404849
2020-06-04 09:41:22.560000,6023.15,6025,270549,6030,191922,6020,317603,6015,381990
2020-06-04 09:41:23.690000,6023.15,6025,269949,6030,191922,6020,388103,6015,311490
2020-06-04 09:41:24.160000,6023.15,6025,269949,6030,191922,6020,391203,6015,311540
2020-06-04 09:41:25.260000,6023.15,6025,269949,6030,201774,6020,391303,6015,311540
2020-06-04 09:41:25.650000,6023.15,6025,269949,6030,201951,6020,391303,6015,311540
2020-06-04 09:41:26.380000,6022.11,6025,269949,6030,201951,6020,391303,6015,312040
2020-06-04 09:41:27.060000,6024.21,6025,269949,6030,201951,6020,391403,6015,312040
2020-06-04 09:41:27.840000,6024.18,6025,269949,6030,201951,6020,321053,6015,382540
2020-06-04 09:41:28.950000,6024.18,6025,269949,6030,201951,6020,321053,6015,382540
2020-06-04 09:41:30.080000,6023.15,6025,270049,6030,201951,6020,321053,6015,382540
2020-06-04 09:41:30.830000,6023.15,6025,270049,6030,201951,6020,212914,6015,405499
2020-06-04 09:41:31.630000,6023.15,6025,270049,6030,201951,6020,212914,6015,405499
2020-06-04 09:41:32.460000,6023.15,6025,270049,6030,201951,6020,59635,6015,405499
2020-06-04 09:41:33.190000,6023.15,6025,270049,6030,202105,6020,112914,6015,405499
2020-06-04 09:41:34.240000,6023.15,6025,270049,6030,202105,6020,62914,6015,405999
2020-06-04 09:41:34.560000,6023.15,6025,270049,6030,202105,6020,63004,6015,405999
2020-06-04 09:41:35.300000,6023.15,6025,270071,6030,202105,6020,64004,6015,405999
2020-06-04 09:41:35.740000,6023.15,6025,270071,6030,202105,6020,26529,6015,405999
2020-06-04 09:41:36.380000,6022.08,6025,270071,6030,202105,6020,192426,6015,383140
2020-06-04 09:41:37.410000,6021.02,6025,270071,6030,202105,6020,6422,6015,405999
2020-06-04 09:41:37.580000,6022.05,6025,270571,6030,202205,6020,5422,6015,405999
2020-06-04 09:41:38.470000,6021.02,6025,270554,6030,202205,6020,5927,6015,405999
2020-06-04 09:41:38.880000,6021.02,6025,270554,6030,202205,6020,5450,6015,405999
2020-06-04 09:41:39.640000,6021.02,6025,270554,6030,202205,6020,4550,6015,405999
2020-06-04 09:41:40.840000,6021.02,6025,270584,6030,202205,6020,4550,6015,405999
2020-06-04 09:41:42.160000,6021.02,6020,1000,6025,270584,6015,405999,6010,354789
2020-06-04 09:41:42.620000,6021.02,6020,44282,6025,270584,6015,405999,6010,354789
2020-06-04 09:41:43.750000,6021.02,6025,270584,6030,202205,6020,836,6015,405999
2020-06-04 09:41:44.030000,6021.02,6020,9154,6025,259955,6015,405999,6010,360789
2020-06-04 09:41:44.760000,6021.02,6025,260455,6030,202206,6015,405999,6010,360789
2020-06-04 09:41:45.440000,6019.98,6025,260455,6030,202206,6020,42459,6015,405999
2020-06-04 09:41:46.400000,6019.95,6025,260455,6030,202206,6020,43841,6015,405999
2020-06-04 09:41:46.670000,6019.95,6025,260455,6030,202206,6015,405999,6010,360789
2020-06-04 09:41:47.470000,6021.02,6025,260955,6030,202206,6020,42459,6015,405999
2020-06-04 09:41:48.510000,6021.02,6025,260955,6030,202206,6015,405999,6010,360789
2020-06-04 09:41:48.680000,6019.98,6025,260955,6030,202206,6015,405999,6010,360789
2020-06-04 09:41:49.320000,6019.98,6025,260955,6030,202236,6020,74,6015,405999
2020-06-04 09:41:50.030000,6019.98,6025,260955,6030,202236,6020,74,6015,405999
2020-06-04 09:41:50.640000,6019.98,6025,260955,6030,200236,6015,405999,6010,360789
2020-06-04 09:41:51.230000,6019.98,6025,260955,6030,200236,6015,406299,6010,365789
2020-06-04 09:41:52.210000,6019.98,6025,260955,6030,200236,6020,43459,6015,406299
2020-06-04 09:41:52.670000,6019.98,6025,261433,6030,200236,6020,45711,6015,406799
2020-06-04 09:41:53.790000,6019.98,6025,261433,6030,200236,6020,118570,6015,383940
2020-06-04 09:41:54.140000,6019.98,6025,261433,6030,200236,6020,95681,6015,406799
2020-06-04 09:41:55.390000,6019.98,6020,245259,6025,189892,6015,406808,6010,365789
2020-06-04 09:41:56.430000,6019.98,6020,50500,6025,261433,6015,406808,6010,365789
2020-06-04 09:41:56.840000,6021.02,6020,11629,6025,261433,6015,406808,6010,365789
2020-06-04 09:41:57.980000,6021.02,6020,209950,6025,189892,6015,406808,6010,365789
2020-06-04 09:41:58.370000,6021.02,6020,14855,6025,261433,6015,406818,6010,365789
2020-06-04 09:41:59.560000,6019.98,6020,11329,6025,261433,6015,406818,6010,365789
2020-06-04 09:41:59.870000,6019.98,6025,261433,6030,200236,6015,406818,6010,365789
2020-06-04 09:42:00.690000,6019.98,6020,248321,6025,189892,6015,406818,6010,365789
2020-06-04 09:42:01.460000,6019.98,6020,248316,6025,191892,6015,357068,6010,365789
2020-06-04 09:42:02.750000,6019.98,6020,248316,6025,191892,6015,125131,6010,459148
2020-06-04 09:42:03.330000,6019.98,6020,248316,6025,191892,6015,69839,6010,459148
2020-06-04 09:42:04.160000,6019.98,6020,248306,6025,191892,6015,78245,6010,462429
2020-06-04 09:42:05.390000,6019.98,6020,248306,6025,191892,6015,78245,6010,462434
2020-06-04 09:42:05.860000,6019.98,6020,248306,6025,191892,6015,78345,6010,462685
2020-06-04 09:42:06.960000,6015.73,6020,248306,6025,191892,6015,78345,6010,462685
2020-06-04 09:42:07.450000,6015.7,6020,248306,6025,191892,6015,8340,6010,462685
2020-06-04 09:42:08.520000,6015.7,6015,207501,6020,184765,6010,462685,6005,474476
2020-06-04 09:42:08.950000,6013.6,6015,257484,6020,184765,6010,462685,6005,474477
2020-06-04 09:42:09.800000,6013.6,6015,257401,6020,184765,6010,462685,6005,474477
2020-06-04 09:42:10.490000,6013.6,6015,257451,6020,184765,6010,462685,6005,474737
2020-06-04 09:42:11.300000,6013.6,6015,100610,6020,256806,6010,463185,6005,474737
2020-06-04 09:42:12.220000,6013.6,6015,100610,6020,256806,6010,465406,6005,474737
2020-06-04 09:42:12.790000,6013.6,6020,256806,6025,191892,6010,465406,6005,474737
2020-06-04 09:42:13.470000,6013.6,6015,58560,6020,256806,6010,465406,6005,474737
2020-06-04 09:42:14.180000,6013.6,6015,58560,6020,256806,6010,465416,6005,474937
2020-06-04 09:42:14.970000,6013.6,6015,123588,6020,241778,6010,465416,6005,474937
2020-06-04 09:42:15.760000,6013.6,6015,108560,6020,256806,6010,465417,6005,474939
2020-06-04 09:42:16.770000,6014.63,6015,108560,6020,260811,6010,465437,6005,474939
2020-06-04 09:42:17.220000,6015.67,6015,108560,6020,260811,6010,465447,6005,474939
2020-06-04 09:42:17.860000,6014.66,6015,108560,6020,260811,6010,465457,6005,474939
2020-06-04 09:42:18.570000,6014.66,6015,108559,6020,260811,6010,465457,6005,474939
2020-06-04 09:42:19.160000,6015.67,6015,57709,6020,260811,6010,465457,6005,474941
2020-06-04 09:42:19.860000,6015.67,6015,57709,6020,260811,6010,465457,6005,474941
2020-06-04 09:42:20.460000,6015.67,6015,108570,6020,260811,6010,465477,6005,474941
2020-06-04 09:42:21.160000,6015.67,6015,108570,6020,260811,6010,465477,6005,474982
2020-06-04 09:42:21.860000,6015.67,6020,260811,6025,192898,6015,58146,6010,465477
2020-06-04 09:42:22.680000,6015.67,6020,260811,6025,192898,6015,61875,6010,465477
2020-06-04 09:42:23.430000,6015.67,6020,260811,6025,192898,6015,61875,6010,465477
2020-06-04 09:42:24.070000,6015.67,6020,260811,6025,192898,6015,64903,6010,465477
2020-06-04 09:42:24.660000,6015.67,6020,260811,6025,192898,6015,64903,6010,465477
2020-06-04 09:42:25.330000,6015.67,6020,260811,6025,192898,6015,3478,6010,465477
2020-06-04 09:42:25.960000,6014.63,6015,101666,6020,261011,6010,465477,6005,478764
2020-06-04 09:42:26.570000,6015.7,6015,101365,6020,261011,6010,465477,6005,478764
2020-06-04 09:42:27.360000,6015.7,6015,101465,6020,261011,6010,465477,6005,478766
2020-06-04 09:42:28.070000,6015.7,6020,261011,6025,192398,6015,58162,6010,465477
2020-06-04 09:42:28.660000,6015.7,6020,261011,6025,192398,6015,58162,6010,466477
2020-06-04 09:42:29.430000,6015.7,6020,261011,6025,192398,6015,177110,6010,443618
2020-06-04 09:42:30.160000,6015.7,6020,261011,6025,192398,6015,177110,6010,443618
2020-06-04 09:42:30.830000,6015.7,6020,261011,6025,192398,6015,177110,6010,443618
2020-06-04 09:42:31.430000,6015.7,6020,261011,6025,192898,6015,177110,6010,443618
2020-06-04 09:42:31.930000,6015.7,6020,261011,6025,192898,6015,177210,6010,443618
2020-06-04 09:42:32.740000,6015.7,6020,261011,6025,192898,6015,69051,6010,466577
2020-06-04 09:42:33.330000,6015.7,6020,261011,6025,192898,6015,69051,6010,466577
2020-06-04 09:42:34.190000,6015.7,6020,261011,6025,192898,6015,57972,6010,467077
2020-06-04 09:42:34.660000,6015.7,6020,261011,6025,192898,6015,65072,6010,467109
2020-06-04 09:42:36.300000,6016.76,6020,261175,6025,192899,6015,65072,6010,423286
2020-06-04 09:42:36.660000,6016.79,6020,261175,6025,192899,6015,65072,6010,423286
2020-06-04 09:42:37.240000,6015.73,6020,261175,6025,192899,6015,65102,6010,423286
2020-06-04 09:42:37.920000,6015.73,6020,261675,6025,192399,6015,65103,6010,423286
2020-06-04 09:42:38.660000,6015.73,6020,261675,6025,192399,6015,7131,6010,423286
2020-06-04 09:42:39.470000,6015.73,6020,261675,6025,192399,6015,15860,6010,423286
2020-06-04 09:42:39.960000,6015.73,6020,261675,6025,192399,6015,73852,6010,423374
2020-06-04 09:42:40.630000,6015.73,6020,261675,6025,192977,6015,73852,6010,423374
2020-06-04 09:42:41.270000,6015.73,6020,256675,6025,192977,6015,73842,6010,423374
2020-06-04 09:42:42.090000,6015.73,6020,256725,6025,192977,6015,73842,6010,423374
2020-06-04 09:42:42.560000,6015.73,6020,256725,6025,192977,6015,12600,6010,423152
2020-06-04 09:42:43.720000,6015.73,6020,256725,6025,192977,6015,74051,6010,423162
2020-06-04 09:42:44.030000,6015.73,6020,256725,6025,192977,6015,16049,6010,423162
2020-06-04 09:42:44.630000,6015.73,6020,256725,6025,192977,6015,81521,6010,423162
2020-06-04 09:42:46.330000,6015.73,6020,256725,6025,192977,6015,81441,6010,423162
2020-06-04 09:42:46.470000,6015.73,6020,256725,6025,192977,6015,191600,6010,398303
2020-06-04 09:42:47.370000,6016.73,6020,256725,6025,192977,6015,412100,6010,327803
2020-06-04 09:42:47.770000,6016.73,6020,256725,6025,192977,6015,412100,6010,327803
2020-06-04 09:42:49.090000,6018.86,6020,256725,6025,192977,6015,412105,6010,327803
2020-06-04 09:42:50.000000,6018.86,6020,256725,6025,192977,6015,415105,6010,327803
2020-06-04 09:42:51.060000,6018.86,6020,256725,6025,192977,6015,415205,6010,327803
2020-06-04 09:42:51.260000,6018.86,6020,256725,6025,192977,6015,415469,6010,328025
2020-06-04 09:42:52.620000,6018.86,6020,256725,6025,192977,6015,415469,6010,328065
2020-06-04 09:42:53.290000,6018.86,6020,256725,6025,192977,6015,415499,6010,328065
2020-06-04 09:42:54.220000,6018.86,6020,256725,6025,192977,6015,415499,6010,328065
2020-06-04 09:42:55.260000,6018.86,6020,256725,6025,192977,6015,415504,6010,330065
2020-06-04 09:42:55.400000,6018.86,6020,256725,6025,192977,6015,415524,6010,330065
2020-06-04 09:42:56.320000,6018.86,6020,256725,6025,192977,6015,415529,6010,330065
2020-06-04 09:42:56.560000,6019.92,6020,256725,6025,192977,6015,415629,6010,330063
2020-06-04 09:42:57.390000,6019.92,6020,256725,6025,192977,6015,295227,6010,400563
2020-06-04 09:42:58.430000,6018.89,6020,256725,6025,192977,6015,295227,6010,400563
