time,nav,sell1,sell1_cnt,sell2,sell2_cnt,buy1,buy1_cnt,buy2,buy2_cnt
2020-06-09 09:06:56.670000,5917.44,5915,105394,5920,373059,5910,464498,5905,534839
2020-06-09 09:06:57.640000,5914.61,5915,105174,5920,373038,5910,464478,5905,534819
2020-06-09 09:06:58.640000,5914.61,5915,190682,5920,373038,5910,467459,5905,486301
2020-06-09 09:06:59.840000,5913.61,5915,189663,5920,373038,5910,429152,5905,413509
2020-06-09 09:07:00.950000,5913.61,5915,189663,5920,373038,5910,416669,5905,413509
2020-06-09 09:07:02.140000,5913.61,5915,263203,5920,300246,5910,231244,5905,445931
2020-06-09 09:07:03.310000,5913.61,5915,263175,5920,300246,5910,234623,5905,445931
2020-06-09 09:07:04.490000,5913.61,5915,263125,5920,300246,5910,55862,5905,449192
2020-06-09 09:07:05.780000,5913.61,5915,263623,5920,300246,5910,15463,5905,449992
2020-06-09 09:07:07.040000,5912.58,5910,1691,5915,248150,5905,449727,5900,682570
2020-06-09 09:07:07.980000,5910.52,5910,5169,5915,248150,5905,449817,5900,682590
2020-06-09 09:07:09.020000,5910.49,5915,248250,5920,302751,5910,2923,5905,458817
2020-06-09 09:07:10.080000,5910.49,5910,173720,5915,223723,5905,461851,5900,682790
2020-06-09 09:07:11.210000,5910.49,5915,245020,5920,302751,5910,120,5905,462204
2020-06-09 09:07:12.370000,5910.49,5910,169857,5915,223573,5905,459974,5900,682584
2020-06-09 09:07:13.580000,5910.49,5910,169639,5915,223573,5905,460004,5900,682584
2020-06-09 09:07:14.640000,5910.49,5910,172539,5915,223573,5905,461254,5900,682915
2020-06-09 09:07:15.640000,5910.49,5910,213135,5915,223473,5905,461369,5900,682915
2020-06-09 09:07:16.750000,5910.49,5910,212885,5915,223473,5905,462389,5900,682916
2020-06-09 09:07:17.880000,5909.75,5910,500,5915,284446,5905,462988,5900,683032
2020-06-09 09:07:18.980000,5909.69,5915,284446,5920,303251,5910,30,5905,463295
2020-06-09 09:07:20.080000,5910.43,5915,281446,5920,303251,5910,67,5905,463402
2020-06-09 09:07:21.280000,5910.43,5910,158543,5915,264169,5905,463412,5900,684047
2020-06-09 09:07:22.420000,5910.43,5910,162515,5915,264169,5905,463613,5900,685207
2020-06-09 09:07:23.480000,5910.43,5910,162515,5915,264722,5905,463304,5900,685287
2020-06-09 09:07:24.480000,5910.43,5910,1000,5915,281899,5905,464907,5900,683287
2020-06-09 09:07:25.530000,5910.43,5915,281894,5920,303654,5910,20,5905,465512
2020-06-09 09:07:26.570000,5910.49,5915,281923,5920,303654,5910,222,5905,465612
2020-06-09 09:07:27.620000,5910.49,5915,281923,5920,303654,5910,8022,5905,465637
2020-06-09 09:07:28.780000,5911.23,5915,281623,5920,302654,5910,177523,5905,466005
2020-06-09 09:07:29.940000,5911.49,5910,148059,5915,264646,5905,467625,5900,688169
2020-06-09 09:07:31.080000,5911.49,5910,149685,5915,264046,5905,467237,5900,687965
2020-06-09 09:07:32.280000,5911.49,5910,150093,5915,264146,5905,467477,5900,687985
2020-06-09 09:07:33.370000,5911.49,5910,233461,5915,264146,5905,471485,5900,639467
2020-06-09 09:07:34.580000,5911.49,5910,232168,5915,264146,5905,471784,5900,639477
2020-06-09 09:07:35.770000,5911.49,5910,143327,5915,264146,5905,471784,5900,668006
2020-06-09 09:07:36.780000,5910.49,5910,147909,5915,264146,5905,472478,5900,670256
2020-06-09 09:07:37.780000,5909.93,5910,150312,5915,264146,5905,473169,5900,669257
2020-06-09 09:07:38.880000,5909.19,5910,269797,5915,264146,5905,477190,5900,630729
2020-06-09 09:07:39.980000,5909.49,5910,184218,5915,264167,5905,485149,5900,679257
2020-06-09 09:07:41.020000,5909.49,5910,279741,5915,264167,5905,486251,5900,631580
2020-06-09 09:07:42.080000,5909.49,5910,191646,5915,264177,5905,484253,5900,680577
2020-06-09 09:07:43.250000,5909.49,5910,279005,5915,264177,5905,468992,5900,632582
2020-06-09 09:07:44.280000,5909.49,5910,290167,5915,264177,5905,469004,5900,632582
2020-06-09 09:07:45.330000,5909.49,5910,289666,5915,264177,5905,469464,5900,632497
2020-06-09 09:07:46.400000,5909.43,5910,289546,5915,265064,5905,433164,5900,632702
2020-06-09 09:07:47.520000,5909.22,5910,290060,5915,265064,5905,470166,5900,632758
2020-06-09 09:07:48.580000,5908.43,5910,289291,5915,268548,5905,470216,5900,632758
2020-06-09 09:07:49.680000,5908.43,5910,290241,5915,268548,5905,479236,5900,634758
2020-06-09 09:07:50.760000,5908.43,5910,203607,5915,268548,5905,479342,5900,683609
2020-06-09 09:07:51.770000,5908.43,5910,289235,5915,268348,5905,479472,5900,635331
2020-06-09 09:07:52.850000,5908.43,5910,203682,5915,268348,5905,481032,5900,685022
2020-06-09 09:07:53.750000,5908.43,5910,289110,5915,268348,5905,481052,5900,636614
2020-06-09 09:07:54.850000,5908.43,5910,281118,5915,268348,5905,481072,5900,636639
2020-06-09 09:07:55.940000,5908.43,5910,195490,5915,268348,5905,473101,5900,685009
2020-06-09 09:07:57.000000,5909.43,5910,281039,5915,269802,5905,473171,5900,636681
2020-06-09 09:07:58.060000,5909.43,5910,280848,5915,269802,5905,473176,5900,636691
2020-06-09 09:07:59.130000,5909.43,5910,193192,5915,269802,5905,473027,5900,685219
2020-06-09 09:08:00.190000,5909.43,5910,278760,5915,269802,5905,435164,5900,636691
2020-06-09 09:08:01.250000,5909.43,5910,204140,5915,269802,5905,472248,5900,636691
2020-06-09 09:08:02.310000,5909.43,5910,204170,5915,269802,5905,475027,5900,636893
2020-06-09 09:08:03.370000,5909.43,5910,114859,5915,269802,5905,475429,5900,686036
2020-06-09 09:08:03.970000,5909.43,5910,211520,5915,272442,5905,475429,5900,637423
2020-06-09 09:08:04.980000,5909.43,5910,120196,5915,272442,5905,477304,5900,685951
2020-06-09 09:08:06.000000,5909.43,5910,74848,5915,272442,5905,477767,5900,686001
2020-06-09 09:08:07.060000,5908.43,5910,35324,5915,312442,5905,477716,5900,686052
2020-06-09 09:08:08.120000,5909.46,5910,34123,5915,311889,5905,477738,5900,686262
2020-06-09 09:08:09.190000,5910.94,5915,311889,5920,360407,5910,189155,5905,453624
2020-06-09 09:08:10.230000,5912.23,5915,311889,5920,360448,5910,198447,5905,452445
2020-06-09 09:08:11.290000,5912.23,5915,311889,5920,360448,5910,198847,5905,452446
2020-06-09 09:08:12.360000,5912.23,5915,311888,5920,360448,5910,199847,5905,452742
2020-06-09 09:08:13.420000,5912.23,5915,311888,5920,360448,5910,199480,5905,452842
2020-06-09 09:08:14.480000,5912.23,5915,311888,5920,360448,5910,2,5905,485154
2020-06-09 09:08:15.070000,5912.23,5915,311888,5920,360153,5910,219,5905,485156
2020-06-09 09:08:16.040000,5912.23,5910,1729,5915,311888,5905,485263,5900,688001
2020-06-09 09:08:17.100000,5911.49,5915,311888,5920,360153,5910,1122,5905,485263
2020-06-09 09:08:18.170000,5911.23,5915,311888,5920,360153,5910,185320,5905,455049
2020-06-09 09:08:18.680000,5911.2,5915,311888,5920,360153,5910,188390,5905,455149
2020-06-09 09:08:19.780000,5912.26,5915,238231,5920,432945,5910,198504,5905,528141
2020-06-09 09:08:20.850000,5912.26,5915,235562,5920,435585,5910,199575,5905,528171
2020-06-09 09:08:22.050000,5912.26,5915,235562,5920,435585,5910,229118,5905,528671
2020-06-09 09:08:23.270000,5912.26,5915,234563,5920,435585,5910,229973,5905,538672
2020-06-09 09:08:24.360000,5912.26,5915,149035,5920,435585,5910,335084,5905,587200
2020-06-09 09:08:25.480000,5912.26,5920,475585,5925,359947,5915,221325,5910,373903
2020-06-09 09:08:26.460000,5913.32,5920,475585,5925,359947,5915,185850,5910,333427
2020-06-09 09:08:27.540000,5916.09,5915,555,5920,475585,5910,334309,5905,586445
2020-06-09 09:08:28.570000,5916.67,5920,475585,5925,359947,5915,186285,5910,350101
2020-06-09 09:08:29.670000,5916.65,5920,475585,5925,359947,5915,223208,5910,390763
2020-06-09 09:08:30.700000,5916.65,5920,475585,5925,359947,5915,220467,5910,390078
2020-06-09 09:08:31.760000,5916.65,5920,474587,5925,359947,5915,221317,5910,390138
2020-06-09 09:08:32.780000,5916.65,5920,474592,5925,359947,5915,189203,5910,341916
2020-06-09 09:08:33.840000,5916.65,5920,482124,5925,359947,5915,189203,5910,343067
2020-06-09 09:08:35.370000,5916.65,5920,482123,5925,359997,5915,4008,5910,343158
2020-06-09 09:08:35.850000,5916.65,5915,3261,5920,477120,5910,343611,5905,586065
2020-06-09 09:08:36.960000,5915.91,5920,477170,5925,359997,5915,188257,5910,343611
2020-06-09 09:08:38.020000,5916.17,5920,477167,5925,366997,5915,811,5910,347611
2020-06-09 09:08:39.090000,5916.17,5915,231009,5920,442170,5910,348536,5905,585828
2020-06-09 09:08:40.130000,5915.38,5915,231861,5920,442170,5910,340443,5905,585930
2020-06-09 09:08:40.570000,5915.38,5915,230819,5920,442170,5910,340463,5905,585440
2020-06-09 09:08:41.690000,5915.38,5915,972,5920,477167,5910,341076,5905,585440
2020-06-09 09:08:42.790000,5915.38,5920,477116,5925,365816,5915,229379,5910,392705
2020-06-09 09:08:43.800000,5915.38,5920,477113,5925,365816,5915,229579,5910,392716
2020-06-09 09:08:44.880000,5915.38,5920,477113,5925,365816,5915,194258,5910,353149
2020-06-09 09:08:45.930000,5915.38,5915,2260,5920,477071,5910,363149,5905,577402
2020-06-09 09:08:46.970000,5916.12,5915,222779,5920,442074,5910,363149,5905,578196
2020-06-09 09:08:47.990000,5915.64,5915,224517,5920,442174,5910,355149,5905,578196
2020-06-09 09:08:49.050000,5914.61,5915,223792,5920,442174,5910,355159,5905,578486
2020-06-09 09:08:50.100000,5914.61,5915,223282,5920,442174,5910,356452,5905,578865
2020-06-09 09:08:51.140000,5914.61,5915,221582,5920,442174,5910,358496,5905,578865
2020-06-09 09:08:52.190000,5914.61,5915,307243,5920,442174,5910,359051,5905,530343
2020-06-09 09:08:53.240000,5914.61,5915,303723,5920,439534,5910,359916,5905,530343
2020-06-09 09:08:54.280000,5914.61,5915,303661,5920,439534,5910,361452,5905,532393
2020-06-09 09:08:55.330000,5914.61,5915,303631,5920,439566,5910,361484,5905,532503
2020-06-09 09:08:56.360000,5914.61,5915,217893,5920,439566,5910,359599,5905,576081
2020-06-09 09:08:57.410000,5914.55,5915,302273,5920,439566,5910,359719,5905,527953
2020-06-09 09:08:58.440000,5914.61,5915,301923,5920,439566,5910,364915,5905,528453
2020-06-09 09:08:59.520000,5914.55,5915,264923,5920,439566,5910,364896,5905,528463
2020-06-09 09:09:00.560000,5914.55,5915,296182,5920,439566,5910,364906,5905,528463
2020-06-09 09:09:01.610000,5914.55,5915,296182,5920,440066,5910,364926,5905,528463
2020-06-09 09:09:02.660000,5914.55,5915,296182,5920,440066,5910,329626,5905,534012
2020-06-09 09:09:03.700000,5914.55,5915,368331,5920,367274,5910,329737,5905,461350
2020-06-09 09:09:05.270000,5914.55,5915,368701,5920,367274,5910,329757,5905,464233
2020-06-09 09:09:05.780000,5914.55,5915,293858,5920,439866,5910,329326,5905,537163
2020-06-09 09:09:06.860000,5914.29,5915,366593,5920,367074,5910,330708,5905,464422
2020-06-09 09:09:07.900000,5912.58,5915,366593,5920,367074,5910,149890,5905,496285
2020-06-09 09:09:08.970000,5911.55,5915,366573,5920,367074,5910,54070,5905,497305
2020-06-09 09:09:10.150000,5910.75,5915,366560,5920,367074,5910,62135,5905,509379
2020-06-09 09:09:11.260000,5910.75,5910,41910,5915,339563,5905,509479,5900,703555
2020-06-09 09:09:12.550000,5910.75,5910,219961,5915,339563,5905,501679,5900,703615
2020-06-09 09:09:13.640000,5910.75,5910,219709,5915,380359,5905,501579,5900,703616
2020-06-09 09:09:14.740000,5910.75,5910,222690,5915,380359,5905,502791,5900,703616
2020-06-09 09:09:15.680000,5910.75,5910,221677,5915,380409,5905,504821,5900,706821
2020-06-09 09:09:16.770000,5910.75,5910,264248,5915,380409,5905,499821,5900,658394
2020-06-09 09:09:18.340000,5910.23,5910,265888,5915,377769,5905,500841,5900,659394
2020-06-09 09:09:18.850000,5909.46,5910,264931,5915,377769,5905,500842,5900,659444
2020-06-09 09:09:19.960000,5908.43,5910,264831,5915,377769,5905,498843,5900,659944
2020-06-09 09:09:21.010000,5908.43,5910,264041,5915,377769,5905,498843,5900,660054
2020-06-09 09:09:22.050000,5908.43,5910,264009,5915,377769,5905,499195,5900,660084
2020-06-09 09:09:23.100000,5908.43,5910,259768,5915,377769,5905,497341,5900,660194
2020-06-09 09:09:24.150000,5908.43,5910,302257,5915,377769,5905,497316,5900,660245
2020-06-09 09:09:25.210000,5908.43,5910,302088,5915,377769,5905,497818,5900,660355
2020-06-09 09:09:26.220000,5908.43,5910,301168,5915,377769,5905,486844,5900,672719
2020-06-09 09:09:27.300000,5908.43,5910,249338,5915,377769,5905,488251,5900,721248
2020-06-09 09:09:27.850000,5908.45,5910,252141,5915,377769,5905,488257,5900,724248
2020-06-09 09:09:28.880000,5910.2,5910,250143,5915,377769,5905,488302,5900,725208
2020-06-09 09:09:29.960000,5910.2,5910,253294,5915,377769,5905,486599,5900,727091
2020-06-09 09:09:31.000000,5910.2,5910,249432,5915,378769,5905,487097,5900,727091
2020-06-09 09:09:32.050000,5910.2,5910,237600,5915,378769,5905,487698,5900,727791
2020-06-09 09:09:33.070000,5910.2,5910,237538,5915,378769,5905,493521,5900,727791
2020-06-09 09:09:34.140000,5910.2,5910,237314,5915,378769,5905,495634,5900,727791
2020-06-09 09:09:35.160000,5910.2,5910,237344,5915,378769,5905,505634,5900,727791
2020-06-09 09:09:35.670000,5910.2,5910,237344,5915,378769,5905,505018,5900,728793
2020-06-09 09:09:36.780000,5910.23,5910,2739,5915,409342,5905,513023,5900,728793
2020-06-09 09:09:37.840000,5910.2,5915,409342,5920,337907,5910,195425,5905,513117
2020-06-09 09:09:38.890000,5910.2,5915,409342,5920,337907,5910,227740,5905,481904
2020-06-09 09:09:40.450000,5911.52,5915,401983,5920,337907,5910,231024,5905,482910
2020-06-09 09:09:41.000000,5911.52,5915,401483,5920,337907,5910,232024,5905,483679
2020-06-09 09:09:42.080000,5911.52,5915,401441,5920,337907,5910,232354,5905,484469
2020-06-09 09:09:43.120000,5911.52,5915,401441,5920,337907,5910,233639,5905,484479
2020-06-09 09:09:44.190000,5911.52,5915,401441,5920,337907,5910,236859,5905,484439
2020-06-09 09:09:45.230000,5911.52,5915,401441,5920,337907,5910,272985,5905,484440
2020-06-09 09:09:46.250000,5911.52,5915,328642,5920,410699,5910,328422,5905,557332
2020-06-09 09:09:46.840000,5912.26,5915,328642,5920,410699,5910,469442,5905,557932
2020-06-09 09:09:47.980000,5912.26,5915,328642,5920,410699,5910,469662,5905,558232
2020-06-09 09:09:49.010000,5914.55,5915,328942,5920,410699,5910,433121,5905,558242
2020-06-09 09:09:50.030000,5913.55,5915,401731,5920,337907,5910,283627,5905,485783
2020-06-09 09:09:51.140000,5913.55,5915,401731,5920,337907,5910,336637,5905,485888
2020-06-09 09:09:52.340000,5913.55,5915,400731,5920,337907,5910,330976,5905,486039
2020-06-09 09:09:53.370000,5913.55,5915,402084,5920,337907,5910,331077,5905,485227
2020-06-09 09:09:54.380000,5913.55,5915,402084,5920,339210,5910,331549,5905,485227
2020-06-09 09:09:55.350000,5913.55,5915,401084,5920,339210,5910,331569,5905,485227
2020-06-09 09:09:56.400000,5911.52,5915,401084,5920,339210,5910,256370,5905,517441
2020-06-09 09:09:57.460000,5912.26,5915,401084,5920,339210,5910,253870,5905,517541
2020-06-09 09:09:58.520000,5911.52,5915,399784,5920,339210,5910,262505,5905,484125
2020-06-09 09:09:59.580000,5911.52,5915,399784,5920,339210,5910,67034,5905,516508
2020-06-09 09:10:00.180000,5911.52,5910,3248,5915,380750,5905,516558,5900,736849
2020-06-09 09:10:01.280000,5911.52,5910,218101,5915,377852,5905,508557,5900,736849
2020-06-09 09:10:02.370000,5911.52,5910,7793,5915,381224,5905,508562,5900,736849
2020-06-09 09:10:03.370000,5911.52,5915,381224,5920,339210,5910,26684,5905,516572
2020-06-09 09:10:04.340000,5911.52,5915,373224,5920,339210,5910,31837,5905,516573
2020-06-09 09:10:05.440000,5911.52,5915,372224,5920,339210,5910,32837,5905,516623
2020-06-09 09:10:06.460000,5910.75,5915,372207,5920,339210,5910,194390,5905,516724
2020-06-09 09:10:07.520000,5911.49,5915,372207,5920,339210,5910,208393,5905,516977
2020-06-09 09:10:08.580000,5911.26,5915,372207,5920,339210,5910,50984,5905,517277
2020-06-09 09:10:09.650000,5911.2,5915,370677,5920,339210,5910,52840,5905,517837
2020-06-09 09:10:10.710000,5911.2,5915,370276,5920,339210,5910,53615,5905,517837
2020-06-09 09:10:11.770000,5911.2,5915,370276,5920,339210,5910,226993,5905,517837
2020-06-09 09:10:12.830000,5911.2,5915,370271,5920,339210,5905,518600,5900,739971
2020-06-09 09:10:13.900000,5911.2,5910,198616,5915,374904,5905,518615,5900,740001
2020-06-09 09:10:15.060000,5911.2,5910,237557,5915,374905,5905,510615,5900,740136
2020-06-09 09:10:16.140000,5911.2,5910,232497,5915,374905,5905,511658,5900,740236
2020-06-09 09:10:17.270000,5910.49,5910,77019,5915,374905,5905,514289,5900,740236
2020-06-09 09:10:18.270000,5909.46,5910,256263,5915,374905,5905,514562,5900,740233
2020-06-09 09:10:19.270000,5910.46,5910,14848,5915,410573,5905,514555,5900,740733
2020-06-09 09:10:20.350000,5910.46,5910,88854,5915,376924,5905,514655,5900,740733
2020-06-09 09:10:21.370000,5910.46,5910,238468,5915,376924,5905,515155,5900,740933
2020-06-09 09:10:22.430000,5910.46,5910,11685,5915,397476,5905,515155,5900,740933
2020-06-09 09:10:23.490000,5910.46,5910,235781,5915,376924,5905,515157,5900,740934
2020-06-09 09:10:24.550000,5910.46,5915,397476,5920,339330,5910,200138,5905,483043
2020-06-09 09:10:25.650000,5910.46,5915,389476,5920,339330,5910,198258,5905,483051
2020-06-09 09:10:26.680000,5910.46,5915,316684,5920,412122,5910,248259,5905,555848
2020-06-09 09:10:27.770000,5912.23,5915,389476,5920,339330,5910,252788,5905,483061
2020-06-09 09:10:28.770000,5913.03,5915,389476,5920,339330,5910,259067,5905,483151
2020-06-09 09:10:29.850000,5912.49,5915,316684,5920,412122,5910,263493,5905,556043
2020-06-09 09:10:31.390000,5912.49,5915,316684,5920,412122,5910,401853,5905,556053
2020-06-09 09:10:31.940000,5912.49,5915,247604,5920,432674,5910,402018,5905,604481
2020-06-09 09:10:33.000000,5912.49,5915,247251,5920,432674,5910,405023,5905,605481
2020-06-09 09:10:34.050000,5912.49,5915,6540,5920,432674,5910,406048,5905,605482
2020-06-09 09:10:35.100000,5912.49,5920,432674,5925,324671,5915,212514,5910,454836
2020-06-09 09:10:36.200000,5912.49,5920,432674,5925,324671,5915,209438,5910,455846
2020-06-09 09:10:37.250000,5914.03,5920,432640,5925,324671,5915,228047,5910,456020
2020-06-09 09:10:38.310000,5916.38,5920,432140,5925,324671,5915,196833,5910,415542
2020-06-09 09:10:39.360000,5916.67,5920,431940,5925,324671,5915,173983,5910,415682
2020-06-09 09:10:39.950000,5916.35,5920,430935,5925,324671,5915,173983,5910,415782
2020-06-09 09:10:40.940000,5916.35,5920,430935,5925,324671,5915,174983,5910,415782
2020-06-09 09:10:42.000000,5916.35,5920,430948,5925,324671,5915,175483,5910,415797
2020-06-09 09:10:43.050000,5916.35,5920,430948,5925,325071,5915,177275,5910,428637
2020-06-09 09:10:44.090000,5916.35,5920,430948,5925,325071,5915,176084,5910,425203
2020-06-09 09:10:45.140000,5916.35,5920,440948,5925,322071,5915,170684,5910,425304
2020-06-09 09:10:46.190000,5916.35,5920,440947,5925,322071,5915,174995,5910,430504
2020-06-09 09:10:46.780000,5916.38,5920,441754,5925,322071,5915,50,5910,429548
2020-06-09 09:10:47.760000,5916.41,5920,441754,5925,322071,5915,8053,5910,429548
2020-06-09 09:10:48.840000,5916.38,5920,441754,5925,322071,5915,176336,5910,430226
2020-06-09 09:10:49.870000,5916.38,5920,441754,5925,322071,5915,211265,5910,471405
2020-06-09 09:10:50.870000,5916.38,5920,441754,5925,322071,5915,215098,5910,471505
2020-06-09 09:10:51.980000,5916.38,5920,441754,5925,322071,5915,217248,5910,471505
2020-06-09 09:10:53.060000,5916.35,5920,441754,5925,322071,5915,218842,5910,474104
2020-06-09 09:10:54.080000,5916.35,5920,442842,5925,322071,5915,270174,5910,474206
2020-06-09 09:10:55.150000,5916.35,5920,442842,5925,322071,5915,220174,5910,474206
2020-06-09 09:10:56.180000,5916.35,5920,442842,5925,322071,5915,223529,5910,474206
2020-06-09 09:10:57.220000,5916.65,5920,442842,5925,322071,5915,230477,5910,464507
2020-06-09 09:10:58.290000,5916.67,5915,268533,5920,422290,5910,423929,5905,557381
2020-06-09 09:10:59.330000,5914.61,5915,220005,5920,422290,5910,423929,5905,605909
2020-06-09 09:11:00.380000,5914.61,5915,268423,5920,422290,5910,417931,5905,557381
2020-06-09 09:11:01.430000,5914.61,5915,268423,5920,422290,5910,421810,5905,557381
2020-06-09 09:11:02.470000,5914.61,5915,268423,5920,422290,5910,384820,5905,557381
2020-06-09 09:11:03.520000,5914.61,5915,341215,5920,349528,5910,285327,5905,484589
2020-06-09 09:11:04.560000,5914.61,5915,340204,5920,349528,5910,235348,5905,484589
2020-06-09 09:11:05.750000,5914.61,5915,340204,5920,349528,5910,46994,5905,516803
2020-06-09 09:11:06.810000,5913.87,5910,203671,5915,327652,5905,516803,5900,734352
2020-06-09 09:11:07.780000,5911.52,5910,292974,5915,327652,5905,516803,5900,685824
2020-06-09 09:11:08.820000,5910.46,5910,241226,5915,327652,5905,516803,5900,734552
2020-06-09 09:11:09.870000,5909.72,5910,48886,5915,352004,5905,526408,5900,735052
2020-06-09 09:11:10.920000,5909.72,5915,350378,5920,314677,5910,230575,5905,503214
2020-06-09 09:11:11.980000,5909.72,5915,342378,5920,314677,5910,231521,5905,503244
2020-06-09 09:11:13.020000,5909.72,5915,269586,5920,387469,5910,282951,5905,576058
2020-06-09 09:11:14.070000,5909.72,5915,265786,5920,387469,5910,470457,5905,576086
2020-06-09 09:11:15.120000,5909.72,5915,265785,5920,387469,5910,470570,5905,576187
2020-06-09 09:11:15.650000,5909.72,5915,265785,5920,387469,5910,471638,5905,576388
2020-06-09 09:11:16.600000,5911.97,5915,265784,5920,387469,5910,473541,5905,576438
2020-06-09 09:11:17.740000,5913.29,5915,265684,5920,387469,5910,473675,5905,576438
2020-06-09 09:11:18.790000,5913.84,5915,265683,5920,387469,5910,474225,5905,576458
2020-06-09 09:11:19.300000,5913.84,5915,217154,5920,387469,5910,483322,5905,625086
2020-06-09 09:11:20.350000,5913.84,5915,196602,5920,408021,5910,495902,5905,634586
2020-06-09 09:11:21.400000,5913.84,5920,408021,5925,318758,5910,495913,5905,634696
2020-06-09 09:11:22.440000,5913.84,5915,214154,5920,388381,5910,496483,5905,634696
2020-06-09 09:11:23.490000,5913.84,5915,213976,5920,388381,5910,496823,5905,634552
2020-06-09 09:11:24.540000,5913.84,5915,213876,5920,388381,5910,496823,5905,634552
2020-06-09 09:11:25.570000,5913.84,5915,213865,5920,388381,5910,497032,5905,652034
2020-06-09 09:11:26.630000,5915.64,5915,198561,5920,388381,5910,498067,5905,653034
2020-06-09 09:11:27.680000,5915.32,5915,247825,5920,388381,5910,511631,5905,604503
2020-06-09 09:11:28.270000,5914.61,5915,247677,5920,388359,5910,475651,5905,604483
2020-06-09 09:11:29.370000,5914.32,5915,199149,5920,388359,5910,513653,5905,652996
2020-06-09 09:11:30.580000,5914.32,5915,247677,5920,388359,5910,476703,5905,605483
2020-06-09 09:11:31.890000,5914.32,5915,247657,5920,388359,5910,476703,5905,605483
2020-06-09 09:11:32.450000,5914.32,5915,247641,5920,388359,5910,513703,5905,605483
2020-06-09 09:11:33.450000,5914.32,5915,247641,5920,388359,5910,513772,5905,605483
2020-06-09 09:11:34.500000,5914.32,5915,247641,5920,388359,5910,477348,5905,605531
2020-06-09 09:11:35.540000,5914.32,5915,215058,5920,388359,5910,477348,5905,605531
2020-06-09 09:11:36.610000,5914.32,5915,215038,5920,388359,5910,514350,5905,605531
2020-06-09 09:11:37.650000,5913.32,5915,212981,5920,388359,5910,514872,5905,605531
2020-06-09 09:11:38.700000,5913.32,5915,212980,5920,388359,5910,514972,5905,605531
2020-06-09 09:11:39.750000,5913.32,5915,212880,5920,388359,5910,520852,5905,605531
2020-06-09 09:11:40.790000,5913.32,5915,285672,5920,315567,5910,301638,5905,564953
2020-06-09 09:11:41.840000,5913.32,5910,39950,5915,273020,5905,564955,5900,742820
2020-06-09 09:11:42.900000,5913.32,5915,295057,5920,273567,5910,195100,5905,562955
2020-06-09 09:11:43.950000,5913.32,5915,286857,5920,273567,5910,195318,5905,562955
2020-06-09 09:11:44.990000,5913.32,5915,286857,5920,273567,5910,251152,5905,540741
2020-06-09 09:11:46.040000,5913.32,5915,286857,5920,273567,5910,252452,5905,540741
2020-06-09 09:11:46.480000,5910.49,5915,286857,5920,273567,5910,302553,5905,540741
2020-06-09 09:11:47.650000,5911.26,5915,214065,5920,343359,5910,339553,5905,613533
2020-06-09 09:11:48.710000,5912.32,5915,286856,5920,270567,5910,303554,5905,540741
2020-06-09 09:11:49.770000,5912.55,5915,214230,5920,343359,5910,308710,5905,613543
2020-06-09 09:11:50.840000,5912.55,5915,177230,5920,343359,5910,309010,5905,503751
2020-06-09 09:11:51.900000,5912.55,5915,246486,5920,270567,5910,314061,5905,498852
2020-06-09 09:11:52.370000,5912.55,5915,246476,5920,270567,5910,314245,5905,498852
2020-06-09 09:11:53.480000,5912.55,5915,173684,5920,343359,5910,314245,5905,571744
2020-06-09 09:11:54.540000,5912.55,5915,173675,5920,343359,5910,313495,5905,578470
2020-06-09 09:11:55.570000,5912.55,5915,173675,5920,343359,5910,313515,5905,578670
2020-06-09 09:11:56.010000,5912.55,5915,173663,5920,343359,5910,313518,5905,578670
2020-06-09 09:11:57.190000,5912.55,5915,245425,5920,270567,5910,313523,5905,506878
2020-06-09 09:11:58.250000,5912.55,5915,244560,5920,270567,5910,315527,5905,514908
2020-06-09 09:11:58.680000,5912.55,5915,244355,5920,270567,5910,315537,5905,514418
2020-06-09 09:11:59.850000,5912.55,5915,171563,5920,343359,5910,315943,5905,514418
2020-06-09 09:12:00.890000,5912.55,5915,171563,5920,343359,5910,317964,5905,587215
2020-06-09 09:12:01.940000,5912.55,5915,39031,5920,420309,5910,454979,5905,672743
2020-06-09 09:12:02.990000,5912.55,5915,216012,5920,380419,5910,455979,5905,624215
2020-06-09 09:12:04.030000,5912.55,5915,214992,5920,380419,5910,456079,5905,624215
2020-06-09 09:12:05.070000,5912.55,5915,214492,5920,380419,5910,456179,5905,624216
2020-06-09 09:12:05.460000,5912.55,5915,165964,5920,380419,5910,458810,5905,670113
2020-06-09 09:12:06.660000,5912.55,5915,214492,5920,381919,5910,459220,5905,621585
2020-06-09 09:12:07.270000,5914.55,5915,8011,5920,421869,5910,468148,5905,670129
2020-06-09 09:12:08.240000,5914.58,5915,125703,5920,381919,5910,474982,5905,670241
2020-06-09 09:12:09.300000,5914.58,5915,125692,5920,381919,5910,474732,5905,670241
2020-06-09 09:12:10.360000,5914.58,5915,8000,5920,421869,5910,474816,5905,670241
2020-06-09 09:12:11.420000,5914.58,5915,47950,5920,381919,5910,474817,5905,670240
2020-06-09 09:12:12.450000,5914.58,5915,51211,5920,381919,5910,475530,5905,670240
2020-06-09 09:12:12.940000,5914.58,5915,128345,5920,381919,5910,476030,5905,670240
2020-06-09 09:12:14.090000,5914.58,5915,13153,5920,421869,5910,480030,5905,670240
2020-06-09 09:12:15.160000,5914.58,5915,131953,5920,381919,5910,480083,5905,652958
2020-06-09 09:12:15.780000,5914.58,5915,12706,5920,421869,5910,481118,5905,652938
2020-06-09 09:12:16.750000,5915.38,5920,421869,5925,240169,5915,192100,5910,481218
2020-06-09 09:12:17.810000,5915.32,5920,421869,5925,240169,5915,197806,5910,481348
2020-06-09 09:12:18.840000,5915.64,5920,421869,5925,240169,5915,197806,5910,481698
2020-06-09 09:12:19.440000,5915.64,5920,421869,5925,240169,5915,5911,5910,498848
2020-06-09 09:12:20.450000,5915.64,5920,421869,5925,240169,5915,9531,5910,498848
2020-06-09 09:12:21.510000,5915.64,5915,128953,5920,387741,5910,508348,5905,654433
2020-06-09 09:12:22.000000,5915.64,5920,427691,5925,240169,5915,191990,5910,508550
2020-06-09 09:12:23.110000,5915.64,5920,427691,5925,240169,5915,202190,5910,518375
2020-06-09 09:12:24.140000,5915.64,5920,427691,5925,240169,5915,194757,5910,518878
2020-06-09 09:12:25.210000,5915.64,5920,427691,5925,240169,5915,237779,5910,559456
2020-06-09 09:12:26.260000,5915.64,5920,427691,5925,240169,5915,288192,5910,559461
2020-06-09 09:12:27.310000,5916.38,5920,354899,5925,312961,5915,325492,5910,535851
2020-06-09 09:12:28.350000,5916.91,5920,269371,5925,312961,5915,426621,5910,585430
2020-06-09 09:12:29.400000,5918.42,5920,354899,5925,312961,5915,437646,5910,536902
2020-06-09 09:12:29.950000,5918.45,5920,354899,5925,312961,5915,424083,5910,537401
2020-06-09 09:12:30.980000,5918.45,5920,354699,5925,312961,5915,421965,5910,537408
2020-06-09 09:12:32.040000,5918.45,5920,269171,5925,312961,5915,424515,5910,585936
2020-06-09 09:12:33.100000,5918.45,5920,354659,5925,312961,5915,424556,5910,542678
2020-06-09 09:12:34.170000,5918.45,5920,269231,5925,312961,5915,424606,5910,591206
2020-06-09 09:12:35.240000,5918.45,5920,264232,5925,312961,5915,426127,5910,601206
2020-06-09 09:12:36.270000,5918.45,5920,265280,5925,312961,5915,426127,5910,601476
2020-06-09 09:12:36.800000,5918.47,5920,263368,5925,312961,5915,426491,5910,601486
2020-06-09 09:12:37.840000,5918.74,5920,263368,5925,312961,5915,426491,5910,601496
2020-06-09 09:12:38.930000,5919.48,5920,262320,5925,316222,5915,425394,5910,601696
2020-06-09 09:12:39.980000,5919.48,5920,263368,5925,316223,5915,427931,5910,601915
2020-06-09 09:12:41.020000,5919.48,5920,263379,5925,316223,5915,427931,5910,599083
2020-06-09 09:12:42.070000,5919.48,5920,263379,5925,316223,5915,428718,5910,599083
2020-06-09 09:12:42.680000,5919.48,5920,263365,5925,316223,5915,428728,5910,599583
2020-06-09 09:12:43.650000,5919.48,5920,262355,5925,316223,5915,429798,5910,599767
2020-06-09 09:12:44.690000,5919.48,5920,261407,5925,316223,5915,430808,5910,599767
2020-06-09 09:12:45.740000,5919.48,5920,267725,5925,316223,5915,430818,5910,599777
2020-06-09 09:12:46.790000,5919.48,5920,129639,5925,316223,5915,436118,5910,599807
2020-06-09 09:12:47.830000,5919.48,5925,356173,5930,304561,5920,187311,5915,434617
2020-06-09 09:12:48.850000,5920.74,5925,356173,5930,304561,5920,201331,5915,434637
2020-06-09 09:12:49.440000,5920.54,5925,356173,5930,304561,5920,201336,5915,435637
2020-06-09 09:12:50.440000,5920.54,5925,356173,5930,304561,5920,209489,5915,436138
2020-06-09 09:12:51.490000,5920.54,5925,356173,5930,304561,5920,210342,5915,436138
2020-06-09 09:12:52.530000,5920.54,5925,330095,5930,364890,5920,185900,5915,444771
2020-06-09 09:12:53.580000,5920.54,5920,11852,5925,316223,5915,445771,5910,599728
2020-06-09 09:12:54.630000,5920.54,5920,9000,5925,328065,5915,445782,5910,599718
2020-06-09 09:12:55.670000,5920.54,5925,328060,5930,364890,5920,1511,5915,445881
2020-06-09 09:12:56.270000,5921.54,5925,328060,5930,364890,5920,8010,5915,448220
2020-06-09 09:12:57.770000,5920.77,5925,328060,5930,364890,5920,166916,5915,448720
2020-06-09 09:12:58.110000,5921.54,5925,322735,5930,364890,5915,441958,5910,601553
2020-06-09 09:12:58.980000,5921.54,5925,331580,5930,364890,5920,166257,5915,442458
2020-06-09 09:12:59.980000,5921.54,5925,331580,5930,364890,5920,168767,5915,442458
2020-06-09 09:13:00.980000,5921.54,5925,331580,5930,364890,5920,3331,5915,442468
2020-06-09 09:13:02.070000,5921.54,5920,205201,5925,321463,5915,452648,5910,592785
2020-06-09 09:13:03.070000,5921.54,5920,191769,5925,331791,5915,444648,5910,592785
2020-06-09 09:13:04.150000,5921.54,5925,331791,5930,361559,5915,444798,5910,592785
2020-06-09 09:13:05.160000,5921.54,5920,189234,5925,331691,5915,459798,5910,592858
2020-06-09 09:13:06.210000,5921.57,5920,199351,5925,321374,5915,459884,5910,592858
2020-06-09 09:13:07.260000,5920.83,5920,199271,5925,321374,5915,461384,5910,592958
2020-06-09 09:13:08.300000,5920.54,5920,200987,5925,321374,5915,461634,5910,593060
2020-06-09 09:13:09.330000,5919.8,5920,208414,5925,321374,5915,463734,5910,594060
2020-06-09 09:13:09.870000,5919.77,5920,207176,5925,321374,5915,466376,5910,594082
2020-06-09 09:13:10.940000,5919.77,5920,201856,5925,321374,5915,469206,5910,594082
2020-06-09 09:13:11.990000,5919.77,5920,287511,5925,321374,5915,469006,5910,546164
2020-06-09 09:13:13.040000,5919.77,5920,286511,5925,321374,5915,469040,5910,546474
2020-06-09 09:13:14.130000,5919.77,5920,285399,5925,321374,5915,469040,5910,558828
2020-06-09 09:13:15.180000,5919.77,5920,199771,5925,321374,5915,469136,5910,610740
2020-06-09 09:13:16.220000,5919.77,5920,197922,5925,321374,5915,469136,5910,610740
2020-06-09 09:13:17.290000,5919.0,5920,198021,5925,321374,5915,470715,5910,610740
2020-06-09 09:13:17.880000,5919.0,5920,197971,5925,321374,5915,470814,5910,610740
2020-06-09 09:13:18.860000,5919.74,5920,198106,5925,321374,5915,470939,5910,610740
2020-06-09 09:13:19.890000,5918.97,5920,196564,5925,321374,5915,470939,5910,610740
2020-06-09 09:13:20.940000,5918.97,5920,245082,5925,321374,5915,471650,5910,562212
2020-06-09 09:13:21.990000,5918.97,5920,354673,5925,250129,5915,434279,5910,565493
2020-06-09 09:13:23.550000,5918.97,5920,354665,5925,250129,5915,437540,5910,565543
2020-06-09 09:13:24.170000,5918.97,5920,280373,5925,322921,5915,473290,5910,565543
2020-06-09 09:13:25.280000,5918.97,5920,352135,5925,250129,5915,436460,5910,565373
2020-06-09 09:13:26.310000,5918.71,5920,349946,5925,250134,5915,436303,5910,565323
2020-06-09 09:13:27.330000,5916.94,5920,277154,5925,322926,5915,473252,5910,565323
2020-06-09 09:13:28.270000,5917.71,5920,191220,5925,322926,5915,473336,5910,613965
2020-06-09 09:13:29.400000,5918.74,5920,275113,5925,322926,5915,479336,5910,561437
2020-06-09 09:13:30.440000,5918.74,5920,261046,5925,322926,5915,479336,5910,563214
2020-06-09 09:13:31.490000,5918.74,5920,174347,5925,322926,5915,480336,5910,611843
2020-06-09 09:13:32.570000,5918.74,5920,174075,5925,322926,5915,480336,5910,611843
2020-06-09 09:13:33.040000,5918.74,5920,259603,5925,322926,5915,480336,5910,563315
2020-06-09 09:13:33.940000,5918.74,5920,259503,5925,322926,5915,480336,5910,563315
2020-06-09 09:13:34.870000,5918.74,5920,173930,5925,322876,5915,484273,5910,612199
2020-06-09 09:13:35.780000,5918.74,5920,173429,5925,322876,5915,485493,5910,612199
2020-06-09 09:13:36.890000,5918.45,5920,171485,5925,322976,5915,485995,5910,612399
2020-06-09 09:13:37.930000,5918.74,5920,256913,5925,322976,5915,485995,5910,563871
2020-06-09 09:13:38.960000,5919.45,5920,163796,5925,322976,5915,486105,5910,612499
2020-06-09 09:13:39.340000,5918.74,5920,163146,5925,322976,5915,487155,5910,618327
2020-06-09 09:13:40.530000,5918.74,5920,163146,5925,322976,5915,497655,5910,618349
2020-06-09 09:13:41.140000,5918.74,5920,170272,5925,322976,5915,497655,5910,618349
2020-06-09 09:13:42.150000,5918.74,5920,169022,5925,322976,5915,498855,5910,618349
2020-06-09 09:13:43.210000,5918.74,5920,161096,5925,322976,5915,498855,5910,629850
2020-06-09 09:13:44.280000,5918.74,5920,138822,5925,322976,5915,498755,5910,629850
2020-06-09 09:13:44.840000,5918.74,5920,132812,5925,322976,5915,499257,5910,629850
2020-06-09 09:13:45.840000,5918.74,5920,109122,5925,322976,5915,499257,5910,629852
2020-06-09 09:13:46.930000,5918.74,5920,107779,5925,322976,5915,499777,5910,629852
2020-06-09 09:13:47.400000,5918.74,5920,17648,5925,322976,5915,500277,5910,629352
2020-06-09 09:13:48.520000,5920.22,5920,218960,5925,322976,5915,508255,5910,629352
2020-06-09 09:13:49.590000,5920.22,5920,213460,5925,322976,5915,503255,5910,629352
2020-06-09 09:13:50.100000,5920.22,5920,249540,5925,322976,5915,502235,5910,629352
2020-06-09 09:13:51.130000,5920.22,5920,250698,5925,322976,5915,502235,5910,629352
2020-06-09 09:13:52.210000,5920.22,5920,250538,5925,323176,5915,502735,5910,629362
2020-06-09 09:13:53.270000,5920.22,5920,250609,5925,323176,5915,502735,5910,629362
2020-06-09 09:13:54.300000,5920.22,5920,256867,5925,323176,5915,501776,5910,629362
2020-06-09 09:13:55.400000,5920.22,5920,256867,5925,323176,5915,502292,5910,629362
2020-06-09 09:13:55.770000,5919.45,5920,305365,5925,323176,5915,502312,5910,580834
2020-06-09 09:13:56.990000,5919.45,5920,293832,5925,323176,5915,502307,5910,629363
2020-06-09 09:13:58.040000,5918.74,5920,255374,5925,323176,5915,502307,5910,629363
2020-06-09 09:13:58.470000,5918.74,5920,243054,5925,323176,5915,501707,5910,629363
2020-06-09 09:13:59.650000,5918.71,5920,328582,5925,323176,5915,501707,5910,581185
2020-06-09 09:14:00.710000,5918.71,5920,242859,5925,323176,5915,501787,5910,629733
2020-06-09 09:14:01.210000,5918.71,5920,242854,5925,323176,5915,502787,5910,629733
2020-06-09 09:14:02.290000,5918.71,5920,236847,5925,323176,5915,503588,5910,629733
2020-06-09 09:14:03.350000,5918.71,5925,363176,5930,341121,5920,164638,5915,503268
2020-06-09 09:14:04.410000,5918.71,5920,10612,5925,363176,5915,503319,5910,632735
2020-06-09 09:14:05.470000,5918.71,5925,363176,5930,341121,5920,8261,5915,511320
2020-06-09 09:14:05.910000,5918.71,5920,203091,5925,323176,5915,503320,5910,632735
2020-06-09 09:14:07.030000,5919.48,5920,258842,5925,323176,5915,503320,5910,584207
2020-06-09 09:14:08.100000,5920.51,5920,198550,5925,323176,5915,503394,5910,632830
2020-06-09 09:14:09.160000,5918.74,5920,59,5925,357176,5915,503394,5910,632830
2020-06-09 09:14:09.750000,5920.24,5925,357176,5930,337150,5920,805,5915,511396
2020-06-09 09:14:10.770000,5920.24,5925,357176,5930,337150,5920,197399,5915,511566
2020-06-09 09:14:11.880000,5920.24,5920,191092,5925,323176,5915,509068,5910,633832
2020-06-09 09:14:12.880000,5920.24,5920,191102,5925,323176,5915,501322,5910,633832
2020-06-09 09:14:13.910000,5920.24,5920,191102,5925,323176,5915,501322,5910,633832
2020-06-09 09:14:14.970000,5920.24,5920,186787,5925,323176,5915,501322,5910,623834
2020-06-09 09:14:16.000000,5920.24,5920,182982,5925,323196,5915,498524,5910,623834
2020-06-09 09:14:17.050000,5920.51,5920,182572,5925,323216,5915,498554,5910,623834
2020-06-09 09:14:17.670000,5919.48,5920,181206,5925,323216,5915,498554,5910,623834
2020-06-09 09:14:18.770000,5918.74,5920,181007,5925,323216,5915,498559,5910,624397
2020-06-09 09:14:19.870000,5919.45,5920,185927,5925,323216,5915,498559,5910,624457
2020-06-09 09:14:20.830000,5919.45,5920,183723,5925,323216,5915,499559,5910,624457
2020-06-09 09:14:21.850000,5919.45,5920,287741,5925,323331,5915,499559,5910,575929
2020-06-09 09:14:22.910000,5919.45,5920,286711,5925,323331,5915,501336,5910,574152
2020-06-09 09:14:23.950000,5919.45,5920,286709,5925,323331,5915,501336,5910,574152
2020-06-09 09:14:25.020000,5919.45,5920,286709,5925,323331,5915,501444,5910,574152
2020-06-09 09:14:26.050000,5919.45,5920,286799,5925,323831,5915,501444,5910,574157
2020-06-09 09:14:26.580000,5920.45,5920,359749,5925,251039,5915,461532,5910,574167
2020-06-09 09:14:27.660000,5918.74,5920,358711,5925,251039,5915,456685,5910,574167
2020-06-09 09:14:28.700000,5916.7,5920,285869,5925,323831,5915,496025,5910,574367
2020-06-09 09:14:29.750000,5918.71,5920,199841,5925,323831,5915,497225,5910,621895
2020-06-09 09:14:30.770000,5918.71,5920,285361,5925,323831,5915,497417,5910,573367
2020-06-09 09:14:31.840000,5918.71,5920,358148,5925,251039,5915,325796,5910,532757
2020-06-09 09:14:32.470000,5918.71,5920,358148,5925,252039,5915,329057,5910,532757
2020-06-09 09:14:33.440000,5918.71,5920,356188,5925,252039,5915,330692,5910,532757
2020-06-09 09:14:34.510000,5918.71,5920,355672,5925,252039,5915,330742,5910,532757
2020-06-09 09:14:35.560000,5918.71,5920,344351,5925,252039,5915,96271,5910,532757
2020-06-09 09:14:36.610000,5916.41,5920,344351,5925,252039,5915,16771,5910,532757
2020-06-09 09:14:37.650000,5916.41,5920,384151,5925,252039,5915,24571,5910,532757
2020-06-09 09:14:38.700000,5915.35,5915,181883,5920,344151,5910,523257,5905,590548
2020-06-09 09:14:39.170000,5914.58,5915,14352,5920,344151,5910,523257,5905,639076
2020-06-09 09:14:40.260000,5914.58,5915,22608,5920,344151,5910,523337,5905,639076
2020-06-09 09:14:41.310000,5914.58,5915,86073,5920,358403,5910,523338,5905,639076
2020-06-09 09:14:42.320000,5914.58,5915,86073,5920,358403,5910,524338,5905,639076
2020-06-09 09:14:42.670000,5914.58,5920,358403,5925,252039,5915,165574,5910,524559
2020-06-09 09:14:43.450000,5914.58,5920,358401,5925,252039,5915,167210,5910,524609
2020-06-09 09:14:44.420000,5914.58,5920,358401,5925,252039,5915,167240,5910,524609
2020-06-09 09:14:45.490000,5914.58,5920,358991,5925,252039,5915,168290,5910,524609
2020-06-09 09:14:46.540000,5914.58,5920,358981,5925,252039,5915,168342,5910,524739
2020-06-09 09:14:47.590000,5915.61,5920,359659,5925,252039,5915,251556,5910,565317
2020-06-09 09:14:48.040000,5916.41,5920,359659,5925,252039,5915,219561,5910,524739
2020-06-09 09:14:49.150000,5916.65,5920,360222,5925,252039,5915,251264,5910,492525
2020-06-09 09:14:50.200000,5916.41,5920,360122,5925,252039,5915,219060,5910,524889
2020-06-09 09:14:51.240000,5916.41,5920,360032,5925,252039,5915,251235,5910,565467
2020-06-09 09:14:52.290000,5916.41,5920,358590,5925,252039,5915,251450,5910,565477
2020-06-09 09:14:52.800000,5916.41,5920,357590,5925,252039,5915,251560,5910,565477
2020-06-09 09:14:53.820000,5916.41,5920,357589,5925,252039,5915,251610,5910,565478
2020-06-09 09:14:54.870000,5916.41,5920,357589,5925,252039,5915,251808,5910,565478
2020-06-09 09:14:55.240000,5916.41,5920,357489,5925,252039,5915,252513,5910,567194
2020-06-09 09:14:56.080000,5916.41,5920,357494,5925,252039,5915,253563,5910,567194
2020-06-09 09:14:56.940000,5916.65,5920,357494,5925,252039,5915,253563,5910,567204
2020-06-09 09:14:58.050000,5916.65,5920,358474,5925,252039,5915,253614,5910,567209
2020-06-09 09:14:58.520000,5917.41,5920,358474,5925,252039,5915,223601,5910,526631
2020-06-09 09:14:59.640000,5916.38,5920,358474,5925,252039,5915,8077,5910,526631
2020-06-09 09:15:00.690000,5916.38,5920,358475,5925,252038,5915,213631,5910,526731
2020-06-09 09:15:01.730000,5916.38,5915,180783,5920,344373,5910,526731,5905,590892
2020-06-09 09:15:02.780000,5916.38,5915,253575,5920,271581,5910,489731,5905,518100
2020-06-09 09:15:04.340000,5916.38,5915,253525,5920,271581,5910,489781,5905,518100
2020-06-09 09:15:05.420000,5916.38,5915,253525,5920,271581,5910,294305,5905,550214
2020-06-09 09:15:06.470000,5916.38,5915,281152,5920,271581,5910,194100,5905,553475
2020-06-09 09:15:07.530000,5911.52,5910,32512,5915,247093,5905,553495,5900,778584
2020-06-09 09:15:08.580000,5910.49,5915,279558,5920,272621,5910,197105,5905,553496
2020-06-09 09:15:09.640000,5910.46,5915,279558,5920,272621,5910,229319,5905,521282
2020-06-09 09:15:10.700000,5910.46,5915,279553,5920,272621,5910,279029,5905,521282
2020-06-09 09:15:11.750000,5910.46,5915,279469,5920,272621,5910,279874,5905,521293
2020-06-09 09:15:12.790000,5910.46,5915,279469,5920,272621,5910,280581,5905,521293
2020-06-09 09:15:13.840000,5910.46,5915,279409,5920,272621,5910,281085,5905,521293
2020-06-09 09:15:14.890000,5910.46,5915,278409,5920,272621,5910,291585,5905,521294
2020-06-09 09:15:15.370000,5910.46,5915,278409,5920,272621,5910,291751,5905,521294
2020-06-09 09:15:16.480000,5910.46,5915,205617,5920,345413,5910,431136,5905,593784
2020-06-09 09:15:17.530000,5912.52,5915,278409,5920,272776,5910,294166,5905,520992
2020-06-09 09:15:18.590000,5912.26,5915,277709,5920,274492,5910,294166,5905,520792
2020-06-09 09:15:19.170000,5912.26,5915,278215,5920,274492,5910,294367,5905,512992
2020-06-09 09:15:20.150000,5912.26,5915,278205,5920,275908,5910,295492,5905,512995
2020-06-09 09:15:21.200000,5912.26,5915,278192,5920,275908,5910,294698,5905,515495
2020-06-09 09:15:22.240000,5912.26,5915,278182,5920,276908,5910,212484,5905,547709
2020-06-09 09:15:23.270000,5912.26,5915,277780,5920,276908,5910,212484,5905,548009
2020-06-09 09:15:24.340000,5912.26,5915,277780,5920,276908,5910,212495,5905,548010
2020-06-09 09:15:24.800000,5912.26,5915,277776,5920,276908,5910,212498,5905,548011
2020-06-09 09:15:25.930000,5912.26,5915,278177,5920,276908,5910,204150,5905,549011
2020-06-09 09:15:26.970000,5912.26,5910,20668,5915,245672,5905,549012,5900,777680
2020-06-09 09:15:27.470000,5910.49,5910,28205,5915,245672,5905,541011,5900,778520
2020-06-09 09:15:28.540000,5909.46,5910,34128,5915,245672,5905,541021,5900,778520
2020-06-09 09:15:29.630000,5909.72,5910,41628,5915,245672,5905,541021,5900,778563
2020-06-09 09:15:30.680000,5909.72,5915,279290,5920,276909,5910,178940,5905,540621
2020-06-09 09:15:31.740000,5909.72,5915,272379,5920,281806,5910,174309,5905,540638
2020-06-09 09:15:32.800000,5909.72,5915,272379,5920,281806,5910,175476,5905,540638
2020-06-09 09:15:34.440000,5909.72,5915,272379,5920,280285,5910,175576,5905,540638
2020-06-09 09:15:35.460000,5909.72,5915,272379,5920,280285,5910,175576,5905,540658
2020-06-09 09:15:36.520000,5909.72,5915,272379,5920,280285,5910,211987,5905,499004
2020-06-09 09:15:37.580000,5911.23,5915,272369,5920,280285,5910,212427,5905,509004
2020-06-09 09:15:38.640000,5911.52,5915,199576,5920,353077,5910,299429,5905,581796
2020-06-09 09:15:39.140000,5911.52,5915,187579,5920,354380,5910,399937,5905,581801
2020-06-09 09:15:39.970000,5913.55,5915,97945,5920,354380,5910,399867,5905,630334
2020-06-09 09:15:40.930000,5913.55,5915,105945,5920,354380,5910,399867,5905,630335
2020-06-09 09:15:41.870000,5913.55,5915,194734,5920,360208,5910,402267,5905,581857
2020-06-09 09:15:42.980000,5913.55,5915,194734,5920,360208,5910,402267,5905,581857
2020-06-09 09:15:43.990000,5913.55,5915,194734,5920,360208,5910,402367,5905,581857
2020-06-09 09:15:44.540000,5913.55,5915,194734,5920,360208,5910,402377,5905,577857
2020-06-09 09:15:45.310000,5913.55,5915,194734,5920,360208,5910,402377,5905,577757
2020-06-09 09:15:46.120000,5913.55,5915,194869,5920,360208,5910,403597,5905,577757
2020-06-09 09:15:47.180000,5913.55,5915,116080,5920,360208,5910,403599,5905,626285
2020-06-09 09:15:48.230000,5913.58,5915,89364,5920,386924,5910,404609,5905,626285
2020-06-09 09:15:49.270000,5914.58,5915,108506,5920,360208,5910,404615,5905,626285
2020-06-09 09:15:49.740000,5914.61,5915,108100,5920,360814,5910,404715,5905,626385
2020-06-09 09:15:50.850000,5914.61,5915,111361,5920,361814,5910,404816,5905,626386
2020-06-09 09:15:51.910000,5914.61,5915,25402,5920,388530,5910,404756,5905,626486
2020-06-09 09:15:52.370000,5914.61,5915,25102,5920,388530,5910,405486,5905,626486
2020-06-09 09:15:53.490000,5914.61,5920,388530,5925,232783,5910,413636,5905,626487
2020-06-09 09:15:53.980000,5914.61,5920,388530,5925,232783,5915,195102,5910,413696
2020-06-09 09:15:55.070000,5914.61,5920,388530,5925,232783,5915,194607,5910,413803
2020-06-09 09:15:56.130000,5914.61,5920,388530,5925,232783,5915,195526,5910,413803
2020-06-09 09:15:56.600000,5914.61,5920,388530,5925,232783,5915,196526,5910,419023
2020-06-09 09:15:57.720000,5915.61,5920,388530,5925,232783,5915,198362,5910,419033
2020-06-09 09:15:58.790000,5915.64,5920,388530,5925,232783,5915,278476,5910,459821
2020-06-09 09:15:59.330000,5916.65,5920,389030,5925,232783,5915,246648,5910,421743
2020-06-09 09:16:00.330000,5916.65,5920,389030,5925,223938,5915,246658,5910,421746
2020-06-09 09:16:01.430000,5916.65,5920,388930,5925,223938,5915,196774,5910,421748
2020-06-09 09:16:02.490000,5916.65,5920,388931,5925,223438,5915,5039,5910,421749
2020-06-09 09:16:03.530000,5916.65,5920,388931,5925,223438,5915,5039,5910,422050
2020-06-09 09:16:04.000000,5916.65,5920,389088,5925,223438,5915,3039,5910,422050
2020-06-09 09:16:05.130000,5916.65,5915,182450,5920,361772,5910,414610,5905,574424
2020-06-09 09:16:05.640000,5916.65,5915,61407,5920,385439,5910,414610,5905,622952
2020-06-09 09:16:06.530000,5915.61,5915,232672,5920,361772,5910,415036,5905,574224
2020-06-09 09:16:07.750000,5915.64,5915,147144,5920,361772,5910,416704,5905,622758
2020-06-09 09:16:08.780000,5914.61,5915,142096,5920,361772,5910,419744,5905,622758
2020-06-09 09:16:09.000000,5914.61,5915,56149,5920,385439,5910,419744,5905,622758
2020-06-09 09:16:09.860000,5914.61,5920,385439,5925,223438,5915,197774,5910,427773
2020-06-09 09:16:10.910000,5914.61,5920,385439,5925,223438,5915,3010,5910,428336
2020-06-09 09:16:11.950000,5914.61,5920,385339,5925,223438,5915,205565,5910,428448
2020-06-09 09:16:12.410000,5915.35,5920,385339,5925,223438,5915,281350,5910,469026
2020-06-09 09:16:13.610000,5915.35,5920,385838,5925,223438,5915,231400,5910,469027
2020-06-09 09:16:14.110000,5915.35,5920,385838,5925,223438,5915,196692,5910,428450
2020-06-09 09:16:15.190000,5915.35,5920,385838,5925,223438,5915,196692,5910,428450
2020-06-09 09:16:15.670000,5915.35,5920,385838,5925,223438,5915,278906,5910,469538
2020-06-09 09:16:16.760000,5915.61,5920,385638,5925,223438,5915,278936,5910,470288
2020-06-09 09:16:17.810000,5916.38,5920,385688,5925,223438,5915,278939,5910,470288
2020-06-09 09:16:18.830000,5916.41,5920,385688,5925,223438,5915,279939,5910,472339
2020-06-09 09:16:19.200000,5917.41,5920,385688,5925,223438,5915,280289,5910,480298
2020-06-09 09:16:20.050000,5917.41,5920,312895,5925,296230,5915,317289,5910,480298
2020-06-09 09:16:21.010000,5917.41,5920,226367,5925,296230,5915,417589,5910,528826
2020-06-09 09:16:22.050000,5917.41,5920,226367,5925,296230,5915,419539,5910,528828
2020-06-09 09:16:23.070000,5917.41,5920,226387,5925,296230,5915,421165,5910,530340
2020-06-09 09:16:24.090000,5917.41,5920,227887,5925,296230,5915,421176,5910,530340
2020-06-09 09:16:25.150000,5917.41,5920,227887,5925,296230,5915,421221,5910,530340
2020-06-09 09:16:25.570000,5917.41,5920,227887,5925,296231,5915,421231,5910,530390
2020-06-09 09:16:26.730000,5918.45,5920,227887,5925,296231,5915,421231,5910,530390
2020-06-09 09:16:27.270000,5919.45,5920,226887,5925,296231,5915,423231,5910,528390
2020-06-09 09:16:28.350000,5919.45,5920,226887,5925,296231,5915,423231,5910,528390
2020-06-09 09:16:29.360000,5919.45,5920,39291,5925,323159,5915,423231,5910,528390
2020-06-09 09:16:29.770000,5920.48,5920,226550,5925,299492,5915,423231,5910,528390
2020-06-09 09:16:30.940000,5920.48,5920,65231,5925,299492,5915,423231,5910,529400
2020-06-09 09:16:32.020000,5920.48,5920,66260,5925,299492,5915,423231,5910,529540
2020-06-09 09:16:33.040000,5920.48,5920,231533,5925,299492,5915,424231,5910,529542
2020-06-09 09:16:33.440000,5920.48,5920,71241,5925,299492,5915,424484,5910,529542
2020-06-09 09:16:34.240000,5920.48,5920,71243,5925,299492,5915,424484,5910,529542
2020-06-09 09:16:35.070000,5920.48,5920,66983,5925,299492,5915,424886,5910,529542
2020-06-09 09:16:35.770000,5920.48,5920,231622,5925,299492,5915,424886,5910,529542
2020-06-09 09:16:36.740000,5920.48,5920,231042,5925,299492,5915,426080,5910,529542
2020-06-09 09:16:37.530000,5919.74,5920,230306,5925,299492,5915,426080,5910,529006
2020-06-09 09:16:38.380000,5919.74,5920,230306,5925,299492,5915,426080,5910,529006
2020-06-09 09:16:39.390000,5919.74,5920,69466,5925,299492,5915,426080,5910,529008
2020-06-09 09:16:39.970000,5919.74,5920,66205,5925,299492,5915,426080,5910,529048
2020-06-09 09:16:40.920000,5919.74,5920,42138,5925,323159,5915,427080,5910,529048
2020-06-09 09:16:41.450000,5919.74,5920,42128,5925,323159,5915,428772,5910,539568
2020-06-09 09:16:42.550000,5919.74,5925,323159,5930,311608,5920,145110,5915,428772
2020-06-09 09:16:43.590000,5919.74,5920,218768,5925,299492,5915,428772,5910,539568
2020-06-09 09:16:44.640000,5919.74,5920,216768,5925,299092,5915,428782,5910,539578
2020-06-09 09:16:45.660000,5919.74,5920,219934,5925,299092,5915,413782,5910,539578
2020-06-09 09:16:46.080000,5920.48,5920,219874,5925,299092,5915,413782,5910,539578
2020-06-09 09:16:47.250000,5920.48,5920,217339,5925,299092,5915,413893,5910,538578
2020-06-09 09:16:48.300000,5920.51,5920,18144,5925,299092,5915,414063,5910,538578
2020-06-09 09:16:48.760000,5920.51,5920,223676,5925,299092,5915,414097,5910,538578
2020-06-09 09:16:49.840000,5919.48,5920,223576,5925,299092,5915,414207,5910,539160
2020-06-09 09:16:50.920000,5919.48,5920,223576,5925,299092,5915,414207,5910,539670
2020-06-09 09:16:51.370000,5919.48,5920,223575,5925,299092,5915,414209,5910,539825
2020-06-09 09:16:52.480000,5919.48,5920,226574,5925,299092,5915,414211,5910,540325
2020-06-09 09:16:53.540000,5919.48,5920,226574,5925,299097,5915,415912,5910,540326
2020-06-09 09:16:54.560000,5919.48,5920,226844,5925,298877,5915,415897,5910,542065
2020-06-09 09:16:54.870000,5919.48,5920,312672,5925,298877,5915,415997,5910,493537
2020-06-09 09:16:55.670000,5919.48,5920,312662,5925,298877,5915,415997,5910,493638
2020-06-09 09:16:56.650000,5918.71,5920,312259,5925,298877,5915,415844,5910,493638
2020-06-09 09:16:57.750000,5918.71,5920,312259,5925,298877,5915,415844,5910,493638
2020-06-09 09:16:58.140000,5918.74,5920,312459,5925,298877,5915,415844,5910,493639
2020-06-09 09:16:58.960000,5918.74,5920,226932,5925,298877,5915,415864,5910,542167
2020-06-09 09:16:59.970000,5919.45,5920,226932,5925,298877,5915,415864,5910,542167
2020-06-09 09:17:00.960000,5919.45,5920,227458,5925,298877,5915,415864,5910,542467
2020-06-09 09:17:01.970000,5919.45,5920,227753,5925,298877,5915,415864,5910,542467
2020-06-09 09:17:03.020000,5919.45,5920,313281,5925,298877,5915,415864,5910,495245
2020-06-09 09:17:04.070000,5919.45,5920,227753,5925,298877,5915,415864,5910,543773
2020-06-09 09:17:05.080000,5919.45,5920,225915,5925,298877,5915,414955,5910,543773
2020-06-09 09:17:05.500000,5919.45,5920,225865,5925,299027,5915,417055,5910,543773
2020-06-09 09:17:06.680000,5919.45,5920,227865,5925,299027,5915,419055,5910,542773
2020-06-09 09:17:07.070000,5918.74,5920,30331,5925,299027,5915,418773,5910,542783
2020-06-09 09:17:08.250000,5918.71,5920,229694,5925,299027,5915,418773,5910,543284
2020-06-09 09:17:09.300000,5919.5,5920,227995,5925,299047,5915,418773,5910,543284
2020-06-09 09:17:09.750000,5919.48,5920,41530,5925,299047,5915,419787,5910,543284
2020-06-09 09:17:10.860000,5919.48,5920,17542,5925,314683,5915,419787,5910,543384
2020-06-09 09:17:11.910000,5919.48,5925,314683,5930,311608,5920,182147,5915,419787
2020-06-09 09:17:12.940000,5919.48,5925,314683,5930,311608,5920,179220,5915,419858
2020-06-09 09:17:13.380000,5919.48,5925,314683,5930,311608,5920,179220,5915,419858
2020-06-09 09:17:14.550000,5919.48,5925,313016,5930,311608,5915,433864,5910,543384
2020-06-09 09:17:14.970000,5919.48,5925,313014,5930,311608,5920,101,5915,433864
2020-06-09 09:17:16.130000,5919.48,5925,313014,5930,311608,5920,101,5915,434114
2020-06-09 09:17:16.640000,5920.24,5920,209200,5925,299245,5915,434114,5910,543584
2020-06-09 09:17:17.500000,5921.48,5920,209160,5925,306245,5915,434114,5910,543584
2020-06-09 09:17:18.480000,5919.74,5920,208444,5925,306245,5915,434114,5910,543584
2020-06-09 09:17:19.310000,5919.77,5920,208424,5925,306245,5915,435489,5910,543584
2020-06-09 09:17:20.490000,5919.77,5920,213409,5925,306245,5915,435489,5910,543686
2020-06-09 09:17:21.040000,5919.77,5920,217174,5925,306245,5915,435454,5910,543886
2020-06-09 09:17:21.900000,5919.77,5920,216255,5925,306245,5915,435454,5910,543986
2020-06-09 09:17:23.150000,5919.77,5920,301783,5925,306245,5915,435464,5910,495458
2020-06-09 09:17:23.660000,5919.77,5920,308129,5925,306245,5915,435764,5910,495558
2020-06-09 09:17:24.740000,5919.77,5920,308129,5925,306245,5915,435764,5910,495558
2020-06-09 09:17:25.770000,5919.77,5920,380641,5925,233453,5915,398764,5910,495558
2020-06-09 09:17:26.150000,5919.77,5920,380639,5925,233453,5915,399014,5910,495873
2020-06-09 09:17:27.350000,5918.71,5920,380638,5925,233453,5915,365318,5910,455795
2020-06-09 09:17:27.830000,5917.71,5920,380638,5925,243453,5915,212515,5910,455995
2020-06-09 09:17:28.770000,5916.2,5915,118476,5920,380638,5910,455995,5905,636989
2020-06-09 09:17:29.960000,5916.2,5915,118174,5920,380638,5910,455995,5905,636994
2020-06-09 09:17:31.020000,5916.2,5915,220471,5920,362869,5910,448195,5905,588466
2020-06-09 09:17:32.070000,5916.2,5915,220441,5920,362869,5910,448235,5905,588466
2020-06-09 09:17:33.130000,5916.2,5915,220631,5920,362869,5910,448232,5905,588456
2020-06-09 09:17:34.190000,5916.2,5915,220631,5920,363180,5910,448232,5905,588456
2020-06-09 09:17:35.250000,5916.2,5915,220379,5920,363180,5910,448232,5905,588456
2020-06-09 09:17:36.320000,5916.14,5915,220379,5920,367223,5910,448332,5905,588456
2020-06-09 09:17:37.380000,5913.84,5915,207843,5920,367307,5910,448332,5905,588456
2020-06-09 09:17:37.850000,5913.81,5915,207793,5920,367307,5910,448532,5905,588571
2020-06-09 09:17:38.960000,5913.07,5915,282585,5920,294515,5910,411532,5905,515779
2020-06-09 09:17:40.020000,5912.55,5915,208723,5920,367307,5910,448032,5905,588571
2020-06-09 09:17:41.530000,5912.55,5915,208723,5920,367307,5910,448032,5905,588571
2020-06-09 09:17:42.670000,5912.55,5915,208723,5920,367307,5910,448032,5905,588571
2020-06-09 09:17:43.740000,5912.55,5915,206975,5920,367307,5910,448032,5905,588571
2020-06-09 09:17:44.800000,5912.55,5915,121447,5920,367307,5910,447845,5905,637099
2020-06-09 09:17:45.830000,5912.55,5915,209300,5920,382976,5910,449846,5905,637099
2020-06-09 09:17:46.240000,5912.55,5920,382976,5925,370936,5910,449846,5905,637099
2020-06-09 09:17:47.080000,5914.35,5915,197,5920,390976,5910,449756,5905,636999
2020-06-09 09:17:47.950000,5914.38,5915,180297,5920,390976,5910,449896,5905,636999
2020-06-09 09:17:49.020000,5915.12,5915,180297,5920,390976,5910,449896,5905,636999
2020-06-09 09:17:49.500000,5915.09,5920,390976,5925,356133,5910,450349,5905,636999
2020-06-09 09:17:50.620000,5915.09,5920,390976,5925,356133,5915,155829,5910,458349
2020-06-09 09:17:51.670000,5915.09,5920,382976,5925,356133,5915,155879,5910,458371
2020-06-09 09:17:52.230000,5915.09,5920,382976,5925,356133,5915,100,5910,459417
2020-06-09 09:17:53.230000,5915.09,5920,382976,5925,356133,5915,8100,5910,460947
2020-06-09 09:17:54.280000,5915.09,5920,382976,5925,356133,5915,160840,5910,460957
2020-06-09 09:17:54.730000,5915.09,5920,382976,5925,356133,5915,168879,5910,461158
2020-06-09 09:17:55.840000,5915.09,5920,382976,5925,356133,5915,202493,5910,429044
2020-06-09 09:17:56.890000,5915.09,5920,382976,5925,356133,5915,252493,5910,502915
2020-06-09 09:17:57.250000,5915.61,5920,382976,5925,356133,5915,252493,5910,503415
2020-06-09 09:17:58.070000,5916.35,5920,224656,5925,428925,5915,389493,5910,552143
2020-06-09 09:17:58.980000,5917.09,5920,311184,5925,428925,5915,389493,5910,503615
2020-06-09 09:18:00.080000,5917.68,5920,311184,5925,428925,5915,389493,5910,504615
2020-06-09 09:18:01.130000,5917.68,5920,311184,5925,428925,5915,389693,5910,506450
2020-06-09 09:18:02.180000,5917.68,5920,311184,5925,428925,5915,393547,5910,507781
2020-06-09 09:18:02.540000,5917.68,5920,311184,5925,428925,5915,393547,5910,507781
2020-06-09 09:18:03.740000,5917.68,5920,311184,5925,428925,5915,393547,5910,507781
2020-06-09 09:18:04.240000,5917.68,5920,384072,5925,356133,5915,356547,5910,507897
2020-06-09 09:18:05.070000,5917.68,5920,384072,5925,356133,5915,356597,5910,507897
2020-06-09 09:18:05.860000,5917.68,5920,311280,5925,428925,5915,356587,5910,507899
2020-06-09 09:18:06.910000,5917.73,5920,385072,5925,356133,5915,356587,5910,507900
2020-06-09 09:18:07.960000,5916.94,5920,385072,5925,356133,5915,356587,5910,512900
2020-06-09 09:18:09.000000,5917.71,5920,385072,5925,356133,5915,357087,5910,512900
2020-06-09 09:18:09.360000,5917.71,5920,385072,5925,356133,5915,357087,5910,512800
2020-06-09 09:18:10.150000,5917.71,5920,385035,5925,356133,5915,357087,5910,512900
2020-06-09 09:18:10.890000,5917.71,5920,385133,5925,356133,5915,357037,5910,512900
2020-06-09 09:18:12.150000,5917.71,5920,385143,5925,356123,5915,357047,5910,512900
2020-06-09 09:18:12.370000,5917.71,5920,385143,5925,356123,5915,358047,5910,512900
2020-06-09 09:18:13.230000,5917.71,5920,385143,5925,356123,5915,358097,5910,512950
2020-06-09 09:18:13.730000,5917.71,5920,385361,5925,356123,5915,358097,5910,512950
2020-06-09 09:18:14.470000,5917.71,5920,385311,5925,356123,5915,358197,5910,512950
2020-06-09 09:18:15.290000,5917.71,5920,385311,5925,356123,5915,358207,5910,512950
2020-06-09 09:18:16.370000,5917.71,5920,312519,5925,428915,5915,395209,5910,512950
2020-06-09 09:18:16.780000,5917.68,5920,385311,5925,356123,5915,358209,5910,512850
2020-06-09 09:18:17.570000,5917.65,5920,385311,5925,356123,5915,358609,5910,512850
2020-06-09 09:18:18.250000,5917.65,5920,385301,5925,356123,5915,358614,5910,513050
2020-06-09 09:18:18.930000,5917.65,5920,385291,5925,355923,5915,358614,5910,512840
2020-06-09 09:18:19.650000,5917.65,5920,385081,5925,355923,5915,358614,5910,512840
2020-06-09 09:18:20.600000,5917.65,5920,385081,5925,355923,5915,358664,5910,512840
2020-06-09 09:18:21.650000,5917.65,5920,385081,5925,355923,5915,358864,5910,512840
2020-06-09 09:18:22.670000,5917.65,5920,385926,5925,355923,5915,326750,5910,472312
2020-06-09 09:18:22.880000,5917.65,5920,385811,5925,355923,5915,24040,5910,472412
2020-06-09 09:18:23.780000,5917.65,5920,385761,5925,355923,5915,21387,5910,472912
2020-06-09 09:18:24.790000,5917.65,5915,183980,5920,375749,5910,472912,5905,634591
2020-06-09 09:18:25.840000,5917.65,5920,371171,5925,355923,5915,152315,5910,472917
2020-06-09 09:18:26.240000,5917.65,5920,363171,5925,355923,5915,152315,5910,473018
2020-06-09 09:18:27.400000,5915.64,5920,363171,5925,355923,5915,152315,5910,473018
2020-06-09 09:18:27.770000,5915.61,5920,363576,5925,355923,5915,184536,5910,513596
2020-06-09 09:18:28.980000,5916.62,5920,363575,5925,356323,5915,234536,5910,513596
2020-06-09 09:18:30.020000,5917.44,5920,290683,5925,429115,5915,271587,5910,513601
2020-06-09 09:18:30.460000,5917.44,5920,289768,5925,429115,5915,371517,5910,513601
2020-06-09 09:18:31.590000,5917.44,5920,289818,5925,429115,5915,370718,5910,513851
2020-06-09 09:18:32.070000,5917.44,5920,289763,5925,429115,5915,368538,5910,513811
2020-06-09 09:18:33.150000,5917.44,5920,289763,5925,429115,5915,368538,5910,513811
2020-06-09 09:18:34.190000,5917.44,5920,204295,5925,429115,5915,368538,5910,563839
2020-06-09 09:18:34.740000,5917.44,5920,204245,5925,429115,5915,369544,5910,563839
2020-06-09 09:18:35.760000,5917.44,5920,204245,5925,429115,5915,370044,5910,563839
2020-06-09 09:18:37.070000,5918.74,5920,204245,5925,429115,5915,371084,5910,563839
2020-06-09 09:18:37.860000,5918.71,5920,203774,5925,429115,5915,371084,5910,565839
2020-06-09 09:18:38.910000,5919.48,5920,203591,5925,429115,5915,371084,5910,565839
2020-06-09 09:18:39.960000,5919.48,5920,203591,5925,429115,5915,371094,5910,565839
2020-06-09 09:18:40.360000,5919.48,5920,203591,5925,429115,5915,371194,5910,565839
2020-06-09 09:18:41.270000,5919.48,5920,203591,5925,429115,5915,371194,5910,565851
2020-06-09 09:18:42.220000,5919.48,5920,204445,5925,429115,5915,371194,5910,565851
2020-06-09 09:18:44.280000,5919.48,5920,204445,5925,429115,5915,372264,5910,565851
2020-06-09 09:18:44.670000,5919.48,5920,204444,5925,429115,5915,372373,5910,564206
2020-06-09 09:18:45.860000,5919.48,5920,204424,5925,429115,5915,372373,5910,564206
2020-06-09 09:18:46.200000,5919.48,5920,205413,5925,429115,5915,372373,5910,564206
2020-06-09 09:18:47.420000,5920.51,5920,205403,5925,429115,5915,373323,5910,564206
2020-06-09 09:18:47.870000,5919.77,5920,205384,5925,429115,5915,376292,5910,563102
2020-06-09 09:18:48.980000,5919.77,5920,290822,5925,429115,5915,376592,5910,514574
2020-06-09 09:18:49.460000,5918.45,5920,290621,5925,429115,5915,376592,5910,523574
2020-06-09 09:18:50.540000,5918.45,5920,253962,5925,430115,5915,378878,5910,523574
2020-06-09 09:18:51.560000,5918.45,5920,290962,5925,430115,5915,379026,5910,523574
2020-06-09 09:18:51.900000,5918.45,5920,290957,5925,430115,5915,379026,5910,523574
2020-06-09 09:18:53.150000,5918.45,5920,205429,5925,430115,5915,379026,5910,572202
2020-06-09 09:18:54.170000,5918.45,5920,205429,5925,430115,5915,384047,5910,572202
2020-06-09 09:18:54.510000,5918.45,5920,290785,5925,430115,5915,384047,5910,524679
2020-06-09 09:18:55.770000,5918.45,5920,363577,5925,357323,5915,347047,5910,524680
2020-06-09 09:18:56.340000,5918.45,5920,386504,5925,357323,5915,347047,5910,524680
2020-06-09 09:18:57.350000,5918.45,5920,388503,5925,357323,5915,347044,5910,524680
2020-06-09 09:18:57.980000,5917.71,5920,388303,5925,357323,5915,347254,5910,524681
2020-06-09 09:18:58.930000,5917.71,5920,315496,5925,430115,5915,384264,5910,524691
2020-06-09 09:18:59.990000,5917.71,5920,316174,5925,430115,5915,384460,5910,524984
2020-06-09 09:19:00.440000,5917.71,5920,316122,5925,430315,5915,368812,5910,524984
2020-06-09 09:19:01.240000,5917.71,5920,316122,5925,430315,5915,368812,5910,524984
2020-06-09 09:19:02.120000,5917.71,5920,388814,5925,357523,5915,331812,5910,524984
2020-06-09 09:19:03.180000,5917.71,5920,316022,5925,430315,5915,369641,5910,525034
2020-06-09 09:19:04.240000,5917.71,5920,316022,5925,430315,5915,369656,5910,525034
2020-06-09 09:19:04.740000,5917.71,5920,230493,5925,430315,5915,369656,5910,574162
2020-06-09 09:19:05.540000,5917.71,5920,314198,5925,430315,5915,368737,5910,525634
2020-06-09 09:19:06.360000,5918.45,5920,386990,5925,357523,5915,331740,5910,524579
2020-06-09 09:19:07.400000,5917.71,5920,314098,5925,430315,5915,368844,5910,524579
2020-06-09 09:19:08.430000,5918.47,5920,314098,5925,430315,5915,368894,5910,524579
2020-06-09 09:19:08.830000,5917.73,5920,228535,5925,430315,5915,368874,5910,573107
2020-06-09 09:19:10.050000,5918.45,5920,228535,5925,430315,5915,368894,5910,573108
2020-06-09 09:19:10.500000,5918.45,5920,314063,5925,430315,5915,369099,5910,524580
2020-06-09 09:19:11.610000,5918.45,5920,314063,5925,430315,5915,369099,5910,524680
2020-06-09 09:19:12.660000,5918.45,5920,313250,5925,430315,5915,369099,5910,524680
2020-06-09 09:19:13.030000,5918.45,5920,313250,5925,430315,5915,370120,5910,524730
2020-06-09 09:19:13.710000,5918.45,5920,228722,5925,430315,5915,370120,5910,573258
2020-06-09 09:19:14.780000,5918.45,5920,225652,5925,430315,5915,370068,5910,571723
2020-06-09 09:19:15.170000,5918.45,5920,225492,5925,430315,5915,370068,5910,571723
2020-06-09 09:19:15.940000,5918.45,5920,225492,5925,430315,5915,370118,5910,572383
2020-06-09 09:19:16.910000,5917.71,5920,225492,5925,430315,5915,370202,5910,572383
2020-06-09 09:19:17.940000,5917.68,5920,225492,5925,430315,5915,371047,5910,572383
2020-06-09 09:19:18.270000,5918.71,5920,225142,5925,430315,5915,371047,5910,572383
2020-06-09 09:19:19.060000,5918.71,5920,310670,5925,430315,5915,371062,5910,523855
2020-06-09 09:19:19.910000,5918.45,5920,382719,5925,357523,5915,333762,5910,523940
2020-06-09 09:19:20.670000,5918.45,5920,382724,5925,357523,5915,333762,5910,523970
2020-06-09 09:19:21.640000,5918.45,5920,382704,5925,357523,5915,333762,5910,523970
2020-06-09 09:19:22.270000,5918.45,5920,381785,5925,357523,5915,333762,5910,523972
2020-06-09 09:19:23.220000,5918.45,5920,380785,5925,357523,5915,333762,5910,524972
2020-06-09 09:19:24.280000,5918.45,5920,380780,5925,357523,5915,333770,5910,524972
2020-06-09 09:19:24.700000,5918.45,5920,396289,5925,357523,5915,333770,5910,524972
2020-06-09 09:19:25.500000,5918.45,5920,396289,5925,357523,5915,301556,5910,484394
2020-06-09 09:19:26.390000,5918.45,5920,396289,5925,357523,5915,334070,5910,524972
2020-06-09 09:19:27.440000,5917.41,5920,323497,5925,430315,5915,335070,5910,524972
2020-06-09 09:19:27.750000,5917.44,5920,323497,5925,430315,5915,372170,5910,524972
2020-06-09 09:19:28.660000,5917.65,5920,323497,5925,430315,5915,372670,5910,524972
2020-06-09 09:19:29.450000,5917.71,5920,323497,5925,430315,5915,372670,5910,524972
2020-06-09 09:19:30.130000,5917.71,5920,323497,5925,430315,5915,372670,5910,524974
2020-06-09 09:19:31.010000,5917.71,5920,286496,5925,430315,5915,372670,5910,525910
2020-06-09 09:19:31.900000,5917.71,5920,323496,5925,430315,5915,372675,5910,525910
2020-06-09 09:19:32.770000,5917.71,5920,237718,5925,430315,5915,372675,5910,574448
2020-06-09 09:19:33.870000,5917.71,5920,237718,5925,430315,5915,372675,5910,574458
2020-06-09 09:19:34.330000,5917.71,5920,242261,5925,430315,5915,374175,5910,574458
2020-06-09 09:19:35.400000,5917.71,5920,242261,5925,430315,5915,374180,5910,574458
2020-06-09 09:19:35.740000,5917.71,5920,242093,5925,430315,5915,366190,5910,574458
2020-06-09 09:19:36.470000,5917.71,5920,242093,5925,430315,5915,366190,5910,574463
2020-06-09 09:19:37.150000,5918.45,5920,241993,5925,430315,5915,366190,5910,574463
2020-06-09 09:19:37.970000,5918.97,5920,241743,5925,430315,5915,366220,5910,574463
2020-06-09 09:19:38.650000,5918.97,5920,241543,5925,430315,5915,367273,5910,574615
2020-06-09 09:19:39.650000,5918.97,5920,323696,5925,430315,5915,366535,5910,526087
2020-06-09 09:19:40.710000,5918.97,5920,395488,5925,357523,5915,329535,5910,526089
2020-06-09 09:19:41.180000,5918.97,5920,395488,5925,357523,5915,329895,5910,526109
2020-06-09 09:19:42.290000,5918.97,5920,395288,5925,357523,5915,179925,5910,526109
2020-06-09 09:19:42.800000,5918.97,5920,385272,5925,357523,5915,147713,5910,485531
2020-06-09 09:19:43.850000,5918.97,5920,384772,5925,357523,5915,144796,5910,485531
2020-06-09 09:19:44.470000,5918.97,5920,384762,5925,357523,5915,144798,5910,485613
2020-06-09 09:19:45.460000,5918.97,5920,384561,5925,357523,5915,144798,5910,485613
2020-06-09 09:19:46.490000,5918.97,5920,384561,5925,357523,5915,188248,5910,453399
2020-06-09 09:19:46.800000,5917.68,5920,384561,5925,357523,5915,188268,5910,526191
2020-06-09 09:19:47.560000,5916.67,5920,384561,5925,357523,5915,156054,5910,485613
2020-06-09 09:19:48.610000,5917.41,5920,384261,5925,357523,5915,156059,5910,485613
2020-06-09 09:19:49.670000,5916.67,5920,384261,5925,357523,5915,189278,5910,526191
2020-06-09 09:19:50.080000,5916.67,5920,384261,5925,357523,5915,239283,5910,526381
2020-06-09 09:19:51.250000,5916.67,5920,384061,5925,357523,5915,239294,5910,526719
2020-06-09 09:19:51.700000,5916.67,5920,311261,5925,430315,5915,276804,5910,526919
2020-06-09 09:19:52.810000,5916.67,5920,311261,5925,430315,5915,376804,5910,526934
2020-06-09 09:19:53.830000,5916.67,5920,311261,5925,430315,5915,377053,5910,526934
2020-06-09 09:19:54.060000,5916.67,5920,311231,5925,430315,5915,377153,5910,526949
2020-06-09 09:19:54.870000,5916.67,5920,311231,5925,430315,5915,377153,5910,526949
2020-06-09 09:19:55.920000,5916.67,5920,311231,5925,430315,5915,377263,5910,526949
2020-06-09 09:19:56.300000,5917.39,5920,311231,5925,430315,5915,277263,5910,526949
2020-06-09 09:19:57.010000,5918.39,5920,311126,5925,430315,5915,277263,5910,526949
2020-06-09 09:19:58.060000,5918.39,5920,310126,5925,430315,5915,277272,5910,526949
2020-06-09 09:19:58.550000,5918.45,5920,309282,5925,430315,5915,377272,5910,526899
2020-06-09 09:19:59.370000,5918.45,5920,309282,5925,430315,5915,377272,5910,526899
2020-06-09 09:20:00.270000,5918.45,5920,309282,5925,430315,5915,377471,5910,526899
2020-06-09 09:20:01.270000,5918.45,5920,309282,5925,430315,5915,377571,5910,526909
2020-06-09 09:20:02.370000,5918.45,5920,309282,5925,430315,5915,377571,5910,526909
2020-06-09 09:20:03.350000,5918.45,5920,309282,5925,430315,5915,377570,5910,526909
2020-06-09 09:20:04.430000,5918.45,5920,309282,5925,430315,5915,377570,5910,526909
2020-06-09 09:20:05.480000,5918.45,5920,309282,5925,430315,5915,377360,5910,526919
2020-06-09 09:20:06.520000,5918.45,5920,309282,5925,430315,5915,377870,5910,526919
2020-06-09 09:20:07.540000,5918.45,5920,309491,5925,430315,5915,377869,5910,526969
2020-06-09 09:20:07.770000,5918.71,5920,310316,5925,430315,5915,377869,5910,526969
2020-06-09 09:20:08.620000,5918.71,5920,382789,5925,357523,5915,340869,5910,529969
2020-06-09 09:20:09.660000,5917.71,5920,382789,5925,357523,5915,341069,5910,529969
2020-06-09 09:20:10.270000,5917.71,5920,224469,5925,430315,5915,378169,5910,578498
2020-06-09 09:20:11.270000,5917.71,5920,224869,5925,430315,5915,378270,5910,578398
2020-06-09 09:20:12.290000,5917.71,5920,224869,5925,430315,5915,379654,5910,578398
2020-06-09 09:20:13.350000,5917.71,5920,223869,5925,430315,5915,379654,5910,578498
2020-06-09 09:20:14.390000,5917.71,5920,221866,5925,430315,5915,377656,5910,578498
2020-06-09 09:20:15.430000,5917.71,5920,221851,5925,430315,5915,378156,5910,578498
2020-06-09 09:20:15.860000,5917.71,5920,221946,5925,430315,5915,378156,5910,578498
2020-06-09 09:20:16.830000,5918.45,5920,221946,5925,430315,5915,378156,5910,578498
2020-06-09 09:20:18.080000,5919.77,5920,221446,5925,430315,5915,378216,5910,578498
2020-06-09 09:20:18.560000,5920.51,5920,220346,5925,430315,5915,378217,5910,578498
2020-06-09 09:20:19.640000,5920.77,5925,470315,5930,306717,5920,177753,5915,378317
2020-06-09 09:20:20.690000,5920.77,5925,397473,5930,379509,5920,300114,5915,418995
2020-06-09 09:20:21.740000,5920.77,5925,397473,5930,379509,5920,300114,5915,419996
2020-06-09 09:20:22.780000,5920.77,5925,470265,5930,306717,5920,178104,5915,379418
2020-06-09 09:20:23.830000,5920.77,5925,470056,5930,306717,5920,210418,5915,347204
2020-06-09 09:20:24.340000,5920.77,5925,470056,5930,306717,5920,229404,5915,379418
2020-06-09 09:20:25.270000,5920.77,5925,470056,5930,306717,5920,229434,5915,379418
2020-06-09 09:20:26.450000,5920.77,5925,397264,5930,379509,5920,302509,5915,419996
2020-06-09 09:20:27.470000,5921.57,5925,397264,5930,379509,5920,405887,5915,419996
2020-06-09 09:20:27.800000,5921.57,5925,397254,5930,379509,5920,405987,5915,420030
2020-06-09 09:20:28.740000,5922.83,5925,311726,5930,382770,5920,405987,5915,468628
2020-06-09 09:20:29.770000,5924.89,5925,91429,5930,422770,5920,405984,5915,468628
2020-06-09 09:20:30.770000,5924.89,5925,72480,5930,422770,5920,405984,5915,468578
2020-06-09 09:20:31.790000,5924.89,5925,71750,5930,422770,5920,405984,5915,468578
2020-06-09 09:20:32.340000,5924.89,5925,40351,5930,422770,5920,405984,5915,468738
2020-06-09 09:20:33.240000,5924.89,5925,40371,5930,422770,5920,406486,5915,468738
2020-06-09 09:20:34.440000,5924.89,5925,40371,5930,422770,5920,406496,5915,468738
2020-06-09 09:20:34.830000,5924.89,5925,40721,5930,422770,5920,406596,5915,468588
2020-06-09 09:20:35.570000,5924.89,5925,40721,5930,422770,5920,406596,5915,468590
2020-06-09 09:20:36.570000,5924.89,5925,40821,5930,422770,5920,408596,5915,468590
2020-06-09 09:20:37.650000,5925.66,5925,41221,5930,422770,5920,408671,5915,468590
2020-06-09 09:20:38.010000,5925.66,5930,349978,5935,402264,5925,232226,5920,454164
2020-06-09 09:20:39.220000,5925.66,5930,349978,5935,402264,5925,284227,5920,454164
2020-06-09 09:20:39.570000,5927.7,5930,350078,5935,402264,5925,284575,5920,454164
2020-06-09 09:20:40.800000,5927.7,5930,350578,5935,402264,5925,284575,5920,454164
2020-06-09 09:20:41.240000,5927.7,5930,423370,5935,329472,5925,251157,5920,381882
2020-06-09 09:20:42.380000,5927.7,5930,423370,5935,329472,5925,247996,5920,381631
2020-06-09 09:20:43.460000,5927.7,5930,423370,5935,329472,5925,198006,5920,381631
2020-06-09 09:20:44.500000,5927.7,5930,423370,5935,329472,5925,12855,5920,413845
2020-06-09 09:20:44.860000,5927.7,5925,198361,5930,431370,5920,413850,5915,468203
2020-06-09 09:20:46.080000,5927.7,5925,238569,5930,391370,5920,405950,5915,468203
2020-06-09 09:20:46.670000,5926.96,5925,239069,5930,391870,5920,405950,5915,468203
2020-06-09 09:20:47.660000,5924.92,5925,239069,5930,391870,5920,406050,5915,467203
2020-06-09 09:20:48.710000,5924.92,5925,198069,5930,431870,5920,406060,5915,467104
2020-06-09 09:20:49.100000,5924.92,5925,198069,5930,431870,5920,406060,5915,467114
2020-06-09 09:20:50.300000,5924.89,5925,239069,5930,391870,5920,406110,5915,467164
2020-06-09 09:20:50.890000,5924.89,5925,238949,5930,391870,5920,406110,5915,467164
2020-06-09 09:20:51.850000,5924.89,5925,324447,5930,391870,5920,406145,5915,418636
2020-06-09 09:20:52.890000,5924.89,5925,325342,5930,391870,5920,406205,5915,418636
2020-06-09 09:20:53.300000,5924.89,5925,239814,5930,391870,5920,406205,5915,467174
2020-06-09 09:20:54.480000,5924.89,5925,325342,5930,391870,5920,406105,5915,418646
2020-06-09 09:20:54.880000,5924.89,5925,326342,5930,391871,5920,406105,5915,418828
2020-06-09 09:20:56.060000,5924.89,5925,329708,5930,391871,5920,406105,5915,418828
2020-06-09 09:20:56.560000,5924.63,5925,329620,5930,391871,5920,406205,5915,418828
2020-06-09 09:20:57.640000,5923.89,5925,329490,5930,391871,5920,406205,5915,418828
2020-06-09 09:20:58.060000,5923.6,5925,329875,5930,391871,5920,406215,5915,417724
2020-06-09 09:20:58.840000,5923.6,5925,329875,5930,391871,5920,406240,5915,417724
2020-06-09 09:20:59.760000,5923.6,5925,329825,5930,391871,5920,406240,5915,417726
2020-06-09 09:21:00.830000,5923.6,5925,329825,5930,391871,5920,404241,5915,417726
2020-06-09 09:21:01.340000,5923.6,5925,199029,5930,431871,5920,404241,5915,461259
2020-06-09 09:21:02.170000,5922.12,5925,239009,5930,391871,5920,402281,5915,461299
2020-06-09 09:21:03.070000,5922.12,5925,188454,5930,431871,5920,402741,5915,461299
2020-06-09 09:21:03.900000,5922.12,5925,7977,5930,431871,5920,402741,5915,461299
2020-06-09 09:21:05.070000,5922.12,5925,239755,5930,391871,5920,402741,5915,461299
2020-06-09 09:21:05.570000,5922.12,5925,196392,5930,432071,5920,402743,5915,461299
2020-06-09 09:21:06.650000,5925.08,5925,235892,5930,392071,5920,402743,5915,461299
2020-06-09 09:21:07.240000,5925.9,5925,238765,5930,392071,5920,402743,5915,461304
2020-06-09 09:21:08.240000,5924.89,5925,238765,5930,392071,5920,402743,5915,461335
2020-06-09 09:21:09.290000,5924.89,5925,237849,5930,392071,5920,402764,5915,461335
2020-06-09 09:21:09.680000,5924.15,5925,237849,5930,392071,5920,402769,5915,461335
2020-06-09 09:21:10.850000,5924.15,5925,234856,5930,392071,5920,402774,5915,461335
2020-06-09 09:21:11.860000,5924.15,5925,234856,5930,392271,5920,402774,5915,461335
2020-06-09 09:21:12.210000,5924.15,5925,192856,5930,432271,5920,402776,5915,461397
2020-06-09 09:21:13.060000,5924.15,5925,192856,5930,432271,5920,403376,5915,461397
2020-06-09 09:21:13.870000,5924.15,5925,236117,5930,392271,5920,403376,5915,462397
2020-06-09 09:21:15.080000,5924.15,5925,233345,5930,392271,5920,403376,5915,562397
2020-06-09 09:21:15.640000,5924.15,5925,318973,5930,392271,5920,403476,5915,513869
2020-06-09 09:21:16.670000,5924.89,5925,317973,5930,392271,5920,403526,5915,514069
2020-06-09 09:21:17.140000,5925.63,5925,318473,5930,392271,5920,403556,5915,514069
2020-06-09 09:21:17.970000,5924.13,5925,318472,5930,392271,5920,403556,5915,514069
2020-06-09 09:21:18.730000,5924.15,5925,317086,5930,392271,5920,410837,5915,513969
2020-06-09 09:21:19.780000,5924.15,5925,317086,5930,392271,5920,410837,5915,513969
2020-06-09 09:21:20.290000,5924.15,5925,316986,5930,392271,5920,410931,5915,513969
2020-06-09 09:21:21.370000,5924.15,5925,231428,5930,392271,5920,410933,5915,562607
2020-06-09 09:21:21.970000,5924.15,5925,231428,5930,392771,5920,410936,5915,562707
2020-06-09 09:21:22.950000,5924.15,5925,231418,5930,395771,5920,411046,5915,562707
2020-06-09 09:21:24.000000,5924.15,5925,231418,5930,395771,5920,411546,5915,562807
2020-06-09 09:21:24.500000,5924.15,5925,230418,5930,395771,5920,411556,5915,562807
2020-06-09 09:21:25.570000,5924.15,5925,187157,5930,435771,5920,411656,5915,562807
2020-06-09 09:21:26.640000,5924.15,5925,187157,5930,435771,5920,411698,5915,562807
2020-06-09 09:21:27.040000,5924.15,5925,6680,5930,435771,5920,412298,5915,561923
2020-06-09 09:21:27.780000,5923.89,5925,8650,5930,435771,5920,412298,5915,561923
2020-06-09 09:21:28.710000,5924.92,5925,9122,5930,435771,5920,412299,5915,561923
2020-06-09 09:21:29.100000,5924.92,5925,1122,5930,435771,5920,412299,5915,561923
2020-06-09 09:21:29.840000,5924.92,5930,435771,5935,332340,5925,1972,5920,420312
2020-06-09 09:21:30.850000,5924.92,5930,427771,5935,332340,5925,16102,5920,421312
2020-06-09 09:21:31.340000,5924.92,5930,427775,5935,333340,5925,16772,5920,420312
2020-06-09 09:21:32.170000,5924.92,5930,427975,5935,333340,5925,203442,5920,388204
2020-06-09 09:21:33.110000,5924.92,5930,355183,5935,406132,5925,290552,5920,460997
2020-06-09 09:21:34.030000,5924.92,5930,355287,5935,406132,5925,300552,5920,460997
2020-06-09 09:21:35.170000,5924.92,5930,428079,5935,333340,5925,263562,5920,388105
2020-06-09 09:21:36.190000,5924.92,5930,439015,5935,333340,5925,265062,5920,388115
2020-06-09 09:21:36.700000,5924.92,5930,438617,5935,333340,5925,215072,5920,388125
2020-06-09 09:21:37.780000,5926.69,5930,438617,5935,333340,5925,215054,5920,388475
2020-06-09 09:21:38.300000,5925.95,5930,438610,5935,333340,5925,215064,5920,388478
2020-06-09 09:21:39.340000,5925.95,5930,438610,5935,333540,5925,215094,5920,388483
2020-06-09 09:21:39.730000,5925.95,5930,365818,5935,406332,5925,302230,5920,461275
2020-06-09 09:21:40.560000,5925.95,5930,438610,5935,333540,5925,215230,5920,388583
2020-06-09 09:21:41.950000,5925.95,5930,438605,5935,333590,5925,265230,5920,388483
2020-06-09 09:21:42.370000,5925.95,5930,365813,5935,406382,5925,402370,5920,454214
2020-06-09 09:21:43.550000,5925.95,5930,438605,5935,333590,5925,266284,5920,381432
2020-06-09 09:21:44.560000,5925.95,5930,438605,5935,333590,5925,266284,5920,381482
2020-06-09 09:21:45.000000,5925.95,5930,365813,5935,406382,5925,306586,5920,454279
2020-06-09 09:21:46.190000,5925.95,5930,438459,5935,333590,5925,269495,5920,381487
2020-06-09 09:21:46.560000,5926.67,5930,363812,5935,406382,5925,306625,5920,454279
2020-06-09 09:21:47.750000,5926.98,5930,363712,5935,406382,5925,306625,5920,454279
2020-06-09 09:21:48.200000,5927.7,5930,363602,5935,406282,5925,306655,5920,454379
2020-06-09 09:21:49.330000,5927.7,5930,363502,5935,406282,5925,406655,5920,454379
2020-06-09 09:21:50.370000,5927.7,5930,363502,5935,406282,5925,406665,5920,454414
2020-06-09 09:21:50.700000,5927.7,5930,362502,5935,406282,5925,406665,5920,454414
2020-06-09 09:21:51.950000,5927.7,5930,362501,5935,406282,5925,406896,5920,454289
2020-06-09 09:21:53.000000,5927.7,5930,359978,5935,406282,5925,409064,5920,454289
2020-06-09 09:21:53.460000,5927.7,5930,352640,5935,406282,5925,409004,5920,454289
2020-06-09 09:21:54.570000,5927.7,5930,352590,5935,406282,5925,411004,5920,454289
2020-06-09 09:21:55.110000,5927.7,5930,263801,5935,406282,5925,411091,5920,502817
2020-06-09 09:21:56.150000,5927.7,5930,263749,5935,409543,5925,411191,5920,502817
2020-06-09 09:21:57.200000,5928.49,5930,25587,5935,449543,5925,411099,5920,502827
2020-06-09 09:21:57.540000,5928.76,5935,449323,5940,315778,5930,9605,5925,411299
2020-06-09 09:21:58.780000,5930.79,5935,449323,5940,315778,5930,21507,5925,412399
2020-06-09 09:21:59.070000,5930.79,5935,449273,5940,315778,5930,13407,5925,412526
2020-06-09 09:21:59.940000,5930.79,5935,449273,5940,315778,5930,204597,5925,412526
2020-06-09 09:22:00.830000,5930.79,5935,449273,5940,315778,5930,204597,5925,413726
2020-06-09 09:22:01.990000,5930.79,5935,449363,5940,315778,5930,30417,5925,414226
2020-06-09 09:22:03.030000,5930.79,5935,449363,5940,315778,5930,236479,5925,382212
2020-06-09 09:22:04.080000,5930.79,5935,450749,5940,315778,5930,236479,5925,379910
2020-06-09 09:22:04.470000,5930.79,5935,379477,5940,388570,5930,323929,5925,452702
2020-06-09 09:22:05.640000,5930.79,5935,379477,5940,388570,5930,324050,5925,452701
2020-06-09 09:22:06.060000,5930.79,5935,452269,5940,315778,5930,287474,5925,380040
2020-06-09 09:22:07.200000,5931.11,5935,452319,5940,315778,5930,69908,5925,402354
2020-06-09 09:22:08.230000,5932.11,5935,452319,5940,315778,5930,191863,5925,402374
2020-06-09 09:22:08.670000,5931.37,5935,452683,5940,315798,5930,22418,5925,402375
2020-06-09 09:22:09.840000,5930.11,5935,452683,5940,315798,5930,22468,5925,402475
2020-06-09 09:22:10.270000,5930.11,5935,452683,5940,315799,5930,22418,5925,402450
2020-06-09 09:22:11.410000,5930.11,5935,452683,5940,315799,5930,24220,5925,400650
2020-06-09 09:22:12.470000,5930.11,5935,452683,5940,315799,5930,194766,5925,368486
2020-06-09 09:22:12.910000,5930.11,5935,452633,5940,315066,5930,207344,5925,368486
2020-06-09 09:22:14.050000,5930.11,5935,452633,5940,315066,5930,172364,5925,400800
2020-06-09 09:22:14.470000,5930.11,5935,452883,5940,315066,5930,171364,5925,401800
2020-06-09 09:22:15.280000,5930.11,5935,452883,5940,315116,5930,11755,5925,401800
2020-06-09 09:22:16.150000,5930.11,5935,452883,5940,315116,5930,215140,5925,369586
2020-06-09 09:22:16.760000,5930.82,5935,452883,5940,315116,5930,216520,5925,369666
2020-06-09 09:22:17.750000,5930.11,5935,452883,5940,315116,5930,216522,5925,369666
2020-06-09 09:22:18.810000,5931.11,5935,455655,5940,315116,5930,216627,5925,369666
2020-06-09 09:22:19.260000,5931.11,5935,455655,5940,315116,5930,24653,5925,400890
2020-06-09 09:22:20.400000,5931.11,5935,455639,5940,315116,5930,217726,5925,368676
2020-06-09 09:22:20.870000,5931.11,5935,455644,5940,315116,5930,216676,5925,368677
2020-06-09 09:22:21.980000,5931.11,5935,456594,5940,315116,5930,266676,5925,380485
2020-06-09 09:22:23.010000,5931.11,5935,456604,5940,315106,5930,266676,5925,380685
2020-06-09 09:22:23.400000,5931.11,5935,456505,5940,315106,5930,266794,5925,380566
2020-06-09 09:22:24.230000,5931.11,5935,456505,5940,315106,5930,266994,5925,380566
2020-06-09 09:22:25.170000,5931.11,5935,456505,5940,315106,5930,266994,5925,382291
2020-06-09 09:22:26.230000,5931.11,5935,456000,5940,315106,5930,267784,5925,382291
2020-06-09 09:22:26.640000,5931.11,5935,456001,5940,315106,5930,268844,5925,382376
2020-06-09 09:22:27.290000,5931.11,5935,456000,5940,315106,5930,268859,5925,382403
2020-06-09 09:22:28.340000,5931.11,5935,456000,5940,315106,5930,271164,5925,382303
2020-06-09 09:22:28.670000,5931.11,5935,460500,5940,315106,5930,272345,5925,382803
2020-06-09 09:22:29.400000,5931.11,5935,388208,5940,387898,5930,309345,5925,455605
2020-06-09 09:22:30.450000,5931.11,5935,387908,5940,387898,5930,309346,5925,455605
2020-06-09 09:22:31.070000,5932.11,5935,387818,5940,387898,5930,309372,5925,455605
2020-06-09 09:22:32.040000,5932.11,5935,299129,5940,391159,5930,409827,5925,504133
2020-06-09 09:22:33.100000,5932.11,5940,431159,5945,287033,5935,34766,5930,377751
2020-06-09 09:22:34.160000,5932.11,5940,431009,5945,287033,5935,194500,5930,430529
2020-06-09 09:22:35.230000,5932.11,5940,430981,5945,287033,5935,229928,5930,398345
2020-06-09 09:22:36.290000,5932.11,5940,430981,5945,287033,5935,194453,5930,431659
2020-06-09 09:22:36.740000,5932.88,5940,428731,5945,287033,5935,230428,5930,399545
2020-06-09 09:22:37.880000,5935.94,5940,428631,5945,287033,5935,280437,5930,399545
2020-06-09 09:22:38.440000,5936.98,5940,355839,5945,359825,5935,317473,5930,472437
2020-06-09 09:22:39.430000,5937.27,5940,356340,5945,359825,5935,324227,5930,472437
2020-06-09 09:22:40.520000,5937.27,5940,356286,5945,359925,5935,424227,5930,470147
2020-06-09 09:22:41.580000,5937.27,5940,356692,5945,359925,5935,424227,5930,470315
2020-06-09 09:22:42.040000,5937.27,5940,357279,5945,359925,5935,424227,5930,470315
2020-06-09 09:22:43.180000,5937.27,5940,357517,5945,359925,5935,424227,5930,480315
2020-06-09 09:22:43.740000,5937.27,5940,357497,5945,360125,5935,424227,5930,480315
2020-06-09 09:22:44.770000,5937.27,5940,357587,5945,360125,5935,424232,5930,480315
2020-06-09 09:22:45.270000,5937.27,5940,271617,5945,363388,5935,454142,5930,508715
2020-06-09 09:22:46.350000,5937.27,5940,271617,5945,363388,5935,454168,5930,508655
2020-06-09 09:22:46.860000,5938.33,5940,271217,5945,363788,5935,454178,5930,609155
2020-06-09 09:22:47.940000,5939.3,5940,272217,5945,363788,5935,454178,5930,609155
2020-06-09 09:22:48.390000,5940.07,5940,274317,5945,364821,5935,454209,5930,609156
2020-06-09 09:22:49.530000,5939.33,5940,273312,5945,365155,5935,454209,5930,609156
2020-06-09 09:22:50.550000,5939.33,5940,362095,5945,365155,5935,454309,5930,560628
2020-06-09 09:22:51.630000,5939.33,5940,362095,5945,365155,5935,454334,5930,560643
2020-06-09 09:22:52.710000,5939.33,5940,362095,5945,365255,5935,454657,5930,560658
2020-06-09 09:22:53.080000,5939.33,5940,363095,5945,365255,5935,454657,5930,560668
2020-06-09 09:22:54.280000,5939.33,5940,362928,5945,364735,5935,454707,5930,560618
2020-06-09 09:22:54.700000,5939.33,5940,362923,5945,364735,5935,454717,5930,560718
2020-06-09 09:22:55.840000,5939.33,5940,362923,5945,364735,5935,454717,5930,559338
2020-06-09 09:22:56.340000,5938.33,5940,363323,5945,364735,5935,454817,5930,559338
2020-06-09 09:22:57.090000,5938.3,5940,363023,5945,364804,5935,454837,5930,558338
2020-06-09 09:22:57.940000,5938.3,5940,277484,5945,364804,5935,454837,5930,606866
2020-06-09 09:22:58.410000,5939.07,5940,274123,5945,364804,5935,454837,5930,606866
2020-06-09 09:22:59.520000,5939.07,5940,274023,5945,364804,5935,470122,5930,607016
2020-06-09 09:22:59.840000,5939.07,5940,53056,5945,404804,5935,470122,5930,607016
2020-06-09 09:23:00.670000,5939.07,5945,412854,5950,412542,5940,178981,5935,478122
2020-06-09 09:23:01.620000,5939.07,5940,19585,5945,372854,5935,478122,5930,607017
2020-06-09 09:23:02.690000,5939.07,5940,716,5945,391089,5935,478122,5930,607067
2020-06-09 09:23:03.760000,5939.07,5940,198223,5945,372854,5935,478122,5930,607067
2020-06-09 09:23:04.260000,5939.07,5940,285712,5945,372854,5935,470122,5930,558539
2020-06-09 09:23:05.330000,5939.07,5940,195798,5945,372854,5935,470122,5930,607067
2020-06-09 09:23:05.840000,5939.07,5940,198349,5945,372854,5935,470122,5930,607067
2020-06-09 09:23:06.760000,5940.36,5940,188959,5945,372854,5935,470122,5930,607067
2020-06-09 09:23:07.950000,5939.36,5940,187493,5945,372854,5935,470032,5930,607067
2020-06-09 09:23:08.970000,5939.33,5940,190014,5945,372854,5935,470132,5930,607867
2020-06-09 09:23:09.230000,5939.33,5940,192822,5945,372854,5935,470132,5930,607867
2020-06-09 09:23:10.010000,5939.33,5940,285667,5945,373020,5935,470142,5930,559339
2020-06-09 09:23:11.110000,5939.33,5940,287690,5945,373070,5935,470142,5930,559339
2020-06-09 09:23:12.150000,5939.33,5940,207350,5945,373070,5935,470142,5930,607867
2020-06-09 09:23:12.570000,5940.1,5940,332878,5945,373070,5935,470142,5930,559349
2020-06-09 09:23:13.750000,5940.1,5940,332878,5945,373070,5935,470182,5930,559349
2020-06-09 09:23:14.230000,5940.1,5940,332768,5945,373070,5935,470182,5930,561627
2020-06-09 09:23:15.040000,5940.1,5940,330728,5945,373070,5935,470182,5930,561694
2020-06-09 09:23:15.870000,5940.1,5940,330728,5945,374070,5935,470714,5930,561130
2020-06-09 09:23:16.950000,5938.62,5940,331028,5945,374070,5935,470744,5930,561130
2020-06-09 09:23:18.010000,5939.07,5940,331146,5945,374070,5935,475685,5930,561010
2020-06-09 09:23:19.020000,5938.33,5940,336442,5945,374070,5935,475735,5930,561010
2020-06-09 09:23:19.480000,5937.56,5940,333423,5945,374170,5935,475735,5930,561020
2020-06-09 09:23:20.620000,5937.56,5940,333424,5945,374170,5935,475785,5930,561020
2020-06-09 09:23:21.660000,5937.56,5940,345235,5945,374508,5935,475788,5930,561030
2020-06-09 09:23:22.710000,5937.56,5940,418064,5945,301716,5935,438751,5930,488238
2020-06-09 09:23:23.760000,5937.56,5940,415914,5945,302716,5935,438721,5930,488238
2020-06-09 09:23:24.800000,5937.56,5940,415914,5945,302716,5935,436952,5930,487238
2020-06-09 09:23:25.270000,5937.56,5940,415922,5945,302716,5935,436952,5930,487188
2020-06-09 09:23:26.380000,5937.56,5940,403328,5945,303594,5935,404734,5930,519402
2020-06-09 09:23:27.430000,5937.53,5940,403228,5945,303594,5935,436953,5930,487193
2020-06-09 09:23:27.940000,5936.79,5940,403318,5945,303594,5935,436963,5930,487393
2020-06-09 09:23:28.800000,5936.76,5940,403316,5945,303594,5935,437363,5930,487393
2020-06-09 09:23:29.570000,5936.26,5940,402817,5945,303594,5935,442018,5930,487493
2020-06-09 09:23:30.650000,5936.26,5940,402816,5945,303594,5935,444018,5930,487495
2020-06-09 09:23:31.080000,5936.26,5940,330225,5945,376386,5935,481018,5930,560287
2020-06-09 09:23:32.210000,5936.26,5940,402093,5945,303594,5935,70282,5930,519795
2020-06-09 09:23:33.250000,5936.26,5940,402829,5945,303594,5935,64781,5930,519795
2020-06-09 09:23:33.690000,5936.26,5940,388142,5945,309290,5935,237002,5930,487581
2020-06-09 09:23:34.850000,5936.26,5940,388042,5945,309290,5935,179256,5930,487581
2020-06-09 09:23:35.860000,5936.26,5940,388422,5945,309290,5935,231554,5930,487581
2020-06-09 09:23:36.180000,5936.26,5940,438423,5945,309290,5935,222625,5930,487581
2020-06-09 09:23:36.930000,5937.0,5940,438423,5945,309290,5935,223625,5930,487581
2020-06-09 09:23:38.000000,5936.26,5940,438423,5945,309290,5935,273718,5930,487581
2020-06-09 09:23:38.360000,5936.98,5940,438423,5945,309290,5935,273748,5930,487581
2020-06-09 09:23:39.580000,5936.98,5940,365695,5945,382082,5935,333336,5930,560373
2020-06-09 09:23:39.890000,5937.27,5940,365795,5945,382082,5935,333336,5930,560383
2020-06-09 09:23:41.140000,5937.27,5940,430587,5945,308257,5935,303033,5930,485314
2020-06-09 09:23:41.560000,5937.27,5940,430577,5945,308257,5935,303043,5930,485324
2020-06-09 09:23:42.500000,5937.27,5940,430278,5945,308257,5935,82746,5930,525324
2020-06-09 09:23:43.750000,5937.27,5940,430278,5945,309757,5935,310203,5930,485324
2020-06-09 09:23:44.060000,5937.27,5940,429778,5945,326010,5935,311464,5930,485324
2020-06-09 09:23:44.860000,5937.27,5940,356865,5945,398802,5935,348644,5930,558116
2020-06-09 09:23:45.840000,5937.27,5940,356865,5945,399402,5935,348109,5930,558116
2020-06-09 09:23:46.450000,5937.27,5940,356875,5945,399402,5935,448109,5930,558116
2020-06-09 09:23:47.450000,5937.0,5940,356875,5945,400402,5935,447210,5930,558116
2020-06-09 09:23:48.480000,5938.04,5940,356652,5945,400402,5935,447210,5930,558016
2020-06-09 09:23:49.480000,5938.04,5940,355906,5945,403148,5935,444464,5930,558027
2020-06-09 09:23:50.590000,5938.04,5940,355871,5945,403148,5935,444434,5930,558077
2020-06-09 09:23:51.620000,5938.04,5940,356371,5945,423158,5935,449948,5930,558087
2020-06-09 09:23:52.000000,5938.04,5940,356351,5945,423158,5935,450717,5930,558087
2020-06-09 09:23:53.250000,5938.04,5940,349831,5945,424389,5935,450717,5930,558087
2020-06-09 09:23:53.670000,5938.04,5940,421623,5945,351597,5935,414329,5930,485295
2020-06-09 09:23:54.810000,5938.04,5940,349831,5945,424389,5935,452729,5930,558087
2020-06-09 09:23:55.830000,5938.04,5940,349831,5945,424389,5935,452729,5930,558087
2020-06-09 09:23:56.080000,5938.04,5940,350864,5945,424389,5935,450729,5930,558097
2020-06-09 09:23:56.900000,5938.01,5940,350864,5945,424389,5935,450734,5930,558097
2020-06-09 09:23:57.930000,5937.3,5940,354416,5945,424389,5935,451534,5930,558097
2020-06-09 09:23:58.260000,5938.04,5940,354416,5945,424389,5935,451535,5930,558107
2020-06-09 09:23:59.000000,5938.04,5940,354416,5945,424610,5935,451630,5930,558207
2020-06-09 09:24:00.110000,5938.01,5940,354406,5945,424610,5935,451620,5930,558207
2020-06-09 09:24:00.640000,5938.01,5940,354456,5945,424610,5935,451675,5930,558207
2020-06-09 09:24:01.680000,5938.01,5940,354156,5945,424615,5935,451775,5930,558207
2020-06-09 09:24:02.750000,5938.01,5940,357452,5945,424615,5935,451775,5930,558207
2020-06-09 09:24:03.290000,5938.01,5940,357452,5945,424615,5935,451775,5930,558207
2020-06-09 09:24:04.310000,5938.01,5940,358047,5945,424615,5935,456775,5930,558207
2020-06-09 09:24:04.760000,5938.01,5940,355966,5945,424615,5935,456775,5930,558207
2020-06-09 09:24:05.460000,5938.01,5940,355458,5945,424615,5935,456775,5930,558207
2020-06-09 09:24:06.450000,5938.01,5940,321047,5945,424615,5935,457075,5930,558207
2020-06-09 09:24:07.460000,5938.56,5940,290442,5945,424665,5935,457075,5930,606735
2020-06-09 09:24:07.670000,5939.04,5940,290432,5945,424665,5935,457075,5930,606735
2020-06-09 09:24:08.540000,5939.3,5940,375557,5945,424665,5935,457075,5930,558207
2020-06-09 09:24:09.600000,5939.07,5940,290109,5945,424665,5935,457368,5930,606735
2020-06-09 09:24:09.930000,5939.07,5940,375637,5945,424665,5935,457368,5930,558207
2020-06-09 09:24:11.200000,5939.07,5940,290049,5945,409580,5935,457368,5930,606735
2020-06-09 09:24:12.230000,5939.07,5940,375431,5945,409580,5935,457368,5930,558207
2020-06-09 09:24:13.270000,5939.07,5940,285571,5945,409580,5935,457537,5930,606735
2020-06-09 09:24:13.660000,5939.07,5940,269758,5945,409590,5935,457792,5930,606905
2020-06-09 09:24:14.880000,5939.07,5940,272769,5945,409811,5935,457857,5930,607086
2020-06-09 09:24:15.330000,5939.07,5940,346135,5945,409811,5935,457857,5930,607086
2020-06-09 09:24:16.070000,5939.07,5940,344135,5945,409811,5935,457857,5930,607086
2020-06-09 09:24:17.010000,5939.78,5940,340924,5945,409811,5935,457872,5930,607086
2020-06-09 09:24:18.040000,5939.09,5940,179526,5945,433020,5935,457922,5930,607096
2020-06-09 09:24:18.330000,5940.36,5940,176526,5945,433020,5935,457912,5930,607096
2020-06-09 09:24:19.130000,5940.36,5940,177203,5945,433520,5935,457911,5930,607096
2020-06-09 09:24:20.180000,5940.36,5940,240448,5945,433520,5935,452911,5930,607096
2020-06-09 09:24:20.570000,5940.36,5940,398176,5945,410311,5935,452911,5930,607096
2020-06-09 09:24:21.770000,5940.36,5940,232885,5945,433521,5935,452961,5930,607096
2020-06-09 09:24:22.130000,5940.36,5940,231624,5945,433521,5935,452961,5930,607297
2020-06-09 09:24:22.830000,5940.36,5940,231452,5945,433521,5935,446264,5930,607787
2020-06-09 09:24:23.880000,5940.36,5940,395470,5945,410312,5935,446234,5930,607787
2020-06-09 09:24:24.390000,5940.36,5940,231432,5945,433521,5935,447175,5930,607687
2020-06-09 09:24:25.470000,5940.36,5940,180432,5945,433521,5935,446754,5930,607687
2020-06-09 09:24:25.850000,5940.36,5940,201643,5945,433521,5935,447250,5930,607687
2020-06-09 09:24:27.070000,5940.36,5940,201643,5945,433521,5935,449024,5930,607837
2020-06-09 09:24:27.440000,5941.13,5940,362491,5945,410312,5935,449035,5930,607837
2020-06-09 09:24:28.630000,5940.36,5940,201093,5945,433521,5935,447423,5930,607837
2020-06-09 09:24:29.060000,5940.36,5940,201193,5945,433521,5935,447543,5930,607837
2020-06-09 09:24:29.770000,5940.36,5940,201002,5945,433521,5935,447543,5930,607837
2020-06-09 09:24:30.750000,5940.36,5945,433521,5950,426078,5940,216220,5935,410244
2020-06-09 09:24:31.770000,5940.36,5945,433651,5950,426078,5940,215920,5935,410244
2020-06-09 09:24:32.060000,5940.36,5940,13671,5945,433650,5935,449944,5930,607857
2020-06-09 09:24:32.840000,5940.36,5940,242312,5945,410441,5935,449943,5930,607857
2020-06-09 09:24:33.940000,5940.36,5940,242092,5945,410441,5935,449943,5930,607857
2020-06-09 09:24:34.950000,5940.36,5940,207857,5945,433650,5935,449938,5930,607857
2020-06-09 09:24:35.270000,5940.36,5940,201178,5945,433650,5935,501339,5930,607857
2020-06-09 09:24:36.050000,5941.1,5940,7997,5945,454065,5935,501339,5930,607857
2020-06-09 09:24:37.060000,5941.42,5940,3888,5945,453965,5935,501339,5930,607879
2020-06-09 09:24:37.590000,5940.39,5945,453975,5950,426178,5940,226202,5935,461639
2020-06-09 09:24:38.670000,5941.13,5945,445975,5950,426178,5940,224444,5935,461639
2020-06-09 09:24:39.170000,5941.39,5945,445976,5950,426178,5940,226314,5935,461639
2020-06-09 09:24:40.250000,5941.39,5945,445976,5950,426178,5940,226814,5935,460139
2020-06-09 09:24:40.560000,5941.39,5945,445098,5950,426178,5940,11894,5935,499938
2020-06-09 09:24:41.830000,5941.39,5945,445098,5950,426178,5940,12894,5935,499938
2020-06-09 09:24:42.060000,5941.39,5945,460183,5950,411093,5940,13494,5935,499938
2020-06-09 09:24:42.870000,5941.39,5940,191695,5945,468233,5935,499936,5930,607879
2020-06-09 09:24:43.920000,5941.39,5940,214445,5945,445024,5935,499936,5930,607879
2020-06-09 09:24:44.230000,5941.39,5940,214475,5945,445024,5935,499686,5930,607729
2020-06-09 09:24:44.980000,5941.39,5940,300004,5945,445024,5935,499686,5930,559481
2020-06-09 09:24:46.040000,5941.39,5940,299994,5945,445024,5935,499736,5930,559481
2020-06-09 09:24:46.470000,5941.39,5940,384325,5945,445024,5935,499736,5930,559481
2020-06-09 09:24:47.170000,5940.36,5940,299006,5945,445024,5935,499537,5930,608009
2020-06-09 09:24:48.140000,5939.36,5940,384534,5945,445024,5935,499539,5930,559482
2020-06-09 09:24:49.200000,5939.07,5940,385034,5945,445024,5935,499579,5930,559482
2020-06-09 09:24:49.500000,5939.07,5940,385526,5945,445024,5935,497955,5930,559482
2020-06-09 09:24:50.330000,5939.07,5940,385526,5945,445024,5935,497955,5930,559484
2020-06-09 09:24:51.070000,5939.07,5940,386031,5945,445024,5935,497955,5930,559484
2020-06-09 09:24:51.770000,5939.07,5940,386369,5945,445024,5935,497955,5930,559494
2020-06-09 09:24:52.430000,5939.07,5940,386319,5945,445024,5935,475504,5930,559494
2020-06-09 09:24:53.410000,5939.07,5940,386719,5945,445024,5935,477004,5930,559494
2020-06-09 09:24:53.860000,5939.07,5940,386719,5945,445024,5935,478726,5930,559494
2020-06-09 09:24:54.570000,5939.07,5940,384783,5945,445024,5935,478736,5930,559594
2020-06-09 09:24:55.540000,5939.07,5940,386445,5945,445134,5935,481736,5930,559594
2020-06-09 09:24:56.580000,5939.07,5940,386445,5945,445134,5935,481796,5930,559594
2020-06-09 09:24:57.070000,5938.56,5940,394300,5945,445134,5935,474451,5930,559094
2020-06-09 09:24:58.110000,5938.59,5940,395800,5945,445134,5935,474501,5930,559094
2020-06-09 09:24:58.410000,5939.04,5940,395700,5945,445134,5935,474501,5930,559094
2020-06-09 09:24:59.190000,5939.04,5940,394859,5945,445134,5935,473660,5930,559094
2020-06-09 09:25:00.240000,5939.04,5940,395254,5945,445134,5935,474260,5930,559094
2020-06-09 09:25:01.280000,5939.04,5940,395054,5945,446134,5935,474260,5930,559094
2020-06-09 09:25:01.670000,5939.04,5940,315402,5945,448149,5935,474510,5930,559274
2020-06-09 09:25:02.850000,5939.04,5940,317427,5945,448149,5935,474510,5930,559274
2020-06-09 09:25:03.300000,5939.04,5940,322327,5945,448149,5935,474560,5930,559274
2020-06-09 09:25:04.410000,5939.04,5940,322563,5945,448149,5935,474560,5930,559274
2020-06-09 09:25:04.940000,5939.04,5940,323563,5945,448149,5935,474560,5930,559274
2020-06-09 09:25:05.670000,5939.04,5940,396355,5945,375357,5935,437560,5930,486482
2020-06-09 09:25:06.520000,5937.3,5940,396855,5945,374857,5935,437660,5930,486482
2020-06-09 09:25:07.580000,5937.3,5940,396825,5945,374857,5935,76586,5930,526182
2020-06-09 09:25:09.160000,5935.52,5940,396825,5945,374877,5935,299493,5930,486982
2020-06-09 09:25:09.560000,5936.24,5940,395996,5945,374897,5935,299493,5930,486982
2020-06-09 09:25:10.720000,5936.24,5940,397196,5945,374697,5935,299543,5930,486982
2020-06-09 09:25:11.140000,5936.24,5940,397196,5945,374697,5935,299743,5930,486982
2020-06-09 09:25:11.830000,5936.24,5940,397696,5945,374997,5935,299745,5930,487282
2020-06-09 09:25:12.810000,5936.24,5940,397597,5945,374997,5935,300356,5930,487282
2020-06-09 09:25:13.340000,5936.24,5940,397047,5945,374997,5935,78204,5930,526982
2020-06-09 09:25:14.340000,5936.24,5935,229570,5940,381841,5930,526982,5925,497198
