time,nav,sell1,sell1_cnt,sell2,sell2_cnt,buy1,buy1_cnt,buy2,buy2_cnt
2020-06-10 10:38:01.610000,0.0,5980,247322,5985,276201,5975,205883,5970,373732
2020-06-10 10:38:01.830000,0.0,5980,247322,5985,276201,5975,205883,5970,373732
2020-06-10 10:38:02.330000,0.0,5980,247322,5985,276201,5975,205883,5970,373732
2020-06-10 10:38:02.950000,0.0,5980,247422,5985,276201,5975,10219,5970,433160
2020-06-10 10:38:03.630000,0.0,5980,247422,5985,276201,5975,648,5970,433160
2020-06-10 10:38:04.530000,0.0,5980,247422,5985,276201,5975,648,5970,433160
2020-06-10 10:38:04.910000,0.0,5980,247422,5985,276201,5975,596,5970,433160
2020-06-10 10:38:05.690000,0.0,5980,247422,5985,276201,5975,596,5970,433160
2020-06-10 10:38:06.130000,0.0,5975,209328,5980,207453,5970,425160,5965,378346
2020-06-10 10:38:06.450000,0.0,5975,8000,5980,247453,5970,425160,5965,378346
2020-06-10 10:38:06.920000,0.0,5975,8000,5980,247453,5970,425260,5965,378346
2020-06-10 10:38:08.020000,5975.63,5975,44651,5980,247453,5970,425260,5965,378346
2020-06-10 10:38:09.030000,5974.6,5975,169479,5980,247453,5970,425260,5965,378346
2020-06-10 10:38:09.220000,5974.6,5975,205979,5980,247453,5970,425260,5965,378346
2020-06-10 10:38:09.380000,5974.6,5975,208979,5980,247453,5970,425260,5965,378346
2020-06-10 10:38:09.470000,5974.6,5975,248979,5980,207453,5970,425260,5965,378346
2020-06-10 10:38:09.720000,5974.6,5975,248979,5980,207453,5970,425260,5965,378346
2020-06-10 10:38:10.500000,5974.6,5975,298979,5980,207453,5970,425360,5965,378346
2020-06-10 10:38:10.630000,5974.6,5975,298979,5980,207453,5970,425860,5965,378346
2020-06-10 10:38:11.590000,5974.6,5975,253979,5980,207453,5970,425860,5965,378396
2020-06-10 10:38:11.700000,5974.6,5975,303979,5980,207453,5970,425860,5965,378397
2020-06-10 10:38:12.890000,5974.6,5975,263979,5980,247453,5970,425860,5965,378397
2020-06-10 10:38:13.690000,5974.6,5975,303979,5980,207453,5970,425860,5965,378397
2020-06-10 10:38:13.780000,5974.6,5975,303977,5980,207453,5970,425860,5965,378397
2020-06-10 10:38:14.720000,5974.6,5975,303877,5980,207453,5970,425860,5965,378397
2020-06-10 10:38:14.890000,5974.6,5975,303877,5980,207651,5970,425860,5965,378397
2020-06-10 10:38:15.550000,5974.6,5975,306297,5980,207651,5970,425860,5965,378397
2020-06-10 10:38:16.330000,5974.6,5975,306297,5980,207651,5970,425760,5965,378397
2020-06-10 10:38:16.730000,5974.15,5975,306297,5980,207651,5970,425760,5965,378397
2020-06-10 10:38:17.390000,5974.15,5975,306297,5980,207651,5970,425763,5965,378397
2020-06-10 10:38:17.970000,5974.15,5975,306297,5980,207651,5970,425763,5965,378397
2020-06-10 10:38:18.110000,5973.6,5975,306297,5980,207651,5970,425763,5965,378397
2020-06-10 10:38:19.290000,5972.57,5975,306297,5980,207651,5970,425763,5965,378397
2020-06-10 10:38:20.470000,5972.54,5975,306297,5980,207651,5970,426074,5965,378397
2020-06-10 10:38:20.890000,5972.54,5975,306297,5980,207651,5970,426074,5965,378397
2020-06-10 10:38:21.700000,5972.54,5975,306297,5980,207651,5970,426174,5965,378397
2020-06-10 10:38:22.030000,5972.54,5975,306297,5980,207651,5970,426176,5965,378397
2020-06-10 10:38:22.620000,5972.54,5975,306296,5980,207651,5970,426176,5965,378397
2020-06-10 10:38:22.810000,5972.54,5975,306296,5980,207651,5970,426076,5965,378497
2020-06-10 10:38:23.700000,5972.54,5975,306296,5980,207651,5970,426176,5965,378497
2020-06-10 10:38:24.120000,5972.54,5975,306296,5980,207651,5970,426076,5965,378497
2020-06-10 10:38:24.760000,5972.54,5975,306296,5980,207651,5970,426176,5965,378497
2020-06-10 10:38:25.840000,5972.54,5975,306296,5980,207651,5970,426076,5965,378497
2020-06-10 10:38:26.040000,5972.54,5975,306296,5980,207651,5970,426076,5965,378497
2020-06-10 10:38:27.320000,5972.54,5975,306378,5980,207651,5970,426076,5965,378497
2020-06-10 10:38:27.590000,5972.54,5975,306378,5980,207651,5970,426176,5965,378497
2020-06-10 10:38:28.460000,5972.54,5975,306348,5980,207651,5970,426076,5965,378497
2020-06-10 10:38:28.590000,5972.54,5975,306348,5980,207651,5970,426176,5965,378497
2020-06-10 10:38:28.960000,5972.57,5975,306048,5980,207651,5970,426176,5965,378497
2020-06-10 10:38:29.350000,5972.57,5975,306048,5980,207651,5970,426176,5965,379497
2020-06-10 10:38:31.350000,5972.51,5975,305138,5980,207651,5970,426176,5965,379497
2020-06-10 10:38:32.820000,5972.51,5975,305137,5980,207651,5970,426176,5965,379497
2020-06-10 10:38:33.160000,5972.51,5975,302717,5980,207651,5970,426176,5965,379497
2020-06-10 10:38:33.730000,5972.51,5975,304051,5980,207651,5970,426176,5965,379497
2020-06-10 10:38:34.260000,5972.51,5975,305658,5980,207651,5970,426176,5965,379497
2020-06-10 10:38:35.430000,5972.51,5975,300658,5980,207651,5970,426176,5965,379497
2020-06-10 10:38:37.410000,5972.54,5975,300576,5980,207651,5970,426176,5965,379497
2020-06-10 10:38:37.510000,5972.54,5975,297635,5980,207692,5970,426176,5965,379497
2020-06-10 10:38:38.290000,5973.06,5975,297635,5980,207692,5970,426176,5965,379497
2020-06-10 10:38:40.080000,5973.54,5975,297635,5980,207692,5970,426196,5965,379497
2020-06-10 10:38:41.330000,5974.6,5975,297635,5980,207692,5970,436196,5965,379497
2020-06-10 10:38:42.210000,5974.6,5975,300892,5980,207692,5970,436114,5965,379497
2020-06-10 10:38:42.630000,5974.6,5975,301368,5980,207692,5970,436114,5965,379497
2020-06-10 10:38:43.190000,5974.6,5975,298703,5980,207692,5970,436114,5965,379497
2020-06-10 10:38:43.720000,5974.6,5975,301964,5980,207692,5970,436114,5965,379497
2020-06-10 10:38:45.910000,5974.6,5975,222203,5980,247692,5970,436114,5965,379497
2020-06-10 10:38:46.890000,5974.6,5975,97375,5980,247692,5970,436114,5965,379497
2020-06-10 10:38:47.050000,5974.6,5980,247692,5985,272701,5975,17031,5970,384686
2020-06-10 10:38:47.440000,5974.12,5980,247692,5985,272701,5975,220836,5970,384736
2020-06-10 10:38:48.500000,5974.6,5980,247692,5985,272701,5975,8100,5970,461236
2020-06-10 10:38:48.800000,5975.6,5980,247692,5985,272701,5975,8000,5970,461236
2020-06-10 10:38:49.550000,5975.6,5980,247692,5985,272701,5975,8000,5970,461286
2020-06-10 10:38:49.640000,5975.6,5980,247692,5985,272701,5975,144336,5970,461286
2020-06-10 10:38:50.600000,5975.6,5980,247692,5985,272701,5975,184000,5970,421286
2020-06-10 10:38:50.780000,5975.6,5980,247692,5985,272701,5975,184000,5970,421286
2020-06-10 10:38:51.000000,5975.6,5980,247692,5985,272701,5975,220468,5970,384786
2020-06-10 10:38:51.660000,5975.6,5980,247692,5985,272701,5975,7732,5970,461786
2020-06-10 10:38:51.780000,5975.6,5980,247692,5985,272701,5975,8100,5970,461786
2020-06-10 10:38:52.100000,5975.6,5980,247692,5985,272701,5975,8102,5970,461786
2020-06-10 10:38:52.570000,5975.6,5980,247692,5985,272701,5975,186999,5970,421786
2020-06-10 10:38:53.420000,5975.6,5980,247692,5985,272701,5975,187299,5970,421786
2020-06-10 10:38:53.800000,5975.6,5980,247692,5985,272701,5975,187599,5970,421786
2020-06-10 10:38:54.380000,5975.6,5980,247692,5985,272701,5975,224099,5970,385286
2020-06-10 10:38:54.770000,5975.6,5980,247692,5985,224157,5975,224099,5970,385286
2020-06-10 10:38:55.330000,5975.6,5980,247692,5985,224157,5975,224099,5970,385286
2020-06-10 10:38:55.750000,5975.6,5980,247692,5985,272701,5975,224099,5970,385339
2020-06-10 10:38:56.420000,5975.6,5980,247692,5985,272701,5975,184958,5970,421839
2020-06-10 10:38:57.030000,5975.63,5980,247692,5985,272701,5975,8722,5970,461839
2020-06-10 10:38:57.990000,5976.18,5980,247692,5985,272701,5975,146058,5970,462339
2020-06-10 10:38:58.220000,5976.66,5980,247692,5985,272701,5975,186058,5970,422339
2020-06-10 10:38:59.000000,5976.66,5980,247692,5985,272701,5975,186058,5970,422339
2020-06-10 10:38:59.160000,5975.63,5980,247682,5985,272701,5975,186058,5970,422339
2020-06-10 10:38:59.630000,5975.63,5980,247682,5985,272701,5975,146058,5970,462340
2020-06-10 10:39:00.610000,5975.63,5980,247682,5985,272701,5975,148731,5970,462342
2020-06-10 10:39:00.800000,5975.63,5980,247682,5985,272701,5975,9732,5970,462342
2020-06-10 10:39:01.660000,5975.63,5980,247672,5985,272701,5975,9732,5970,462342
2020-06-10 10:39:01.890000,5975.63,5980,239672,5985,272701,5975,9732,5970,462342
2020-06-10 10:39:02.700000,5975.63,5980,239665,5985,272701,5975,189331,5970,422342
2020-06-10 10:39:02.890000,5975.63,5980,239665,5985,272701,5975,189331,5970,422342
2020-06-10 10:39:03.750000,5975.63,5980,239665,5985,272701,5975,225831,5970,385942
2020-06-10 10:39:03.910000,5975.63,5980,239665,5985,272223,5975,225831,5970,385942
2020-06-10 10:39:04.160000,5975.63,5980,239665,5985,272223,5975,225831,5970,385942
2020-06-10 10:39:04.830000,5975.63,5980,239665,5985,272223,5975,149331,5970,462764
2020-06-10 10:39:05.360000,5975.63,5980,239665,5985,272223,5975,189331,5970,422764
2020-06-10 10:39:05.730000,5975.63,5980,239665,5985,272223,5975,226131,5970,386264
2020-06-10 10:39:06.760000,5975.63,5980,239665,5985,272223,5975,226131,5970,386264
2020-06-10 10:39:08.500000,5976.08,5980,239665,5985,272223,5975,226131,5970,386269
2020-06-10 10:39:08.890000,5975.63,5980,239665,5985,272223,5975,226631,5970,386269
2020-06-10 10:39:10.610000,5975.63,5980,239885,5985,272003,5975,226631,5970,386769
2020-06-10 10:39:10.730000,5975.63,5980,239885,5985,272003,5975,226631,5970,386969
2020-06-10 10:39:12.320000,5975.63,5980,239885,5985,272003,5975,226631,5970,386969
2020-06-10 10:39:14.280000,5975.63,5980,239885,5985,272003,5975,190131,5970,423469
2020-06-10 10:39:14.480000,5975.63,5980,239885,5985,272003,5975,190131,5970,423469
2020-06-10 10:39:15.340000,5975.63,5980,239885,5985,272003,5975,190131,5970,423469
2020-06-10 10:39:15.590000,5975.63,5980,239885,5985,272003,5975,150181,5970,463969
2020-06-10 10:39:15.850000,5975.63,5980,239885,5985,272003,5975,226681,5970,387469
2020-06-10 10:39:16.650000,5975.63,5980,239885,5985,272003,5975,226181,5970,387469
2020-06-10 10:39:17.460000,5975.63,5980,239885,5985,223459,5975,226181,5970,387469
2020-06-10 10:39:17.620000,5975.63,5980,239885,5985,223459,5975,276181,5970,387469
2020-06-10 10:39:19.150000,5975.63,5980,239885,5985,223459,5975,277181,5970,387469
2020-06-10 10:39:20.210000,5977.69,5980,239885,5985,272003,5975,277281,5970,387469
2020-06-10 10:39:20.450000,5977.69,5980,239885,5985,223459,5975,277281,5970,387469
2020-06-10 10:39:21.120000,5977.69,5980,239885,5985,223459,5975,277321,5970,387469
2020-06-10 10:39:21.630000,5977.69,5980,239885,5985,223459,5975,277321,5970,387469
2020-06-10 10:39:22.740000,5977.69,5980,239885,5985,272003,5975,277321,5970,387469
2020-06-10 10:39:23.020000,5977.69,5980,239885,5985,272003,5975,277121,5970,387469
2020-06-10 10:39:24.260000,5977.69,5980,239885,5985,223459,5975,277121,5970,387469
2020-06-10 10:39:24.710000,5977.69,5980,239885,5985,223459,5975,277321,5970,387469
2020-06-10 10:39:25.130000,5977.69,5980,239885,5985,223459,5975,277321,5970,388269
2020-06-10 10:39:25.490000,5977.69,5980,239885,5985,223459,5975,279136,5970,388269
2020-06-10 10:39:29.620000,5976.66,5980,239885,5985,223459,5975,279137,5970,388269
2020-06-10 10:39:29.710000,5976.66,5980,239885,5985,223459,5975,279337,5970,388269
2020-06-10 10:39:29.790000,5976.66,5980,239885,5985,223459,5975,279337,5970,388269
2020-06-10 10:39:30.050000,5976.66,5980,239885,5985,223459,5975,279337,5970,388269
2020-06-10 10:39:31.180000,5976.66,5980,239885,5985,223459,5975,279337,5970,388269
2020-06-10 10:39:33.040000,5976.66,5980,239885,5985,223459,5975,279037,5970,388269
2020-06-10 10:39:33.790000,5976.66,5980,239883,5985,223459,5975,242535,5970,388269
2020-06-10 10:39:34.160000,5976.66,5980,239883,5985,223459,5975,242545,5970,388269
2020-06-10 10:39:35.360000,5976.66,5980,239883,5985,223459,5975,342545,5970,388269
2020-06-10 10:39:36.490000,5976.66,5980,239883,5985,223459,5975,342543,5970,388279
2020-06-10 10:39:36.720000,5976.66,5980,239883,5985,223459,5975,342543,5970,388279
2020-06-10 10:39:37.520000,5976.66,5980,239873,5985,223459,5975,342543,5970,388279
2020-06-10 10:39:37.680000,5977.69,5980,239873,5985,223459,5975,342253,5970,388079
2020-06-10 10:39:39.610000,5978.71,5980,239873,5985,223459,5975,342253,5970,388089
2020-06-10 10:39:39.860000,5978.71,5980,239873,5985,223459,5975,342253,5970,388259
2020-06-10 10:39:40.720000,5978.71,5980,239873,5985,223459,5975,342253,5970,388259
2020-06-10 10:39:41.630000,5978.71,5980,239873,5985,223459,5975,342254,5970,388259
2020-06-10 10:39:42.100000,5978.71,5980,239873,5985,223459,5975,342304,5970,388259
2020-06-10 10:39:42.910000,5978.71,5980,239873,5985,223459,5975,342304,5970,388460
2020-06-10 10:39:43.990000,5978.71,5980,239873,5985,223459,5975,342344,5970,388460
2020-06-10 10:39:44.750000,5978.71,5980,239873,5985,223459,5975,342344,5970,388460
2020-06-10 10:39:45.100000,5978.71,5980,239873,5985,223459,5975,342292,5970,388460
2020-06-10 10:39:48.360000,5977.71,5980,276373,5985,223459,5975,378792,5970,388460
2020-06-10 10:39:49.200000,5977.71,5980,276373,5985,223459,5975,378792,5970,388460
2020-06-10 10:39:49.560000,5977.71,5980,276373,5985,223459,5975,377792,5970,388460
2020-06-10 10:39:50.660000,5978.71,5980,276373,5985,223459,5975,376789,5970,388460
2020-06-10 10:39:50.690000,5978.71,5980,276373,5985,223459,5975,376789,5970,388149
2020-06-10 10:39:52.220000,5978.71,5980,276373,5985,223459,5975,376788,5970,388149
2020-06-10 10:39:52.340000,5978.71,5980,276373,5985,223459,5975,377288,5970,388149
2020-06-10 10:39:53.260000,5978.71,5980,276373,5985,223459,5975,377288,5970,388149
2020-06-10 10:39:53.620000,5978.71,5980,276374,5985,223459,5975,377288,5970,388149
2020-06-10 10:39:54.700000,5978.71,5980,276374,5985,223559,5975,377288,5970,388149
2020-06-10 10:39:55.510000,5978.71,5980,276374,5985,223559,5975,377288,5970,388149
2020-06-10 10:39:56.600000,5978.71,5980,239874,5985,260059,5975,380629,5970,388149
2020-06-10 10:39:57.120000,5978.71,5980,239874,5985,260059,5975,380550,5970,388149
2020-06-10 10:39:57.630000,5978.71,5980,239874,5985,260059,5975,380550,5970,388149
2020-06-10 10:39:59.130000,5978.71,5980,239874,5985,260059,5975,380550,5970,388149
2020-06-10 10:39:59.730000,5978.71,5980,236613,5985,260059,5975,380550,5970,388149
2020-06-10 10:40:00.690000,5979.71,5980,239874,5985,260059,5975,380283,5970,388403
2020-06-10 10:40:00.910000,5979.71,5980,236613,5985,260059,5975,380283,5970,388403
2020-06-10 10:40:01.320000,5979.71,5980,239647,5985,260059,5975,380593,5970,388403
2020-06-10 10:40:01.800000,5979.71,5980,236713,5985,260059,5975,380593,5970,388403
2020-06-10 10:40:02.410000,5979.71,5980,239937,5985,260059,5975,380593,5970,388403
2020-06-10 10:40:02.820000,5979.71,5980,239937,5985,260059,5975,380593,5970,388571
2020-06-10 10:40:03.350000,5979.71,5980,239937,5985,260059,5975,380593,5970,388571
2020-06-10 10:40:03.790000,5979.71,5980,239937,5985,260059,5975,379388,5970,388571
2020-06-10 10:40:04.160000,5979.71,5980,239937,5985,260059,5975,379338,5970,388621
2020-06-10 10:40:04.960000,5979.71,5980,276437,5985,223559,5975,379338,5970,388621
2020-06-10 10:40:06.020000,5979.71,5980,276437,5985,223559,5975,379338,5970,380621
2020-06-10 10:40:06.290000,5979.71,5980,276437,5985,223559,5975,379166,5970,380621
2020-06-10 10:40:07.070000,5979.71,5980,275437,5985,223559,5975,379166,5970,380621
2020-06-10 10:40:09.640000,5977.69,5980,275437,5985,223559,5975,379165,5970,380621
2020-06-10 10:40:10.050000,5977.66,5980,275437,5985,272103,5975,379104,5970,380621
2020-06-10 10:40:10.550000,5977.66,5980,275437,5985,272103,5975,279104,5970,380621
2020-06-10 10:40:12.330000,5977.66,5980,275437,5985,272103,5975,279154,5970,380571
2020-06-10 10:40:12.460000,5977.66,5980,275421,5985,272103,5975,279154,5970,380571
2020-06-10 10:40:13.220000,5977.66,5980,275421,5985,272103,5975,279154,5970,380571
2020-06-10 10:40:13.920000,5977.66,5980,275422,5985,272104,5975,279154,5970,380571
2020-06-10 10:40:14.460000,5977.66,5980,275422,5985,272104,5975,279154,5970,380571
2020-06-10 10:40:16.030000,5977.66,5980,275422,5985,272104,5975,279154,5970,380571
2020-06-10 10:40:16.420000,5977.66,5980,275422,5985,272104,5975,279154,5970,380571
2020-06-10 10:40:17.050000,5977.66,5980,275421,5985,272104,5975,229154,5970,380571
2020-06-10 10:40:17.240000,5977.66,5980,275421,5985,272104,5975,152654,5970,457071
2020-06-10 10:40:18.130000,5976.11,5980,275416,5985,272104,5975,155944,5970,457071
2020-06-10 10:40:18.300000,5976.66,5980,275916,5985,272103,5975,16447,5970,457071
2020-06-10 10:40:19.190000,5976.66,5980,275916,5985,272103,5975,16547,5970,457071
2020-06-10 10:40:19.390000,5976.18,5980,275916,5985,272103,5975,152683,5970,457071
2020-06-10 10:40:20.270000,5976.18,5980,276916,5985,272103,5975,16447,5970,457071
2020-06-10 10:40:20.440000,5975.63,5980,276316,5985,272103,5975,155444,5970,457071
2020-06-10 10:40:21.330000,5975.63,5980,296316,5985,272103,5975,231944,5970,380571
2020-06-10 10:40:21.450000,5975.63,5980,296315,5985,272103,5975,231944,5970,380571
2020-06-10 10:40:22.390000,5975.63,5980,296315,5985,272103,5975,231944,5970,380571
2020-06-10 10:40:23.450000,5975.63,5980,296315,5985,272103,5975,231944,5970,380571
2020-06-10 10:40:23.860000,5975.63,5980,296315,5985,272103,5975,231944,5970,380576
2020-06-10 10:40:24.300000,5975.63,5980,296314,5985,223559,5975,281944,5970,380576
2020-06-10 10:40:26.220000,5975.63,5980,296114,5985,272103,5975,282311,5970,380576
2020-06-10 10:40:26.450000,5975.63,5980,296114,5985,272103,5975,282411,5970,380576
2020-06-10 10:40:27.450000,5975.63,5980,296114,5985,223559,5975,282416,5970,380576
2020-06-10 10:40:28.220000,5976.66,5980,296114,5985,223559,5975,282416,5970,380576
2020-06-10 10:40:29.040000,5976.66,5980,296114,5985,272103,5975,282416,5970,380576
2020-06-10 10:40:29.810000,5976.66,5980,296114,5985,272113,5975,282416,5970,380576
2020-06-10 10:40:30.120000,5976.66,5980,296114,5985,223569,5975,282416,5970,380576
2020-06-10 10:40:30.870000,5976.66,5980,296114,5985,223569,5975,282420,5970,380572
2020-06-10 10:40:31.320000,5976.66,5980,296114,5985,223569,5975,283420,5970,388572
2020-06-10 10:40:32.950000,5976.66,5980,296114,5985,223569,5975,283520,5970,388572
2020-06-10 10:40:33.170000,5976.66,5980,296114,5985,223569,5975,383520,5970,390389
2020-06-10 10:40:34.150000,5976.66,5980,296114,5985,223569,5975,383524,5970,390385
2020-06-10 10:40:35.060000,5976.66,5980,296114,5985,223402,5975,383524,5970,390385
2020-06-10 10:40:35.260000,5976.66,5980,296114,5985,223402,5975,383564,5970,390385
2020-06-10 10:40:36.200000,5976.66,5980,296084,5985,223235,5975,383564,5970,390385
2020-06-10 10:40:36.560000,5976.66,5980,296084,5985,223235,5975,383564,5970,390385
2020-06-10 10:40:37.140000,5976.66,5980,296084,5985,223235,5975,383614,5970,390385
2020-06-10 10:40:39.210000,5977.21,5980,296084,5985,223235,5975,383634,5970,390385
2020-06-10 10:40:39.430000,5977.21,5980,296084,5985,271779,5975,383634,5970,390385
2020-06-10 10:40:39.760000,5977.21,5980,296084,5985,271780,5975,383634,5970,390385
2020-06-10 10:40:40.770000,5976.66,5980,296084,5985,271780,5975,383584,5970,390388
2020-06-10 10:40:40.870000,5976.66,5980,296084,5985,271780,5975,233584,5970,390388
2020-06-10 10:40:41.240000,5976.66,5980,296084,5985,271780,5975,20848,5970,466888
2020-06-10 10:40:41.920000,5976.66,5980,296084,5985,271780,5975,20849,5970,466888
2020-06-10 10:40:42.900000,5976.66,5980,296584,5985,271780,5975,17588,5970,466888
2020-06-10 10:40:43.060000,5976.66,5980,296584,5985,271780,5975,205239,5970,466888
2020-06-10 10:40:43.200000,5976.66,5980,296584,5985,271780,5975,69003,5970,466888
2020-06-10 10:40:43.950000,5976.66,5980,296584,5985,271780,5975,69003,5970,466888
2020-06-10 10:40:44.010000,5976.66,5980,296578,5985,271780,5975,69003,5970,466888
2020-06-10 10:40:44.350000,5976.66,5980,296578,5985,271780,5975,68904,5970,466888
2020-06-10 10:40:44.760000,5976.66,5975,176089,5980,264578,5970,466888,5965,380186
2020-06-10 10:40:45.520000,5976.66,5975,226086,5980,264578,5970,458888,5965,380186
2020-06-10 10:40:46.570000,5976.66,5975,186180,5980,304578,5970,458888,5965,380186
2020-06-10 10:40:46.740000,5976.66,5975,226180,5980,264578,5970,458888,5965,380186
2020-06-10 10:40:47.050000,5975.63,5975,226177,5980,264578,5970,458888,5965,380166
2020-06-10 10:40:47.400000,5975.63,5975,226127,5980,264578,5970,458888,5965,380166
2020-06-10 10:40:48.320000,5974.15,5975,262627,5980,208078,5970,458888,5965,380166
2020-06-10 10:40:49.180000,5974.15,5975,262088,5980,208078,5970,458888,5965,380166
2020-06-10 10:40:49.660000,5974.15,5975,225588,5980,244578,5970,458888,5965,380166
2020-06-10 10:40:50.190000,5973.57,5975,222327,5980,244578,5970,458888,5965,380166
2020-06-10 10:40:51.100000,5973.57,5975,222327,5980,244578,5970,458889,5965,380166
2020-06-10 10:40:51.790000,5973.57,5975,222327,5980,244578,5970,458889,5965,379666
2020-06-10 10:40:51.910000,5973.57,5975,225588,5980,244578,5970,458889,5965,379666
2020-06-10 10:40:52.900000,5973.57,5975,225584,5980,244578,5970,458891,5965,379667
2020-06-10 10:40:53.100000,5973.57,5975,225584,5980,244578,5970,458891,5965,379667
2020-06-10 10:40:53.900000,5973.57,5975,225584,5980,244578,5970,458891,5965,379667
2020-06-10 10:40:54.080000,5973.57,5975,262084,5980,208078,5970,458891,5965,379667
2020-06-10 10:40:54.910000,5973.57,5975,262034,5980,208078,5970,458841,5965,379667
2020-06-10 10:40:55.150000,5973.57,5975,262034,5980,208078,5970,458941,5965,379667
2020-06-10 10:40:57.040000,5973.57,5975,262027,5980,208078,5970,458941,5965,379667
2020-06-10 10:40:57.360000,5974.12,5975,262027,5980,208078,5970,457125,5965,379667
2020-06-10 10:40:59.130000,5972.64,5975,262027,5980,208078,5970,457131,5965,379667
2020-06-10 10:40:59.610000,5972.64,5975,222281,5980,244578,5970,457131,5965,379667
2020-06-10 10:41:00.710000,5973.57,5975,261457,5980,208078,5970,457131,5965,379667
2020-06-10 10:41:01.160000,5973.57,5975,222281,5980,244578,5970,457136,5965,379667
2020-06-10 10:41:02.270000,5973.57,5975,219702,5980,244578,5970,457144,5965,379667
2020-06-10 10:41:02.600000,5973.57,5975,219702,5980,244578,5970,457144,5965,379667
2020-06-10 10:41:03.300000,5973.57,5975,219702,5980,244578,5970,457144,5965,379667
2020-06-10 10:41:04.000000,5973.57,5975,219692,5980,244578,5970,457144,5965,379667
2020-06-10 10:41:04.310000,5973.57,5975,219692,5980,244578,5970,457144,5965,379673
2020-06-10 10:41:04.750000,5973.57,5975,220765,5980,244578,5970,457144,5965,379673
2020-06-10 10:41:05.190000,5973.57,5975,221978,5980,244578,5970,457144,5965,379673
2020-06-10 10:41:05.660000,5973.57,5975,258478,5980,208078,5970,457144,5965,379673
2020-06-10 10:41:05.950000,5973.57,5975,219632,5980,244578,5970,457144,5965,379675
2020-06-10 10:41:06.240000,5973.57,5975,222807,5980,244578,5970,457129,5965,379675
2020-06-10 10:41:07.000000,5973.57,5975,222807,5980,244618,5970,457129,5965,379675
2020-06-10 10:41:07.420000,5973.57,5975,222893,5980,244618,5970,457129,5965,379675
2020-06-10 10:41:08.450000,5973.6,5975,219632,5980,244618,5970,457129,5965,379675
2020-06-10 10:41:08.860000,5973.6,5975,222893,5980,244618,5970,457129,5965,379669
2020-06-10 10:41:09.640000,5973.6,5975,222893,5980,244568,5970,457129,5965,379669
2020-06-10 10:41:09.840000,5973.57,5975,219642,5980,244568,5970,457129,5965,379669
2020-06-10 10:41:11.060000,5973.57,5975,219642,5980,244568,5970,457129,5965,379669
2020-06-10 10:41:11.780000,5973.57,5975,222894,5980,244568,5970,457129,5965,379669
2020-06-10 10:41:12.750000,5973.57,5975,4817,5980,284568,5970,457129,5965,379669
2020-06-10 10:41:13.160000,5973.57,5975,8124,5980,284568,5970,457129,5965,379669
2020-06-10 10:41:13.900000,5973.57,5975,176210,5980,244696,5970,457129,5965,379669
2020-06-10 10:41:14.330000,5973.57,5975,226210,5980,244696,5970,457129,5965,379669
2020-06-10 10:41:14.760000,5973.57,5975,226210,5980,244696,5970,457139,5965,379669
2020-06-10 10:41:15.500000,5973.57,5975,226210,5980,244696,5970,457139,5965,379669
2020-06-10 10:41:17.620000,5974.02,5975,226210,5980,244696,5970,457639,5965,379669
2020-06-10 10:41:17.720000,5974.02,5975,226160,5980,244696,5970,457639,5965,379669
2020-06-10 10:41:18.290000,5974.6,5975,226160,5980,244696,5970,457639,5965,379669
2020-06-10 10:41:18.780000,5974.6,5975,60826,5980,284696,5970,457639,5965,379669
2020-06-10 10:41:19.150000,5974.15,5975,226210,5980,244696,5970,457639,5965,379669
2020-06-10 10:41:20.250000,5974.15,5975,230210,5980,244696,5970,457639,5965,379669
2020-06-10 10:41:21.310000,5974.15,5975,230210,5980,244696,5970,457639,5965,379669
2020-06-10 10:41:21.510000,5974.15,5975,231210,5980,244696,5970,457639,5965,379669
2020-06-10 10:41:22.980000,5974.15,5975,231210,5980,244696,5970,457689,5965,379669
2020-06-10 10:41:23.980000,5974.15,5975,231210,5980,244696,5970,457789,5965,379669
2020-06-10 10:41:24.150000,5974.15,5975,231210,5980,244696,5970,457737,5965,379669
2020-06-10 10:41:24.500000,5974.15,5975,231210,5980,244696,5970,457737,5965,379669
2020-06-10 10:41:25.260000,5974.15,5975,267710,5980,208196,5970,457737,5965,379669
2020-06-10 10:41:26.590000,5974.6,5975,231210,5980,244696,5970,457737,5965,379669
2020-06-10 10:41:29.270000,5974.05,5975,231210,5980,244696,5970,457738,5965,379669
2020-06-10 10:41:29.710000,5974.05,5975,231210,5980,244696,5970,457743,5965,379664
2020-06-10 10:41:30.260000,5974.6,5975,231210,5980,244696,5970,457743,5965,379665
2020-06-10 10:41:30.710000,5974.6,5975,191210,5980,284696,5970,457743,5965,379665
2020-06-10 10:41:31.370000,5974.6,5975,231210,5980,244696,5970,457743,5965,379665
2020-06-10 10:41:32.430000,5974.6,5975,267706,5980,208196,5970,457743,5965,379665
2020-06-10 10:41:32.600000,5974.6,5975,231206,5980,244696,5970,457743,5965,379665
2020-06-10 10:41:33.520000,5974.6,5975,231206,5980,244696,5970,457743,5965,379665
2020-06-10 10:41:34.660000,5974.6,5975,231206,5980,244696,5970,457743,5965,379665
2020-06-10 10:41:36.120000,5974.6,5975,231206,5980,244696,5970,457743,5965,379865
2020-06-10 10:41:37.350000,5974.6,5975,66381,5980,284696,5970,457743,5965,379865
2020-06-10 10:41:37.660000,5974.6,5975,63124,5980,284696,5970,457743,5965,379865
2020-06-10 10:41:38.010000,5973.6,5975,187949,5980,284696,5970,457743,5965,379865
2020-06-10 10:41:38.740000,5973.6,5975,13124,5980,284696,5970,457743,5965,379865
2020-06-10 10:41:39.160000,5975.02,5980,284697,5985,270803,5975,134372,5970,465743
2020-06-10 10:41:39.550000,5975.02,5980,284697,5985,270803,5975,135111,5970,465743
2020-06-10 10:41:40.370000,5975.63,5980,284697,5985,270803,5975,135111,5970,465743
2020-06-10 10:41:40.630000,5975.63,5980,284697,5985,270803,5975,212930,5970,389243
2020-06-10 10:41:41.350000,5975.63,5980,284697,5985,270803,5975,212960,5970,389243
2020-06-10 10:41:41.650000,5975.63,5980,284697,5985,270803,5975,214085,5970,389243
2020-06-10 10:41:42.410000,5975.63,5980,284697,5985,270803,5975,212960,5970,389243
2020-06-10 10:41:43.460000,5975.63,5980,284697,5985,222259,5975,214813,5970,389243
2020-06-10 10:41:44.500000,5975.63,5980,284697,5985,222259,5975,264813,5970,389243
2020-06-10 10:41:44.960000,5975.63,5980,284697,5985,222259,5975,364823,5970,389233
2020-06-10 10:41:45.550000,5975.63,5980,284697,5985,222259,5975,368567,5970,389233
2020-06-10 10:41:45.960000,5975.63,5980,284697,5985,222259,5975,268567,5970,389233
2020-06-10 10:41:46.360000,5975.63,5980,284697,5985,222259,5975,268516,5970,389234
2020-06-10 10:41:48.210000,5976.56,5980,284697,5985,222259,5975,268516,5970,389234
2020-06-10 10:41:48.380000,5977.66,5980,284697,5985,270803,5975,268436,5970,389234
2020-06-10 10:41:50.130000,5976.69,5980,284697,5985,222259,5975,268536,5970,389234
2020-06-10 10:41:51.800000,5976.69,5980,284697,5985,270803,5975,268436,5970,389234
2020-06-10 10:41:52.050000,5976.69,5980,284697,5985,270803,5975,268436,5970,389534
2020-06-10 10:41:53.050000,5976.69,5980,284697,5985,270803,5975,268436,5970,389534
2020-06-10 10:41:53.890000,5976.69,5980,284697,5985,270803,5975,268436,5970,389534
2020-06-10 10:41:54.250000,5976.69,5980,284667,5985,350803,5975,268406,5970,389534
2020-06-10 10:41:55.700000,5976.69,5980,284667,5985,350803,5975,268506,5970,389534
2020-06-10 10:41:56.150000,5976.69,5980,293567,5985,350803,5975,268406,5970,389534
2020-06-10 10:41:56.490000,5976.69,5980,293567,5985,350803,5975,268406,5970,389554
2020-06-10 10:41:57.560000,5976.66,5980,293567,5985,302259,5975,268506,5970,389554
2020-06-10 10:41:58.450000,5976.66,5980,293567,5985,304259,5975,268506,5970,389554
2020-06-10 10:41:58.810000,5976.66,5980,293567,5985,352803,5975,268406,5970,389554
2020-06-10 10:42:00.020000,5976.66,5980,293567,5985,352803,5975,268406,5970,389554
2020-06-10 10:42:00.460000,5976.66,5980,293567,5985,352803,5975,268506,5970,389554
2020-06-10 10:42:00.760000,5976.66,5980,293567,5985,352803,5975,268406,5970,389754
2020-06-10 10:42:01.540000,5976.66,5980,293564,5985,352803,5975,268406,5970,389754
2020-06-10 10:42:01.650000,5976.66,5980,293564,5985,304259,5975,268506,5970,389754
2020-06-10 10:42:03.800000,5976.66,5980,285564,5985,304259,5975,268506,5970,389754
2020-06-10 10:42:04.130000,5976.66,5980,285564,5985,304259,5975,273925,5970,389754
2020-06-10 10:42:04.590000,5976.66,5980,285764,5985,304259,5975,273925,5970,389754
2020-06-10 10:42:06.300000,5976.66,5980,285764,5985,304259,5975,273925,5970,389754
2020-06-10 10:42:06.690000,5976.66,5980,285764,5985,304259,5975,273925,5970,389754
2020-06-10 10:42:07.900000,5977.69,5980,285597,5985,304259,5975,273925,5970,389754
2020-06-10 10:42:08.050000,5977.69,5980,287097,5985,304259,5975,273925,5970,389754
2020-06-10 10:42:08.930000,5977.69,5980,287077,5985,304259,5975,273925,5970,389754
2020-06-10 10:42:11.790000,5977.71,5980,287077,5985,304259,5975,273925,5970,389754
2020-06-10 10:42:12.110000,5977.71,5980,287077,5985,304259,5975,273925,5970,389754
2020-06-10 10:42:13.190000,5977.71,5980,287077,5985,304259,5975,273925,5970,389754
2020-06-10 10:42:13.390000,5977.71,5980,287077,5985,304259,5975,273925,5970,389754
2020-06-10 10:42:14.740000,5977.71,5980,287077,5985,304259,5975,273925,5970,396754
2020-06-10 10:42:15.860000,5977.71,5980,286977,5985,304259,5975,273825,5970,396754
2020-06-10 10:42:16.890000,5977.71,5980,286977,5985,304259,5975,273815,5970,396754
2020-06-10 10:42:17.990000,5977.69,5980,286977,5985,304259,5975,273840,5970,396754
2020-06-10 10:42:18.050000,5977.69,5980,286977,5985,304259,5975,273790,5970,396754
2020-06-10 10:42:20.110000,5977.69,5980,286977,5985,304259,5975,273790,5970,396754
2020-06-10 10:42:20.560000,5977.69,5980,286977,5985,304259,5975,273790,5970,396754
2020-06-10 10:42:21.050000,5977.69,5980,286977,5985,304259,5975,273840,5970,396787
2020-06-10 10:42:21.600000,5977.69,5980,292995,5985,298241,5975,273840,5970,396787
2020-06-10 10:42:22.420000,5977.69,5980,292995,5985,298241,5975,273840,5970,396812
2020-06-10 10:42:22.720000,5977.69,5980,302001,5985,298241,5975,273840,5970,396812
2020-06-10 10:42:23.220000,5977.69,5980,302001,5985,298241,5975,276216,5970,396812
2020-06-10 10:42:24.330000,5977.69,5980,265501,5985,334741,5975,376216,5970,396812
2020-06-10 10:42:24.550000,5977.69,5980,262277,5985,334741,5975,376216,5970,396812
2020-06-10 10:42:25.250000,5977.69,5980,82577,5985,374741,5975,376216,5970,396812
2020-06-10 10:42:25.690000,5977.69,5980,90577,5985,374741,5975,376216,5970,397512
2020-06-10 10:42:26.440000,5977.69,5980,40577,5985,374741,5975,376216,5970,397512
2020-06-10 10:42:26.660000,5977.69,5980,223009,5985,334741,5975,376216,5970,397512
2020-06-10 10:42:27.480000,5977.69,5980,223009,5985,334741,5975,376216,5970,397512
2020-06-10 10:42:27.580000,5977.69,5980,223009,5985,334741,5975,376216,5970,397429
2020-06-10 10:42:27.720000,5978.71,5980,223009,5985,334741,5975,376219,5970,397429
2020-06-10 10:42:28.800000,5979.74,5980,273009,5985,334741,5975,376219,5970,397429
2020-06-10 10:42:29.690000,5979.74,5980,273009,5985,334741,5975,376319,5970,397229
2020-06-10 10:42:31.650000,5979.74,5980,273009,5985,334741,5975,376319,5970,397229
2020-06-10 10:42:31.860000,5979.74,5980,273009,5985,334741,5975,376319,5970,397229
2020-06-10 10:42:34.260000,5979.74,5980,309509,5985,298241,5975,376319,5970,397229
2020-06-10 10:42:34.700000,5979.74,5980,273009,5985,334741,5975,376329,5970,397229
2020-06-10 10:42:35.390000,5979.74,5980,309509,5985,298241,5975,376329,5970,397229
2020-06-10 10:42:35.650000,5979.74,5980,309618,5985,298551,5975,378144,5970,397229
2020-06-10 10:42:36.400000,5979.74,5980,309618,5985,298551,5975,378244,5970,397432
2020-06-10 10:42:36.560000,5979.74,5980,309618,5985,298551,5975,378244,5970,397432
2020-06-10 10:42:37.610000,5979.74,5980,273118,5985,335051,5975,378244,5970,397432
2020-06-10 10:42:38.530000,5979.74,5980,309618,5985,298551,5975,378244,5970,397432
2020-06-10 10:42:38.680000,5978.69,5980,309618,5985,298551,5975,378244,5970,397442
2020-06-10 10:42:39.090000,5978.71,5980,309618,5985,298551,5975,378244,5970,398338
2020-06-10 10:42:39.530000,5978.71,5980,310018,5985,298551,5975,378244,5970,398338
2020-06-10 10:42:40.090000,5978.71,5980,310018,5985,298551,5975,378244,5970,398338
2020-06-10 10:42:40.640000,5978.71,5980,310018,5985,298551,5975,378244,5970,398338
2020-06-10 10:42:43.090000,5978.71,5980,310018,5985,298551,5975,378150,5970,398338
2020-06-10 10:42:43.790000,5978.71,5980,310018,5985,298551,5975,378150,5970,398338
2020-06-10 10:42:44.290000,5978.71,5980,310018,5985,298751,5975,378150,5970,398338
2020-06-10 10:42:44.900000,5978.71,5980,310018,5985,298751,5975,378160,5970,398338
2020-06-10 10:42:45.200000,5978.71,5980,310018,5985,298751,5975,377210,5970,398338
2020-06-10 10:42:46.020000,5978.71,5980,310018,5985,298751,5975,377210,5970,398436
2020-06-10 10:42:47.020000,5978.71,5980,310018,5985,298751,5975,277210,5970,398436
2020-06-10 10:42:48.010000,5978.71,5980,310018,5985,298751,5975,377210,5970,398536
2020-06-10 10:42:49.020000,5978.71,5980,306025,5985,298751,5975,377210,5970,398536
2020-06-10 10:42:50.650000,5978.71,5980,306025,5985,298751,5975,377110,5970,398536
2020-06-10 10:42:51.050000,5978.71,5980,306018,5985,298751,5975,377110,5970,398536
2020-06-10 10:42:51.590000,5978.71,5980,304621,5985,298751,5975,377110,5970,398636
2020-06-10 10:42:52.490000,5978.71,5980,304622,5985,298751,5975,377110,5970,398636
2020-06-10 10:42:53.230000,5978.71,5980,304622,5985,298751,5975,377110,5970,399636
2020-06-10 10:42:54.300000,5978.71,5980,304622,5985,298751,5975,377210,5970,399636
2020-06-10 10:42:54.430000,5978.71,5980,304572,5985,298752,5975,377210,5970,399636
2020-06-10 10:42:54.490000,5978.71,5980,304572,5985,298752,5975,377245,5970,399636
2020-06-10 10:42:54.660000,5978.71,5980,304572,5985,298752,5975,377145,5970,399636
2020-06-10 10:42:55.350000,5978.71,5980,304572,5985,298752,5975,377412,5970,399636
2020-06-10 10:42:55.690000,5978.71,5980,304572,5985,298752,5975,377612,5970,399638
2020-06-10 10:42:57.760000,5977.66,5980,268072,5985,335252,5975,377612,5970,399638
2020-06-10 10:42:58.510000,5977.69,5980,304572,5985,298752,5975,377612,5970,399638
2020-06-10 10:42:58.760000,5978.69,5980,304572,5985,298752,5975,377612,5970,399638
2020-06-10 10:42:59.550000,5978.69,5980,304572,5985,298752,5975,377612,5970,399638
2020-06-10 10:43:01.990000,5978.69,5980,304572,5985,298752,5975,377736,5970,399638
2020-06-10 10:43:04.070000,5978.69,5980,304572,5985,298752,5975,377684,5970,399638
2020-06-10 10:43:04.510000,5978.69,5980,268072,5985,335252,5975,377684,5970,399638
2020-06-10 10:43:05.050000,5978.69,5980,304572,5985,298752,5975,377684,5970,399638
2020-06-10 10:43:08.020000,5978.14,5980,304572,5985,298752,5975,377684,5970,400138
2020-06-10 10:43:08.390000,5977.69,5980,304572,5985,298752,5975,377584,5970,400138
2020-06-10 10:43:09.130000,5977.69,5980,304572,5985,298752,5975,376583,5970,400138
2020-06-10 10:43:09.390000,5977.69,5980,304572,5985,298752,5975,386583,5970,400138
2020-06-10 10:43:09.910000,5977.69,5980,304572,5985,298752,5975,386583,5970,400138
2020-06-10 10:43:10.250000,5977.14,5980,304572,5985,298752,5975,386683,5970,400138
2020-06-10 10:43:10.780000,5977.14,5980,304572,5985,298752,5975,386683,5970,400138
2020-06-10 10:43:11.910000,5977.14,5980,304572,5985,347296,5975,386683,5970,400138
2020-06-10 10:43:12.820000,5977.14,5980,304572,5985,298752,5975,386783,5970,400138
2020-06-10 10:43:13.270000,5977.14,5980,304572,5985,298752,5975,386783,5970,400138
2020-06-10 10:43:14.030000,5977.14,5980,304572,5985,347296,5975,386683,5970,400138
2020-06-10 10:43:14.250000,5977.14,5980,304572,5985,298752,5975,386683,5970,400138
2020-06-10 10:43:15.100000,5977.14,5980,304572,5985,298752,5975,386783,5970,400138
2020-06-10 10:43:15.550000,5977.14,5980,304572,5985,298752,5975,386683,5970,400138
2020-06-10 10:43:16.100000,5977.14,5980,304572,5985,298752,5975,386783,5970,400138
2020-06-10 10:43:16.720000,5977.14,5980,304572,5985,298752,5975,386683,5970,400138
2020-06-10 10:43:17.100000,5976.69,5980,304572,5985,298752,5975,386603,5970,400138
2020-06-10 10:43:17.780000,5976.69,5980,304572,5985,347296,5975,386603,5970,400138
2020-06-10 10:43:18.000000,5976.69,5980,304572,5985,347296,5975,386603,5970,400138
2020-06-10 10:43:18.880000,5976.69,5980,304572,5985,298752,5975,386603,5970,400138
2020-06-10 10:43:19.050000,5976.69,5980,304572,5985,298752,5975,386703,5970,400138
2020-06-10 10:43:19.890000,5976.69,5980,304572,5985,298752,5975,386703,5970,400138
2020-06-10 10:43:20.220000,5976.69,5980,304572,5985,298752,5975,386437,5970,400138
2020-06-10 10:43:21.250000,5976.69,5980,304572,5985,298752,5975,386437,5970,400138
2020-06-10 10:43:22.020000,5976.69,5980,304572,5985,298752,5975,386437,5970,400138
2020-06-10 10:43:23.450000,5976.69,5980,268072,5985,335252,5975,386437,5970,400138
2020-06-10 10:43:24.660000,5976.69,5980,268072,5985,335252,5975,385945,5970,400130
2020-06-10 10:43:24.840000,5976.69,5980,268072,5985,335252,5975,385945,5970,400130
2020-06-10 10:43:25.700000,5976.69,5980,268072,5985,335252,5975,385945,5970,400130
2020-06-10 10:43:26.060000,5976.69,5980,304624,5985,298752,5975,385945,5970,400130
2020-06-10 10:43:26.560000,5976.69,5980,268124,5985,335252,5975,385723,5970,400130
2020-06-10 10:43:27.390000,5977.69,5980,304624,5985,298752,5975,385723,5970,400130
2020-06-10 10:43:27.700000,5978.71,5980,304624,5985,298752,5975,385893,5970,400130
2020-06-10 10:43:28.000000,5978.71,5980,304624,5985,298752,5975,386193,5970,400130
2020-06-10 10:43:28.590000,5978.71,5980,304624,5985,298802,5975,386193,5970,400130
2020-06-10 10:43:29.420000,5979.26,5980,304624,5985,298802,5975,386199,5970,400124
2020-06-10 10:43:29.540000,5979.26,5980,304624,5985,298802,5975,386199,5970,400124
2020-06-10 10:43:30.420000,5979.26,5980,304624,5985,298802,5975,386209,5970,400124
2020-06-10 10:43:31.650000,5979.26,5980,268124,5985,335302,5975,386209,5970,400124
2020-06-10 10:43:32.540000,5979.26,5980,268124,5985,335302,5975,386211,5970,400124
2020-06-10 10:43:32.790000,5979.26,5980,268124,5985,335302,5975,386211,5970,400124
2020-06-10 10:43:33.590000,5979.26,5980,304624,5985,298802,5975,386211,5970,400124
2020-06-10 10:43:33.860000,5979.26,5980,268124,5985,335302,5975,386211,5970,400124
2020-06-10 10:43:35.710000,5979.26,5980,304594,5985,298802,5975,386211,5970,400124
2020-06-10 10:43:35.850000,5979.26,5980,304595,5985,298803,5975,386210,5970,400124
2020-06-10 10:43:36.090000,5979.26,5980,304595,5985,298803,5975,386310,5970,400124
2020-06-10 10:43:37.890000,5978.71,5980,304595,5985,298803,5975,386310,5970,400138
2020-06-10 10:43:38.980000,5979.16,5980,268095,5985,335303,5975,386310,5970,400138
2020-06-10 10:43:39.430000,5979.16,5980,304595,5985,298803,5975,386292,5970,400138
2020-06-10 10:43:40.290000,5978.71,5980,304595,5985,298803,5975,386292,5970,400138
2020-06-10 10:43:40.950000,5978.71,5980,268095,5985,335303,5975,386292,5970,400138
2020-06-10 10:43:41.350000,5978.71,5980,268096,5985,335304,5975,386203,5970,400138
2020-06-10 10:43:42.070000,5978.71,5980,304596,5985,298804,5975,386203,5970,400138
2020-06-10 10:43:43.120000,5978.71,5980,304596,5985,298804,5975,386203,5970,408158
2020-06-10 10:43:43.560000,5978.71,5980,304596,5985,298804,5975,386303,5970,408158
2020-06-10 10:43:44.700000,5978.71,5980,304596,5985,298804,5975,386303,5970,408158
2020-06-10 10:43:45.120000,5978.71,5980,268096,5985,335304,5975,386303,5970,408158
2020-06-10 10:43:45.650000,5978.71,5980,268096,5985,335304,5975,389803,5970,408158
2020-06-10 10:43:46.730000,5978.71,5980,304596,5985,298804,5975,389803,5970,408158
2020-06-10 10:43:47.840000,5978.74,5980,304597,5985,298805,5975,389803,5970,408158
2020-06-10 10:43:48.990000,5978.29,5980,304597,5985,298805,5975,389803,5970,400258
2020-06-10 10:43:49.580000,5978.29,5980,304597,5985,298805,5975,389803,5970,400258
2020-06-10 10:43:50.440000,5978.24,5980,304597,5985,298805,5975,389806,5970,400258
2020-06-10 10:43:50.480000,5978.24,5980,304597,5985,298805,5975,389808,5970,400258
2020-06-10 10:43:51.580000,5978.24,5980,304597,5985,298805,5975,389808,5970,400260
2020-06-10 10:43:52.510000,5978.24,5980,304597,5985,298805,5975,289713,5970,400260
2020-06-10 10:43:52.630000,5978.24,5980,304597,5985,298805,5975,289813,5970,400260
2020-06-10 10:43:53.580000,5978.24,5980,304597,5985,298805,5975,289813,5970,400260
2020-06-10 10:43:54.050000,5978.24,5980,304597,5985,298805,5975,289813,5970,400260
2020-06-10 10:43:54.900000,5978.24,5980,304597,5985,298805,5975,289313,5970,403260
2020-06-10 10:43:55.290000,5978.24,5980,304597,5985,298805,5975,289313,5970,403263
2020-06-10 10:43:55.960000,5978.24,5980,304597,5985,298805,5975,389313,5970,403263
2020-06-10 10:43:57.190000,5978.24,5980,304597,5985,298805,5975,389313,5970,403263
2020-06-10 10:43:57.820000,5977.69,5980,304597,5985,298805,5975,389313,5970,403264
2020-06-10 10:43:58.780000,5977.69,5980,304597,5985,298810,5975,389313,5970,403264
2020-06-10 10:43:58.820000,5977.69,5980,304597,5985,298810,5975,389313,5970,403264
2020-06-10 10:43:58.930000,5977.69,5980,304597,5985,298810,5975,389313,5970,403264
2020-06-10 10:43:59.720000,5977.69,5980,304597,5985,298810,5975,389313,5970,403269
2020-06-10 10:44:00.720000,5977.69,5980,304597,5985,298810,5975,389313,5970,403269
2020-06-10 10:44:01.220000,5977.69,5980,304597,5985,298810,5975,389313,5970,403269
2020-06-10 10:44:01.960000,5977.69,5980,304597,5985,298810,5975,389313,5970,403269
2020-06-10 10:44:02.330000,5977.69,5980,304597,5985,298810,5975,389313,5970,403269
2020-06-10 10:44:05.550000,5977.69,5980,304597,5985,298810,5975,389313,5970,403269
2020-06-10 10:44:05.890000,5977.69,5980,304597,5985,298810,5975,389313,5970,403269
2020-06-10 10:44:06.920000,5977.69,5980,304597,5985,298810,5975,389213,5970,403269
2020-06-10 10:44:07.770000,5978.71,5980,304597,5985,347354,5975,389213,5970,403269
2020-06-10 10:44:08.130000,5978.26,5980,304597,5985,347354,5975,389213,5970,403269
2020-06-10 10:44:08.920000,5978.24,5980,304597,5985,347354,5975,389213,5970,403269
2020-06-10 10:44:09.250000,5977.21,5980,304597,5985,347354,5975,289253,5970,403269
2020-06-10 10:44:09.520000,5977.21,5980,304597,5985,347354,5975,289253,5970,403269
2020-06-10 10:44:10.480000,5977.21,5980,304597,5985,347354,5975,237500,5970,403269
2020-06-10 10:44:10.750000,5977.21,5980,304597,5985,347354,5975,161000,5970,479769
2020-06-10 10:44:11.450000,5977.21,5980,304597,5985,347354,5975,199442,5970,443269
2020-06-10 10:44:11.610000,5977.21,5980,304597,5985,347354,5975,239442,5970,403269
2020-06-10 10:44:12.530000,5977.21,5980,304597,5985,347354,5970,479769,5965,381171
2020-06-10 10:44:12.620000,5977.21,5980,304597,5985,347354,5975,20,5970,479769
2020-06-10 10:44:13.000000,5977.21,5980,304597,5985,347354,5975,25,5970,479764
2020-06-10 10:44:14.140000,5977.21,5980,304597,5985,347411,5975,25,5970,479764
2020-06-10 10:44:15.200000,5977.21,5980,304597,5985,347411,5975,25,5970,479764
2020-06-10 10:44:15.560000,5977.21,5980,304597,5985,347411,5975,227926,5970,403264
2020-06-10 10:44:16.230000,5977.21,5980,304597,5985,347411,5975,227826,5970,403264
2020-06-10 10:44:16.450000,5977.21,5980,304713,5985,347411,5975,7726,5970,479764
2020-06-10 10:44:16.720000,5977.21,5980,304713,5985,347411,5975,8001,5970,479764
2020-06-10 10:44:17.060000,5977.21,5980,304713,5985,347411,5975,188001,5970,443264
2020-06-10 10:44:17.830000,5975.63,5980,304713,5985,347411,5975,151501,5970,479764
2020-06-10 10:44:18.060000,5975.63,5980,304713,5985,347411,5975,8201,5970,479764
2020-06-10 10:44:19.360000,5975.63,5980,304713,5985,347411,5975,8301,5970,479764
2020-06-10 10:44:20.480000,5975.6,5980,304713,5985,347411,5975,8201,5970,479764
2020-06-10 10:44:20.680000,5975.6,5980,304714,5985,347411,5975,8201,5970,479764
2020-06-10 10:44:21.510000,5975.6,5980,304714,5985,347411,5975,201,5970,479764
2020-06-10 10:44:21.730000,5975.6,5975,191618,5980,264714,5970,471764,5965,381171
2020-06-10 10:44:22.610000,5975.6,5975,191568,5980,264819,5970,471764,5965,381171
2020-06-10 10:44:22.760000,5975.6,5975,225835,5980,264819,5970,471764,5965,381171
2020-06-10 10:44:23.150000,5975.6,5975,224835,5980,264819,5970,471764,5965,381171
2020-06-10 10:44:25.250000,5975.6,5975,224835,5980,264919,5970,471764,5965,381171
2020-06-10 10:44:25.400000,5975.6,5975,224835,5980,264919,5970,471864,5965,381171
2020-06-10 10:44:26.620000,5975.6,5975,224835,5980,264959,5970,471864,5965,381171
2020-06-10 10:44:27.350000,5974.15,5975,224835,5980,264964,5970,471864,5965,381171
2020-06-10 10:44:28.650000,5974.05,5975,58000,5980,304964,5970,471864,5965,381171
2020-06-10 10:44:30.490000,5974.6,5975,224835,5980,264964,5970,471864,5965,381171
2020-06-10 10:44:30.740000,5974.6,5975,224835,5980,264964,5970,471864,5965,381171
2020-06-10 10:44:31.570000,5974.6,5975,224785,5980,264964,5970,471864,5965,381171
2020-06-10 10:44:31.730000,5974.6,5975,224885,5980,264964,5970,471864,5965,381171
2020-06-10 10:44:32.060000,5974.6,5975,224885,5980,266779,5970,471864,5965,381171
2020-06-10 10:44:33.510000,5974.6,5975,224885,5980,266779,5970,471868,5965,381171
2020-06-10 10:44:34.120000,5974.6,5975,224885,5980,266779,5970,471968,5965,381171
2020-06-10 10:44:34.790000,5974.6,5975,223880,5980,266779,5970,471468,5965,381171
2020-06-10 10:44:35.290000,5974.6,5975,223880,5980,266779,5970,471468,5965,381171
2020-06-10 10:44:36.650000,5974.6,5975,223880,5980,266779,5970,471470,5965,381171
2020-06-10 10:44:38.190000,5974.6,5975,223880,5980,266779,5970,471590,5965,381181
2020-06-10 10:44:38.990000,5974.6,5975,223880,5980,266779,5970,471590,5965,381181
2020-06-10 10:44:39.980000,5974.15,5975,223975,5980,266779,5970,471590,5965,381181
2020-06-10 10:44:41.060000,5974.15,5975,223875,5980,266779,5970,471590,5965,381181
2020-06-10 10:44:41.250000,5974.15,5975,223875,5980,266779,5970,471590,5965,381186
2020-06-10 10:44:43.190000,5974.15,5975,57040,5980,306779,5970,471538,5965,381186
2020-06-10 10:44:43.340000,5974.15,5975,58195,5980,306779,5970,471538,5965,381186
2020-06-10 10:44:44.200000,5974.15,5975,8195,5980,306779,5970,471538,5965,381186
2020-06-10 10:44:44.360000,5974.15,5975,8195,5980,306779,5970,472038,5965,381186
2020-06-10 10:44:44.890000,5974.15,5975,8175,5980,306779,5970,472038,5965,381186
2020-06-10 10:44:45.340000,5974.15,5975,8195,5980,306779,5970,472038,5965,381186
2020-06-10 10:44:47.000000,5973.6,5975,75,5980,306779,5970,472038,5965,381186
2020-06-10 10:44:47.470000,5973.6,5980,306779,5985,347411,5975,227825,5970,403538
2020-06-10 10:44:47.790000,5974.6,5980,306779,5985,347411,5975,227841,5970,403538
2020-06-10 10:44:48.190000,5974.6,5980,306779,5985,347411,5975,228346,5970,403538
2020-06-10 10:44:48.940000,5974.6,5980,306779,5985,347411,5975,231607,5970,403538
2020-06-10 10:44:49.060000,5976.63,5980,306779,5985,347411,5975,231607,5970,403538
2020-06-10 10:44:50.040000,5976.63,5980,306779,5985,347411,5975,228346,5970,403538
2020-06-10 10:44:51.000000,5976.63,5980,306779,5985,347411,5975,229827,5970,403538
2020-06-10 10:44:51.170000,5976.63,5980,306779,5985,347411,5975,228346,5970,403538
2020-06-10 10:44:51.540000,5976.63,5980,306779,5985,347411,5975,231607,5970,403538
2020-06-10 10:44:52.060000,5976.63,5980,306779,5985,347411,5975,231607,5970,403538
2020-06-10 10:44:53.110000,5976.63,5980,306779,5985,347411,5975,228346,5970,403538
2020-06-10 10:44:54.250000,5976.63,5980,306779,5985,347411,5975,8621,5970,480038
2020-06-10 10:44:54.430000,5976.63,5980,306779,5985,347411,5975,231042,5970,403538
2020-06-10 10:44:56.950000,5976.63,5980,306779,5985,347411,5975,231042,5970,403538
2020-06-10 10:44:59.350000,5976.05,5980,306779,5985,347411,5975,231042,5970,403638
2020-06-10 10:44:59.760000,5976.05,5980,306779,5985,347411,5975,230142,5970,403638
2020-06-10 10:45:00.980000,5976.08,5980,306779,5985,347411,5975,230142,5970,403638
2020-06-10 10:45:01.230000,5976.08,5980,306779,5985,347411,5975,230142,5970,405538
2020-06-10 10:45:03.070000,5976.08,5980,306779,5985,298867,5975,280142,5970,405538
2020-06-10 10:45:03.320000,5976.08,5980,306779,5985,298867,5975,280042,5970,405538
2020-06-10 10:45:04.120000,5976.08,5980,306779,5985,298867,5975,280042,5970,405538
2020-06-10 10:45:04.450000,5976.08,5980,306779,5985,298867,5975,280042,5970,405638
2020-06-10 10:45:06.240000,5976.08,5980,306779,5985,347411,5975,280042,5970,405638
2020-06-10 10:45:07.900000,5977.66,5980,306779,5985,347411,5975,280042,5970,405639
2020-06-10 10:45:08.690000,5976.63,5980,306779,5985,298867,5975,280042,5970,405639
2020-06-10 10:45:10.260000,5977.63,5980,306779,5985,298867,5975,280043,5970,405641
2020-06-10 10:45:11.010000,5977.63,5980,306779,5985,298867,5975,280043,5970,405641
2020-06-10 10:45:11.180000,5977.63,5980,306779,5985,298867,5975,280043,5970,405641
2020-06-10 10:45:11.990000,5977.63,5980,306779,5985,298867,5975,279543,5970,405641
2020-06-10 10:45:13.190000,5977.63,5980,306779,5985,298867,5975,278543,5970,405641
2020-06-10 10:45:14.190000,5977.63,5980,306779,5985,298867,5975,278643,5970,405641
2020-06-10 10:45:14.320000,5977.63,5980,306779,5985,298867,5975,279043,5970,405641
2020-06-10 10:45:16.320000,5977.63,5980,306779,5985,298867,5975,279043,5970,405641
2020-06-10 10:45:16.580000,5977.63,5980,307279,5985,298867,5975,279043,5970,405641
2020-06-10 10:45:17.380000,5977.63,5980,307279,5985,298867,5975,279043,5970,405641
2020-06-10 10:45:19.890000,5977.63,5980,307276,5985,298867,5975,379043,5970,405641
2020-06-10 10:45:20.550000,5977.63,5980,305461,5985,298867,5975,379043,5970,405641
2020-06-10 10:45:21.020000,5977.63,5980,305461,5985,298867,5975,379043,5970,405641
2020-06-10 10:45:21.420000,5977.63,5980,305461,5985,298867,5975,379043,5970,405641
2020-06-10 10:45:22.160000,5977.63,5980,305461,5985,298867,5975,379930,5970,405641
2020-06-10 10:45:23.220000,5977.63,5980,305461,5985,298867,5975,379930,5970,405641
2020-06-10 10:45:24.800000,5977.63,5980,305261,5985,298867,5975,379930,5970,405641
2020-06-10 10:45:25.440000,5977.63,5980,305261,5985,298867,5975,379930,5970,405641
2020-06-10 10:45:25.640000,5977.63,5980,305261,5985,298867,5975,379930,5970,405641
2020-06-10 10:45:25.860000,5977.63,5980,305261,5985,298870,5975,379932,5970,405641
2020-06-10 10:45:26.920000,5978.66,5980,305232,5985,298870,5975,379932,5970,405641
2020-06-10 10:45:27.090000,5978.69,5980,305182,5985,298870,5975,379932,5970,405641
2020-06-10 10:45:27.990000,5978.24,5980,305182,5985,298870,5975,379932,5970,405641
2020-06-10 10:45:28.590000,5978.69,5980,305182,5985,298871,5975,379932,5970,405641
2020-06-10 10:45:29.230000,5978.69,5980,305182,5985,298872,5975,379932,5970,405691
2020-06-10 10:45:30.080000,5978.69,5980,305182,5985,298872,5975,379932,5970,405523
2020-06-10 10:45:30.170000,5978.24,5980,305582,5985,298872,5975,279932,5970,405523
2020-06-10 10:45:30.270000,5978.24,5980,305581,5985,298872,5975,279932,5970,405523
2020-06-10 10:45:31.280000,5978.24,5980,305581,5985,298872,5975,379932,5970,405523
2020-06-10 10:45:31.620000,5978.24,5980,305581,5985,298872,5975,379937,5970,405523
2020-06-10 10:45:32.040000,5978.24,5980,306081,5985,298872,5975,379937,5970,405523
2020-06-10 10:45:34.390000,5978.24,5980,306081,5985,298872,5975,380027,5970,404533
2020-06-10 10:45:34.720000,5978.24,5980,306081,5985,298872,5975,380027,5970,404533
2020-06-10 10:45:35.170000,5978.24,5980,263563,5985,335372,5975,386527,5970,404533
2020-06-10 10:45:35.870000,5978.24,5980,263479,5985,335372,5975,386547,5970,404533
2020-06-10 10:45:36.090000,5978.24,5980,263475,5985,335373,5975,386547,5970,404533
2020-06-10 10:45:36.920000,5978.24,5980,299975,5985,298873,5975,386597,5970,404533
2020-06-10 10:45:37.070000,5978.24,5980,263475,5985,335373,5975,387097,5970,404533
2020-06-10 10:45:37.390000,5978.24,5980,263474,5985,335373,5975,387097,5970,404533
2020-06-10 10:45:38.460000,5978.71,5980,263474,5985,335373,5975,387097,5970,404333
2020-06-10 10:45:38.610000,5979.16,5980,263474,5985,335373,5975,387297,5970,404333
2020-06-10 10:45:39.640000,5979.16,5980,299974,5985,298873,5975,387297,5970,404333
2020-06-10 10:45:40.650000,5978.69,5980,299974,5985,298873,5975,387297,5970,404333
2020-06-10 10:45:44.790000,5978.69,5980,299974,5985,298873,5975,387297,5970,404333
2020-06-10 10:45:45.620000,5978.69,5980,299874,5985,298873,5975,387297,5970,404333
2020-06-10 10:45:46.420000,5978.69,5980,299869,5985,298873,5975,387297,5970,404333
2020-06-10 10:45:46.820000,5978.69,5980,299869,5985,347417,5975,387297,5970,404333
2020-06-10 10:45:47.260000,5978.69,5980,299869,5985,347417,5975,387297,5970,404333
2020-06-10 10:45:47.620000,5978.69,5980,299869,5985,298873,5975,387297,5970,404333
2020-06-10 10:45:48.460000,5978.69,5980,299869,5985,347417,5975,387297,5970,404333
2020-06-10 10:45:48.680000,5978.14,5980,299869,5985,298873,5975,287297,5970,404333
2020-06-10 10:45:49.490000,5977.69,5980,299869,5985,347417,5975,287297,5970,404333
2020-06-10 10:45:49.870000,5977.11,5980,299869,5985,347417,5975,287297,5970,404433
2020-06-10 10:45:50.320000,5977.11,5980,299919,5985,347417,5975,287297,5970,404433
2020-06-10 10:45:51.050000,5977.11,5980,299919,5985,347417,5975,287297,5970,404443
2020-06-10 10:45:53.180000,5977.11,5980,299919,5985,298873,5975,287297,5970,404443
2020-06-10 10:45:53.490000,5977.11,5980,299919,5985,298873,5975,287297,5970,404544
2020-06-10 10:45:54.230000,5977.11,5980,299919,5985,347417,5975,287297,5970,404544
2020-06-10 10:45:55.400000,5977.11,5980,299919,5985,298873,5975,287297,5970,404544
2020-06-10 10:45:55.650000,5977.11,5980,299919,5985,347417,5975,287297,5970,404544
2020-06-10 10:45:57.290000,5976.66,5980,299919,5985,347417,5975,287297,5970,404544
2020-06-10 10:45:59.190000,5976.69,5980,299919,5985,347417,5975,14861,5970,481044
2020-06-10 10:45:59.960000,5976.69,5975,149474,5980,259899,5970,481044,5965,380399
2020-06-10 10:46:00.460000,5974.6,5975,146213,5980,259899,5970,473044,5965,380399
2020-06-10 10:46:01.540000,5974.6,5975,243974,5980,223399,5970,473044,5965,380399
2020-06-10 10:46:01.770000,5974.6,5975,207474,5980,259899,5970,473044,5965,380416
2020-06-10 10:46:02.600000,5974.6,5975,204213,5980,259899,5970,473044,5965,380416
2020-06-10 10:46:02.960000,5974.6,5975,204213,5980,259899,5970,473044,5965,380416
2020-06-10 10:46:04.130000,5974.6,5975,58000,5980,302214,5970,473044,5965,380416
2020-06-10 10:46:04.280000,5974.6,5975,58000,5980,302214,5970,473044,5965,380416
2020-06-10 10:46:05.170000,5974.6,5975,8000,5980,302214,5970,473044,5965,380416
2020-06-10 10:46:05.690000,5974.6,5975,157474,5980,262214,5970,473044,5965,380416
2020-06-10 10:46:06.160000,5974.6,5975,11261,5980,302214,5970,473044,5965,380416
2020-06-10 10:46:06.660000,5974.6,5975,8000,5980,302214,5970,473044,5965,380416
2020-06-10 10:46:07.830000,5974.02,5975,8000,5980,302214,5970,473094,5965,380416
2020-06-10 10:46:07.940000,5974.57,5975,157474,5980,262214,5970,473094,5965,380416
2020-06-10 10:46:08.160000,5974.63,5975,157574,5980,262214,5970,473099,5965,380426
2020-06-10 10:46:09.160000,5974.63,5975,207574,5980,262214,5970,473099,5965,380426
2020-06-10 10:46:10.100000,5973.57,5975,207574,5980,262214,5970,473099,5965,380426
2020-06-10 10:46:11.020000,5973.57,5975,207569,5980,262214,5970,473100,5965,380426
2020-06-10 10:46:11.080000,5973.57,5975,207569,5980,262214,5970,473100,5965,380426
2020-06-10 10:46:11.860000,5973.57,5975,58095,5980,302214,5970,473100,5965,380426
2020-06-10 10:46:12.390000,5973.57,5975,164313,5980,302214,5970,473100,5965,380426
2020-06-10 10:46:13.110000,5973.57,5975,58100,5980,302214,5970,473110,5965,380426
2020-06-10 10:46:13.500000,5973.57,5975,58100,5980,302214,5970,473010,5965,380431
2020-06-10 10:46:15.250000,5973.57,5975,58100,5980,302214,5970,473010,5965,380432
2020-06-10 10:46:16.310000,5973.57,5975,58100,5980,302214,5970,473010,5965,380432
2020-06-10 10:46:16.470000,5973.57,5975,8100,5980,302214,5970,473010,5965,380437
2020-06-10 10:46:17.340000,5973.57,5975,8100,5980,302214,5970,473010,5965,380437
2020-06-10 10:46:17.750000,5974.6,5975,8100,5980,302214,5970,473010,5965,380437
2020-06-10 10:46:17.980000,5974.6,5975,8100,5980,302214,5970,473010,5965,380437
2020-06-10 10:46:18.470000,5974.6,5975,8100,5980,302214,5970,473010,5965,380437
2020-06-10 10:46:18.860000,5974.6,5975,157221,5980,263101,5970,473010,5965,380437
2020-06-10 10:46:19.330000,5974.6,5975,207221,5980,263101,5970,473010,5965,380437
2020-06-10 10:46:19.720000,5974.6,5975,207226,5980,263131,5970,473010,5965,380437
2020-06-10 10:46:20.610000,5974.57,5975,207226,5980,263131,5970,473911,5965,380453
2020-06-10 10:46:21.690000,5974.57,5975,207226,5980,263131,5970,473859,5965,380453
2020-06-10 10:46:22.620000,5974.57,5975,207226,5980,263131,5970,473860,5965,380453
2020-06-10 10:46:23.090000,5974.57,5975,207226,5980,263131,5970,473860,5965,380453
2020-06-10 10:46:23.890000,5974.57,5975,207221,5980,263131,5970,473860,5965,380453
2020-06-10 10:46:26.340000,5974.57,5975,207221,5980,263131,5970,473860,5965,380453
2020-06-10 10:46:27.750000,5974.57,5975,207221,5980,263131,5970,473890,5965,380453
2020-06-10 10:46:28.430000,5974.57,5975,208223,5980,263131,5970,473890,5965,380453
2020-06-10 10:46:28.500000,5974.57,5975,208223,5980,263131,5970,473890,5965,380453
2020-06-10 10:46:28.960000,5974.12,5975,244722,5980,226631,5970,473890,5965,380453
2020-06-10 10:46:29.790000,5974.12,5975,244722,5980,226631,5970,473890,5965,380453
2020-06-10 10:46:30.740000,5973.57,5975,244722,5980,226631,5970,473890,5965,380454
2020-06-10 10:46:32.060000,5973.57,5975,208222,5980,263131,5970,473905,5965,380454
2020-06-10 10:46:32.620000,5973.57,5975,208222,5980,263131,5970,473905,5965,380464
2020-06-10 10:46:33.040000,5973.57,5975,208222,5980,263131,5970,473946,5965,380464
2020-06-10 10:46:33.450000,5973.57,5975,244722,5980,226631,5970,473946,5965,380464
2020-06-10 10:46:34.420000,5973.57,5975,244717,5980,226631,5970,473954,5965,380464
2020-06-10 10:46:34.740000,5973.57,5975,244717,5980,226631,5970,473854,5965,380464
2020-06-10 10:46:35.150000,5973.57,5975,244717,5980,226631,5970,474054,5965,380464
2020-06-10 10:46:36.020000,5973.57,5975,244717,5980,226631,5970,473975,5965,380464
2020-06-10 10:46:36.850000,5973.57,5975,244717,5980,226631,5970,473985,5965,380464
2020-06-10 10:46:37.320000,5973.57,5975,244717,5980,226631,5970,473891,5965,380464
2020-06-10 10:46:37.810000,5973.57,5975,244717,5980,226631,5970,473893,5965,380464
2020-06-10 10:46:38.260000,5972.09,5975,244717,5980,226631,5970,473893,5965,380464
2020-06-10 10:46:38.760000,5972.09,5975,244717,5980,226631,5970,473893,5965,380469
2020-06-10 10:46:39.950000,5972.54,5975,244715,5980,226631,5970,473900,5965,380469
2020-06-10 10:46:40.160000,5972.54,5975,244715,5980,226631,5970,474000,5965,380469
2020-06-10 10:46:40.320000,5972.54,5975,244981,5980,226631,5970,474000,5965,380471
2020-06-10 10:46:41.010000,5972.54,5975,244981,5980,226631,5970,474050,5965,380471
2020-06-10 10:46:42.460000,5972.54,5975,244981,5980,226631,5970,474050,5965,380491
2020-06-10 10:46:44.990000,5972.54,5975,244981,5980,226631,5970,474050,5965,380491
2020-06-10 10:46:45.790000,5972.54,5975,244981,5980,226631,5970,473950,5965,380491
2020-06-10 10:46:46.100000,5972.54,5975,244981,5980,226631,5970,474050,5965,380491
2020-06-10 10:46:46.850000,5972.54,5975,244981,5980,226631,5970,477911,5965,380491
2020-06-10 10:46:47.290000,5972.54,5975,244981,5980,226631,5970,477876,5965,380491
2020-06-10 10:46:47.910000,5972.51,5975,244981,5980,226631,5970,477876,5965,380491
2020-06-10 10:46:50.690000,5972.57,5975,244981,5980,226631,5970,477776,5965,380491
2020-06-10 10:46:51.610000,5972.57,5975,244981,5980,226631,5970,477776,5965,380491
2020-06-10 10:46:51.790000,5972.57,5975,244981,5980,226631,5970,477781,5965,380491
2020-06-10 10:46:52.100000,5972.57,5975,244981,5980,306631,5970,477781,5965,380711
2020-06-10 10:46:52.820000,5972.57,5975,244981,5980,306631,5970,477781,5965,380711
2020-06-10 10:46:53.720000,5972.57,5975,244981,5980,306631,5970,477781,5965,380711
2020-06-10 10:46:54.020000,5972.57,5975,244981,5980,306631,5970,476885,5965,380711
2020-06-10 10:46:54.820000,5972.57,5975,244981,5980,306631,5970,476895,5965,380711
2020-06-10 10:46:56.380000,5972.57,5975,244981,5980,306631,5970,475812,5965,380711
2020-06-10 10:46:57.420000,5972.57,5975,244981,5980,306631,5970,475895,5965,380711
2020-06-10 10:46:57.520000,5972.57,5975,244981,5980,306631,5970,476999,5965,380711
2020-06-10 10:46:57.890000,5972.51,5975,244981,5980,306631,5970,477002,5965,380712
2020-06-10 10:46:58.990000,5971.51,5975,244981,5980,306631,5970,477013,5965,380712
2020-06-10 10:46:59.490000,5971.51,5975,244981,5980,306631,5970,477003,5965,381022
2020-06-10 10:47:01.130000,5971.51,5975,244981,5980,306631,5970,477210,5965,381022
2020-06-10 10:47:01.520000,5971.51,5975,244981,5980,306631,5970,477210,5965,381022
2020-06-10 10:47:02.190000,5971.51,5975,244981,5980,306631,5970,475210,5965,381022
2020-06-10 10:47:02.550000,5971.51,5975,245008,5980,355175,5970,287607,5965,417522
2020-06-10 10:47:03.250000,5971.51,5975,244981,5980,355175,5970,288711,5965,417522
2020-06-10 10:47:04.250000,5971.51,5975,244981,5980,355175,5970,288711,5965,417523
2020-06-10 10:47:04.890000,5971.51,5975,244981,5980,355175,5970,288711,5965,417523
2020-06-10 10:47:05.870000,5971.51,5975,244981,5980,355175,5970,287607,5965,417523
2020-06-10 10:47:05.970000,5971.51,5975,244961,5980,306631,5970,325311,5965,381023
2020-06-10 10:47:06.330000,5971.51,5975,244961,5980,306631,5970,326211,5965,381023
2020-06-10 10:47:07.470000,5971.54,5975,244961,5980,306631,5970,326311,5965,381023
2020-06-10 10:47:07.640000,5971.54,5975,244961,5980,355175,5970,289711,5965,417523
2020-06-10 10:47:08.120000,5971.09,5975,244961,5980,355175,5970,105307,5965,457523
2020-06-10 10:47:08.450000,5971.51,5975,244961,5980,355175,5970,248607,5965,457523
2020-06-10 10:47:08.830000,5971.54,5975,244961,5980,355175,5970,248607,5965,457523
2020-06-10 10:47:09.620000,5971.54,5975,244961,5980,355175,5970,105607,5965,460784
2020-06-10 10:47:09.840000,5971.54,5975,244961,5980,355175,5970,105607,5965,460784
2020-06-10 10:47:10.290000,5970.48,5975,244961,5980,355175,5970,103450,5965,460784
2020-06-10 10:47:10.720000,5970.48,5975,244961,5980,355175,5970,103622,5965,460784
2020-06-10 10:47:11.080000,5970.48,5975,244961,5980,355175,5970,103620,5965,460784
2020-06-10 10:47:11.700000,5970.48,5975,244961,5980,355175,5970,103620,5965,460834
2020-06-10 10:47:12.790000,5970.48,5975,244962,5980,355175,5970,298281,5965,420834
2020-06-10 10:47:13.010000,5970.48,5975,244862,5980,355175,5970,298181,5965,420834
2020-06-10 10:47:14.150000,5970.48,5975,244862,5980,355175,5970,298167,5965,420848
2020-06-10 10:47:14.920000,5970.48,5975,244862,5980,355145,5970,298167,5965,420850
2020-06-10 10:47:15.040000,5970.48,5975,244862,5980,355145,5970,298167,5965,420900
2020-06-10 10:47:15.890000,5970.48,5975,244862,5980,355145,5970,298167,5965,420900
2020-06-10 10:47:16.630000,5970.48,5975,244862,5980,355145,5970,298251,5965,420899
2020-06-10 10:47:17.400000,5970.48,5975,244862,5980,355145,5970,298249,5965,420899
2020-06-10 10:47:19.250000,5970.51,5975,244862,5980,355145,5970,114852,5965,460899
2020-06-10 10:47:19.660000,5970.51,5975,244862,5980,355145,5970,298302,5965,420899
2020-06-10 10:47:19.960000,5970.51,5975,244862,5980,355145,5970,298202,5965,420899
2020-06-10 10:47:20.940000,5970.51,5975,244862,5980,355145,5970,298200,5965,420901
2020-06-10 10:47:22.220000,5970.51,5975,244862,5980,355145,5970,298200,5965,420901
2020-06-10 10:47:22.940000,5970.51,5975,244862,5980,355145,5970,114900,5965,460901
2020-06-10 10:47:23.100000,5970.51,5975,244862,5980,355145,5970,114800,5965,460901
2020-06-10 10:47:23.220000,5970.51,5975,244862,5980,355145,5970,114801,5965,460901
2020-06-10 10:47:24.560000,5970.51,5975,244862,5980,354745,5970,298401,5965,420901
2020-06-10 10:47:24.720000,5970.51,5975,244862,5980,354745,5970,298301,5965,420901
2020-06-10 10:47:25.600000,5970.51,5975,244862,5980,354745,5970,298506,5965,420901
2020-06-10 10:47:26.580000,5970.51,5975,244862,5980,354745,5970,298506,5965,420901
2020-06-10 10:47:26.750000,5970.48,5975,244862,5980,355245,5970,298506,5965,420901
2020-06-10 10:47:27.050000,5970.48,5975,245462,5980,355245,5970,258506,5965,460901
2020-06-10 10:47:27.550000,5970.48,5975,245462,5980,355245,5970,115206,5965,460901
2020-06-10 10:47:28.190000,5970.48,5975,245462,5980,355245,5970,258406,5965,460901
2020-06-10 10:47:28.420000,5970.48,5975,245462,5980,355245,5970,115106,5965,460903
2020-06-10 10:47:29.300000,5970.48,5975,245462,5980,355245,5970,298386,5965,420903
2020-06-10 10:47:29.550000,5970.48,5975,245462,5980,355245,5970,258386,5965,460903
2020-06-10 10:47:30.300000,5970.48,5975,245462,5980,355245,5970,298386,5965,420908
2020-06-10 10:47:30.450000,5970.48,5975,245462,5980,355245,5970,258386,5965,460908
2020-06-10 10:47:31.340000,5970.48,5975,245462,5980,355245,5970,298386,5965,420908
2020-06-10 10:47:31.560000,5970.48,5975,245462,5980,355245,5970,298191,5965,420908
2020-06-10 10:47:32.390000,5970.48,5975,245462,5980,355245,5970,298291,5965,420908
2020-06-10 10:47:32.580000,5970.48,5975,245462,5980,355245,5970,298291,5965,420908
2020-06-10 10:47:32.830000,5970.48,5975,245462,5980,355245,5970,298291,5965,420908
2020-06-10 10:47:33.970000,5970.48,5975,245462,5980,355245,5970,298291,5965,420908
2020-06-10 10:47:34.160000,5970.48,5975,245462,5980,355245,5970,299959,5965,420908
2020-06-10 10:47:35.550000,5970.48,5975,245462,5980,355245,5970,299792,5965,420908
2020-06-10 10:47:36.060000,5970.48,5975,245462,5980,355245,5970,299792,5965,420908
2020-06-10 10:47:36.450000,5970.48,5975,245462,5980,355245,5970,259792,5965,460908
2020-06-10 10:47:36.950000,5970.48,5975,245462,5980,355245,5970,116392,5965,460908
2020-06-10 10:47:37.860000,5970.48,5975,245462,5980,355245,5970,299792,5965,420908
2020-06-10 10:47:38.670000,5970.48,5975,245462,5980,355245,5970,303042,5965,420908
2020-06-10 10:47:38.830000,5970.48,5975,245462,5980,355245,5970,303042,5965,420908
2020-06-10 10:47:39.150000,5970.48,5975,245462,5980,355245,5970,303042,5965,420908
2020-06-10 10:47:40.310000,5970.48,5975,245298,5980,355245,5970,302878,5965,420908
2020-06-10 10:47:40.680000,5970.48,5975,245196,5980,355245,5970,302826,5965,420908
2020-06-10 10:47:42.700000,5970.48,5975,245196,5980,355245,5970,302826,5965,420908
2020-06-10 10:47:42.950000,5970.48,5975,245196,5980,355245,5970,302826,5965,420918
2020-06-10 10:47:47.720000,5970.48,5975,245196,5980,355195,5970,302826,5965,420918
2020-06-10 10:47:48.020000,5970.48,5975,245196,5980,355195,5970,302726,5965,420918
2020-06-10 10:47:49.000000,5970.48,5975,245196,5980,355195,5970,302726,5965,420918
2020-06-10 10:47:50.250000,5971.06,5975,245196,5980,355195,5970,302729,5965,420918
2020-06-10 10:47:51.730000,5971.06,5975,245196,5980,355195,5970,302729,5965,421218
2020-06-10 10:47:53.450000,5971.06,5975,245196,5980,306651,5970,339229,5965,384718
2020-06-10 10:47:53.920000,5971.06,5975,245196,5980,306651,5970,341229,5965,384718
2020-06-10 10:47:56.070000,5971.06,5975,245196,5980,310804,5970,391229,5965,384718
2020-06-10 10:47:56.170000,5971.06,5975,245196,5980,310804,5970,391229,5965,384718
2020-06-10 10:47:56.560000,5971.06,5975,245197,5980,310805,5970,391229,5965,384718
2020-06-10 10:47:56.920000,5971.06,5975,245197,5980,310805,5970,391229,5965,386401
2020-06-10 10:47:57.620000,5971.06,5975,245197,5980,310805,5970,391429,5965,386401
2020-06-10 10:47:59.180000,5972.06,5975,245197,5980,310805,5970,391430,5965,386401
2020-06-10 10:47:59.790000,5972.06,5975,245197,5980,310805,5970,391430,5965,386401
2020-06-10 10:48:00.780000,5972.06,5975,245197,5980,310805,5970,391430,5965,386401
2020-06-10 10:48:00.900000,5972.06,5975,245197,5980,359349,5970,354930,5965,422901
2020-06-10 10:48:02.150000,5972.06,5975,245096,5980,359349,5970,354777,5965,422901
2020-06-10 10:48:02.850000,5972.06,5975,245096,5980,359349,5970,304777,5965,422901
2020-06-10 10:48:03.950000,5972.06,5975,245096,5980,359349,5970,304777,5965,422901
2020-06-10 10:48:04.010000,5972.06,5975,245096,5980,359349,5970,305576,5965,422901
2020-06-10 10:48:04.380000,5972.06,5975,245096,5980,359349,5970,305576,5965,422901
2020-06-10 10:48:04.980000,5972.06,5975,245096,5980,359349,5970,305576,5965,422901
2020-06-10 10:48:06.040000,5972.06,5975,245096,5980,359349,5970,305576,5965,422902
2020-06-10 10:48:07.100000,5972.06,5975,245096,5980,359349,5970,305676,5965,422902
2020-06-10 10:48:08.520000,5971.48,5975,245096,5980,359349,5970,305676,5965,422902
2020-06-10 10:48:09.230000,5971.48,5975,245096,5980,359349,5970,305676,5965,422902
2020-06-10 10:48:09.410000,5971.48,5975,245096,5980,359349,5970,305676,5965,422902
2020-06-10 10:48:10.590000,5971.48,5975,245096,5980,359349,5970,305676,5965,422902
2020-06-10 10:48:12.440000,5971.48,5975,247328,5980,359349,5970,305676,5965,422902
2020-06-10 10:48:12.570000,5971.48,5975,247328,5980,359349,5970,305676,5965,422902
2020-06-10 10:48:13.540000,5971.48,5975,247328,5980,359349,5970,305610,5965,422902
2020-06-10 10:48:14.510000,5971.48,5975,247325,5980,359349,5970,306610,5965,422902
2020-06-10 10:48:16.600000,5971.48,5975,247325,5980,359349,5970,306610,5965,422902
2020-06-10 10:48:17.720000,5971.48,5975,247325,5980,310805,5970,343110,5965,386402
2020-06-10 10:48:17.830000,5971.48,5975,247325,5980,310805,5970,343110,5965,386402
2020-06-10 10:48:18.110000,5971.48,5975,246820,5980,310805,5970,343110,5965,386402
2020-06-10 10:48:18.740000,5971.48,5975,246820,5980,310805,5970,343110,5965,386402
2020-06-10 10:48:18.990000,5971.48,5975,246820,5980,310805,5970,362462,5965,386402
2020-06-10 10:48:19.790000,5971.48,5975,246820,5980,359349,5970,325962,5965,422902
2020-06-10 10:48:19.940000,5971.48,5975,246820,5980,310805,5970,362462,5965,386402
2020-06-10 10:48:20.830000,5971.48,5975,247248,5980,359349,5970,325962,5965,422902
2020-06-10 10:48:21.290000,5971.48,5975,247247,5980,359349,5970,325962,5965,422902
2020-06-10 10:48:21.750000,5971.48,5975,247247,5980,310805,5970,362462,5965,386402
2020-06-10 10:48:22.140000,5971.48,5975,247247,5980,359349,5970,325962,5965,422902
2020-06-10 10:48:23.160000,5971.48,5975,247247,5980,359349,5970,325963,5965,422902
2020-06-10 10:48:24.350000,5971.48,5975,247247,5980,359349,5970,325963,5965,422902
2020-06-10 10:48:25.490000,5971.48,5975,247247,5980,359349,5970,326463,5965,422902
2020-06-10 10:48:26.660000,5971.48,5975,247247,5980,310805,5970,362963,5965,386402
2020-06-10 10:48:26.810000,5971.48,5975,247247,5980,359349,5970,326463,5965,422902
2020-06-10 10:48:27.490000,5971.51,5975,247247,5980,359349,5970,326463,5965,422902
2020-06-10 10:48:28.990000,5971.51,5975,247247,5980,359349,5970,326463,5965,422902
2020-06-10 10:48:30.220000,5971.51,5975,247237,5980,359349,5970,326514,5965,422902
2020-06-10 10:48:32.780000,5971.51,5975,247237,5980,359349,5970,326514,5965,422982
2020-06-10 10:48:33.590000,5971.51,5975,247230,5980,359349,5970,326614,5965,422982
2020-06-10 10:48:33.970000,5971.51,5975,247324,5980,359349,5970,143314,5965,462982
2020-06-10 10:48:34.480000,5971.51,5975,247324,5980,359349,5970,326614,5965,422982
2020-06-10 10:48:34.950000,5971.51,5975,247324,5980,359349,5970,326614,5965,422982
2020-06-10 10:48:35.450000,5971.51,5975,247324,5980,359349,5970,326634,5965,422982
2020-06-10 10:48:36.640000,5971.51,5975,247324,5980,359349,5970,143334,5965,462982
2020-06-10 10:48:36.800000,5971.51,5975,247324,5980,359349,5970,326634,5965,422982
2020-06-10 10:48:37.690000,5971.51,5975,247324,5980,359349,5970,286634,5965,462982
2020-06-10 10:48:37.810000,5971.51,5975,247324,5980,359349,5970,143334,5965,462982
2020-06-10 10:48:37.920000,5971.51,5975,247324,5980,359349,5970,286634,5965,462982
2020-06-10 10:48:38.090000,5971.51,5975,248324,5980,359349,5970,286634,5965,462982
2020-06-10 10:48:38.700000,5970.48,5975,248324,5980,359349,5970,143334,5965,462982
2020-06-10 10:48:38.920000,5970.48,5975,248324,5980,359349,5970,286634,5965,462982
2020-06-10 10:48:39.800000,5970.48,5975,248324,5980,359349,5970,326634,5965,422982
2020-06-10 10:48:40.840000,5970.51,5975,248324,5980,359349,5970,286634,5965,462982
2020-06-10 10:48:40.970000,5970.51,5975,248324,5980,359349,5970,326634,5965,422982
2020-06-10 10:48:41.370000,5970.51,5975,248324,5980,359349,5970,326584,5965,422982
2020-06-10 10:48:41.790000,5970.51,5975,248324,5980,359349,5970,326584,5965,422982
2020-06-10 10:48:43.470000,5970.51,5975,248324,5980,359349,5970,326584,5965,422982
2020-06-10 10:48:43.620000,5970.51,5975,248324,5980,359349,5970,286584,5965,462982
2020-06-10 10:48:43.860000,5970.51,5975,248324,5980,359349,5970,326584,5965,422982
2020-06-10 10:48:45.590000,5970.51,5975,248324,5980,359349,5970,326584,5965,422982
2020-06-10 10:48:49.290000,5970.48,5975,248314,5980,359349,5970,326584,5965,422982
2020-06-10 10:48:49.820000,5970.48,5975,248214,5980,359349,5970,326584,5965,422982
2020-06-10 10:48:50.490000,5970.48,5975,248214,5980,359349,5970,326583,5965,422982
2020-06-10 10:48:50.870000,5970.48,5975,248214,5980,310805,5970,363083,5965,386482
2020-06-10 10:48:51.320000,5970.48,5975,248214,5980,310805,5970,413099,5965,386482
2020-06-10 10:48:51.880000,5970.48,5975,248214,5980,310805,5970,413099,5965,386485
2020-06-10 10:48:53.350000,5970.48,5975,248214,5980,310805,5970,413099,5965,386485
2020-06-10 10:48:53.730000,5970.48,5975,248214,5980,310805,5970,413099,5965,386485
2020-06-10 10:48:56.590000,5970.48,5975,248224,5980,310805,5970,413099,5965,386485
2020-06-10 10:48:56.680000,5970.48,5975,248224,5980,310805,5970,413099,5965,386485
2020-06-10 10:49:00.650000,5971.96,5975,248224,5980,359349,5970,376600,5965,422985
2020-06-10 10:49:01.090000,5971.96,5975,248224,5980,310805,5970,413102,5965,386483
2020-06-10 10:49:01.870000,5971.96,5975,248224,5980,310805,5970,413102,5965,386483
2020-06-10 10:49:02.930000,5971.96,5975,248224,5980,359349,5970,376602,5965,422983
2020-06-10 10:49:03.050000,5971.96,5975,248224,5980,310805,5970,413102,5965,386483
2020-06-10 10:49:03.850000,5971.96,5975,248224,5980,310805,5970,413086,5965,386483
2020-06-10 10:49:04.790000,5971.96,5975,248224,5980,359349,5970,376586,5965,422983
2020-06-10 10:49:05.580000,5971.96,5975,248224,5980,310805,5970,413086,5965,386483
2020-06-10 10:49:06.190000,5971.96,5975,248224,5980,310805,5970,413088,5965,386483
2020-06-10 10:49:06.710000,5971.96,5975,248224,5980,359349,5970,376588,5965,422983
2020-06-10 10:49:07.750000,5971.51,5975,248724,5980,359349,5970,376588,5965,422983
2020-06-10 10:49:07.960000,5971.51,5975,248724,5980,359349,5970,357236,5965,442335
2020-06-10 10:49:08.750000,5971.51,5975,248724,5980,310805,5970,393736,5965,405835
2020-06-10 10:49:08.910000,5971.51,5975,248724,5980,310805,5970,393836,5965,405835
2020-06-10 10:49:09.070000,5971.48,5975,248724,5980,310805,5970,394506,5965,405835
2020-06-10 10:49:09.790000,5971.48,5975,248724,5980,310805,5970,394506,5965,405835
2020-06-10 10:49:10.110000,5972.51,5975,248724,5980,310805,5970,394506,5965,405835
2020-06-10 10:49:10.850000,5972.51,5975,248724,5980,310805,5970,395306,5965,405835
2020-06-10 10:49:12.080000,5972.51,5975,248724,5980,310805,5970,395306,5965,405835
2020-06-10 10:49:13.190000,5972.51,5975,248705,5980,310805,5970,395306,5965,405835
2020-06-10 10:49:13.690000,5972.51,5975,248706,5980,310806,5970,395306,5965,405835
2020-06-10 10:49:14.520000,5972.51,5975,248706,5980,310806,5970,395306,5965,405835
2020-06-10 10:49:15.720000,5972.51,5975,248706,5980,310806,5970,395306,5965,405835
2020-06-10 10:49:16.810000,5972.51,5975,248707,5980,310807,5970,395306,5965,405835
2020-06-10 10:49:17.810000,5972.51,5975,248707,5980,310807,5970,395306,5965,404152
2020-06-10 10:49:18.310000,5972.51,5975,248707,5980,310807,5970,395106,5965,404152
2020-06-10 10:49:19.270000,5972.57,5975,248697,5980,310807,5970,395106,5965,404152
2020-06-10 10:49:20.310000,5972.54,5975,248697,5980,310807,5970,495111,5965,404152
2020-06-10 10:49:23.440000,5972.54,5975,248697,5980,310807,5970,495366,5965,404152
2020-06-10 10:49:23.950000,5972.54,5975,248697,5980,310807,5970,495880,5965,404152
2020-06-10 10:49:26.010000,5972.54,5975,245789,5980,310807,5970,495880,5965,404152
2020-06-10 10:49:29.090000,5972.57,5975,245789,5980,310807,5970,495880,5965,404152
2020-06-10 10:49:30.010000,5972.57,5975,248635,5980,310807,5970,495881,5965,404152
2020-06-10 10:49:30.950000,5972.57,5975,248635,5980,310807,5970,495881,5965,404152
2020-06-10 10:49:31.110000,5972.57,5975,248635,5980,310807,5970,495967,5965,404152
2020-06-10 10:49:34.200000,5972.57,5975,245789,5980,310807,5970,495967,5965,404152
2020-06-10 10:49:34.360000,5972.57,5975,249050,5980,310807,5970,495967,5965,404152
2020-06-10 10:49:35.120000,5972.57,5975,249050,5980,310807,5970,495968,5965,404152
2020-06-10 10:49:35.200000,5972.51,5975,249050,5980,310807,5970,495970,5965,404152
2020-06-10 10:49:36.260000,5972.51,5975,249045,5980,310807,5970,495970,5965,404152
2020-06-10 10:49:36.390000,5972.51,5975,249045,5980,310807,5970,395970,5965,404152
2020-06-10 10:49:36.620000,5972.51,5975,247302,5980,310807,5970,415322,5965,384805
2020-06-10 10:49:37.100000,5972.51,5975,244041,5980,310807,5970,415322,5965,384805
2020-06-10 10:49:37.450000,5972.51,5975,207541,5980,347307,5970,515322,5965,384805
2020-06-10 10:49:38.260000,5972.51,5975,247302,5980,310807,5970,515322,5965,384805
2020-06-10 10:49:39.490000,5973.54,5975,247302,5980,310807,5970,518322,5965,384805
2020-06-10 10:49:40.590000,5973.54,5975,247302,5980,310807,5970,518335,5965,384805
2020-06-10 10:49:40.950000,5973.54,5975,246870,5980,310807,5970,518283,5965,384805
2020-06-10 10:49:41.710000,5973.54,5975,246870,5980,311427,5970,518283,5965,384805
2020-06-10 10:49:41.880000,5973.54,5975,246870,5980,311427,5970,518283,5965,384805
2020-06-10 10:49:42.400000,5973.54,5975,246870,5980,311427,5970,518283,5965,384805
2020-06-10 10:49:44.950000,5973.54,5975,246670,5980,311427,5970,518283,5965,384805
2020-06-10 10:49:45.290000,5973.54,5975,246670,5980,311427,5970,518283,5965,384810
2020-06-10 10:49:46.700000,5973.54,5975,246670,5980,311427,5970,518483,5965,384810
2020-06-10 10:49:47.740000,5973.54,5975,247671,5980,311427,5970,518483,5965,384810
2020-06-10 10:49:48.380000,5973.57,5975,247671,5980,311427,5970,518483,5965,384810
2020-06-10 10:49:50.120000,5972.51,5975,247671,5980,311427,5970,518483,5965,385310
2020-06-10 10:49:51.120000,5972.51,5975,247671,5980,311427,5970,519483,5965,386310
2020-06-10 10:49:51.940000,5972.51,5975,247671,5980,311427,5970,519483,5965,386310
2020-06-10 10:49:52.410000,5972.51,5975,247671,5980,359971,5970,483483,5965,422810
2020-06-10 10:49:53.520000,5972.51,5975,247671,5980,359971,5970,383483,5965,422810
2020-06-10 10:49:53.900000,5972.51,5975,247671,5980,359971,5970,383483,5965,422810
2020-06-10 10:49:54.600000,5972.51,5975,247671,5980,359971,5970,333483,5965,422810
2020-06-10 10:49:55.900000,5972.51,5975,247671,5980,359971,5970,333404,5965,422810
2020-06-10 10:49:57.990000,5971.51,5975,247671,5980,359971,5970,333404,5965,422810
2020-06-10 10:49:58.990000,5970.96,5975,247668,5980,359971,5970,333404,5965,422810
2020-06-10 10:49:59.250000,5970.96,5975,247668,5980,311427,5970,369904,5965,386310
2020-06-10 10:50:00.350000,5970.96,5975,247932,5980,311427,5970,369904,5965,386310
2020-06-10 10:50:00.550000,5970.96,5975,247932,5980,359971,5970,333704,5965,422810
2020-06-10 10:50:01.500000,5970.96,5975,247932,5980,359971,5970,333904,5965,422810
2020-06-10 10:50:01.960000,5970.96,5975,247932,5980,311427,5970,370404,5965,386310
2020-06-10 10:50:02.420000,5970.96,5975,247932,5980,359971,5970,333904,5965,422810
2020-06-10 10:50:02.850000,5970.96,5975,247932,5980,359971,5970,333907,5965,422810
2020-06-10 10:50:03.550000,5970.96,5975,247932,5980,359971,5970,333908,5965,422810
2020-06-10 10:50:04.100000,5970.96,5975,247765,5980,359971,5970,333908,5965,422810
2020-06-10 10:50:05.100000,5970.96,5975,247765,5980,359971,5970,333908,5965,422810
2020-06-10 10:50:05.710000,5970.96,5975,247764,5980,359971,5970,333907,5965,422810
2020-06-10 10:50:06.220000,5970.96,5975,247764,5980,359971,5970,333684,5965,422810
2020-06-10 10:50:08.950000,5971.54,5975,247764,5980,359971,5970,333684,5965,422820
2020-06-10 10:50:09.130000,5971.48,5975,247764,5980,359971,5970,333684,5965,422820
2020-06-10 10:50:11.050000,5971.03,5975,247764,5980,359971,5970,333223,5965,422820
2020-06-10 10:50:11.480000,5971.03,5975,247764,5980,359971,5970,333223,5965,422820
2020-06-10 10:50:12.080000,5971.03,5975,247764,5980,359971,5970,333223,5965,422820
2020-06-10 10:50:12.390000,5971.03,5975,247764,5980,359971,5970,333223,5965,422820
2020-06-10 10:50:13.140000,5971.03,5975,247764,5980,359971,5970,333223,5965,422820
2020-06-10 10:50:13.590000,5971.03,5975,247764,5980,359971,5970,333223,5965,422820
2020-06-10 10:50:16.260000,5971.03,5975,247764,5980,359971,5970,331557,5965,422820
2020-06-10 10:50:17.960000,5971.0,5975,247764,5980,311427,5970,368057,5965,386320
2020-06-10 10:50:18.320000,5971.0,5975,247764,5980,311427,5970,418057,5965,386320
2020-06-10 10:50:19.010000,5971.0,5975,247764,5980,311427,5970,368057,5965,386320
2020-06-10 10:50:19.100000,5971.0,5975,247763,5980,311427,5970,368057,5965,386320
2020-06-10 10:50:19.200000,5971.51,5975,247763,5980,311427,5970,368047,5965,386320
2020-06-10 10:50:20.100000,5971.48,5975,247763,5980,311427,5970,365815,5965,386320
2020-06-10 10:50:20.230000,5971.48,5975,247873,5980,311427,5970,365815,5965,386320
2020-06-10 10:50:21.660000,5971.48,5975,247873,5980,311427,5970,415815,5965,386320
2020-06-10 10:50:21.940000,5971.48,5975,247873,5980,359971,5970,329315,5965,422820
2020-06-10 10:50:22.760000,5971.48,5975,247873,5980,311427,5970,365615,5965,386320
2020-06-10 10:50:22.940000,5971.48,5975,247873,5980,311427,5970,329115,5965,422820
2020-06-10 10:50:23.800000,5971.48,5975,247873,5980,311427,5970,365615,5965,386320
2020-06-10 10:50:24.900000,5971.48,5975,247873,5980,359971,5970,329115,5965,422820
2020-06-10 10:50:25.720000,5971.48,5975,247873,5980,359971,5970,329115,5965,422820
2020-06-10 10:50:26.080000,5971.48,5975,247873,5980,359971,5970,329115,5965,422822
2020-06-10 10:50:26.470000,5971.48,5975,245641,5980,359971,5970,329115,5965,422822
2020-06-10 10:50:26.850000,5971.48,5975,245641,5980,359971,5970,328715,5965,422832
2020-06-10 10:50:27.380000,5971.48,5975,245641,5980,359971,5970,328718,5965,422832
2020-06-10 10:50:27.900000,5971.51,5975,245641,5980,359971,5970,328725,5965,422832
2020-06-10 10:50:30.120000,5971.06,5975,245641,5980,311427,5970,365225,5965,386332
2020-06-10 10:50:30.540000,5971.06,5975,245641,5980,359971,5970,328725,5965,422832
2020-06-10 10:50:30.970000,5971.06,5975,245641,5980,311427,5970,365131,5965,386332
2020-06-10 10:50:31.920000,5971.06,5975,245641,5980,311427,5970,415131,5965,386332
2020-06-10 10:50:32.360000,5971.06,5975,245641,5980,311427,5970,365131,5965,386332
2020-06-10 10:50:33.450000,5971.06,5975,245641,5980,311427,5970,365131,5965,386332
2020-06-10 10:50:33.830000,5971.06,5975,245641,5980,311427,5970,415131,5965,386332
2020-06-10 10:50:34.510000,5971.06,5975,245641,5980,311427,5970,415131,5965,386332
2020-06-10 10:50:35.090000,5971.06,5975,245641,5980,311427,5970,415131,5965,386332
2020-06-10 10:50:38.350000,5971.51,5975,245641,5980,311427,5970,415131,5965,386332
2020-06-10 10:50:38.690000,5971.51,5975,245641,5980,311427,5970,415136,5965,386332
2020-06-10 10:50:39.080000,5971.51,5975,245641,5980,311427,5970,415136,5965,386332
2020-06-10 10:50:39.930000,5971.51,5975,245641,5980,311427,5970,415126,5965,386332
2020-06-10 10:50:40.690000,5971.51,5975,245641,5980,311427,5970,415136,5965,386332
2020-06-10 10:50:41.000000,5971.51,5975,245641,5980,311427,5970,415136,5965,386332
2020-06-10 10:50:42.050000,5971.51,5975,242380,5980,311427,5970,415136,5965,386332
2020-06-10 10:50:42.240000,5971.51,5975,242380,5980,311427,5970,515136,5965,386332
2020-06-10 10:50:43.280000,5971.51,5975,242380,5980,311427,5970,515136,5965,386332
2020-06-10 10:50:43.990000,5971.51,5975,242380,5980,311427,5970,515146,5965,386332
2020-06-10 10:50:44.190000,5971.51,5975,242380,5980,311427,5970,516246,5965,386332
2020-06-10 10:50:44.610000,5971.51,5975,242380,5980,311427,5970,516247,5965,386332
2020-06-10 10:50:45.690000,5971.51,5975,242380,5980,311427,5970,516247,5965,386332
2020-06-10 10:50:46.720000,5971.51,5975,242380,5980,311427,5970,516248,5965,386332
2020-06-10 10:50:47.770000,5972.54,5975,242380,5980,311427,5970,515878,5965,386332
2020-06-10 10:50:47.830000,5972.54,5975,242380,5980,311427,5970,515882,5965,386332
2020-06-10 10:50:47.920000,5972.54,5975,245641,5980,311427,5970,515882,5965,386332
2020-06-10 10:50:48.110000,5972.54,5975,245641,5980,311427,5970,515882,5965,386332
2020-06-10 10:50:49.350000,5972.54,5975,245641,5980,311427,5970,415882,5965,386332
2020-06-10 10:50:50.410000,5972.54,5975,245641,5980,311427,5970,415882,5965,386332
2020-06-10 10:50:51.450000,5972.54,5975,245640,5980,311427,5970,415882,5965,386332
2020-06-10 10:50:51.550000,5972.51,5975,245640,5980,311427,5970,365882,5965,386332
2020-06-10 10:50:51.910000,5972.51,5975,245640,5980,311427,5970,365882,5965,386332
2020-06-10 10:50:53.390000,5972.51,5975,246140,5980,311427,5970,365882,5965,386332
2020-06-10 10:50:54.340000,5972.51,5975,246140,5980,359971,5970,329382,5965,422832
2020-06-10 10:50:55.120000,5972.51,5975,246140,5980,311427,5970,365882,5965,386332
2020-06-10 10:50:55.590000,5972.51,5975,246140,5980,311427,5970,365882,5965,386332
2020-06-10 10:50:57.090000,5972.06,5975,246140,5980,311427,5970,365782,5965,386232
2020-06-10 10:50:57.720000,5972.06,5975,246140,5980,311427,5970,365782,5965,386232
2020-06-10 10:50:59.360000,5971.51,5975,246140,5980,359971,5970,329282,5965,422732
2020-06-10 10:50:59.690000,5971.51,5975,246140,5980,359971,5970,329282,5965,422732
2020-06-10 10:51:00.370000,5971.51,5975,246140,5980,359971,5970,329305,5965,422732
2020-06-10 10:51:00.440000,5971.51,5975,245876,5980,359971,5970,329041,5965,422732
2020-06-10 10:51:01.220000,5971.51,5975,245876,5980,359971,5970,328990,5965,422732
2020-06-10 10:51:01.970000,5971.51,5975,245876,5980,359971,5970,185690,5965,422732
2020-06-10 10:51:02.150000,5971.51,5975,245876,5980,359971,5970,328990,5965,422732
2020-06-10 10:51:03.010000,5971.51,5975,245876,5980,359971,5970,328990,5965,422732
2020-06-10 10:51:03.170000,5971.51,5975,245876,5980,359971,5970,289990,5965,462732
2020-06-10 10:51:03.510000,5971.51,5975,245876,5980,359971,5970,289993,5965,462632
2020-06-10 10:51:04.400000,5971.51,5975,245876,5980,359971,5970,289979,5965,462632
2020-06-10 10:51:04.920000,5971.51,5975,245876,5980,359971,5970,289884,5965,462632
2020-06-10 10:51:05.640000,5971.51,5975,245876,5980,359971,5970,329884,5965,422632
2020-06-10 10:51:05.950000,5971.51,5975,245876,5980,359971,5970,289884,5965,462632
2020-06-10 10:51:06.680000,5971.51,5975,245876,5980,359971,5970,329884,5965,422632
2020-06-10 10:51:06.950000,5971.51,5975,245876,5980,359971,5970,329884,5965,422632
2020-06-10 10:51:07.390000,5970.48,5975,245876,5980,359971,5970,330050,5965,422632
2020-06-10 10:51:07.700000,5970.48,5975,245876,5980,359971,5970,350345,5965,422632
2020-06-10 10:51:08.120000,5970.48,5975,245876,5980,359971,5970,350045,5965,422632
2020-06-10 10:51:08.900000,5971.0,5975,245876,5980,359971,5970,350045,5965,422632
2020-06-10 10:51:09.810000,5971.0,5975,245876,5980,359971,5970,350045,5965,422632
2020-06-10 10:51:09.950000,5971.0,5975,245876,5980,359971,5970,350045,5965,422642
2020-06-10 10:51:10.840000,5971.0,5975,245876,5980,359971,5970,350145,5965,422642
2020-06-10 10:51:11.710000,5971.0,5975,245876,5980,359971,5970,350518,5965,422642
2020-06-10 10:51:12.790000,5971.0,5975,245876,5980,359971,5970,350518,5965,422646
2020-06-10 10:51:13.180000,5971.0,5975,245876,5980,359971,5970,350518,5965,422646
2020-06-10 10:51:14.520000,5971.0,5975,245876,5980,359971,5970,350518,5965,421656
2020-06-10 10:51:14.760000,5971.0,5975,245876,5980,359971,5970,350518,5965,421656
2020-06-10 10:51:15.880000,5971.0,5975,245876,5980,359971,5970,350518,5965,421656
2020-06-10 10:51:16.180000,5971.0,5975,245876,5980,359971,5970,310518,5965,461156
2020-06-10 10:51:17.160000,5971.0,5975,245876,5980,359971,5970,310518,5965,461156
2020-06-10 10:51:18.240000,5971.0,5975,245876,5980,359971,5970,310668,5965,461156
2020-06-10 10:51:18.410000,5971.0,5975,245876,5980,359971,5970,350368,5965,421156
2020-06-10 10:51:19.270000,5970.45,5975,245876,5980,359971,5970,350368,5965,421156
2020-06-10 10:51:19.550000,5970.45,5975,245876,5980,359971,5970,167068,5965,461156
2020-06-10 10:51:20.370000,5970.48,5975,245876,5980,359971,5970,163968,5965,461156
2020-06-10 10:51:20.570000,5970.48,5975,208795,5980,359971,5970,112707,5965,461156
2020-06-10 10:51:21.430000,5970.48,5975,248795,5980,359971,5970,116016,5965,461156
2020-06-10 10:51:21.730000,5970.48,5975,248795,5980,350965,5970,116016,5965,461156
2020-06-10 10:51:22.490000,5970.48,5975,248795,5980,350965,5970,116119,5965,461161
2020-06-10 10:51:22.630000,5970.48,5975,248795,5980,350965,5970,116019,5965,461161
2020-06-10 10:51:23.550000,5970.48,5975,248795,5980,350965,5970,116019,5965,461161
2020-06-10 10:51:25.150000,5970.48,5975,248795,5980,350965,5970,116019,5965,460161
2020-06-10 10:51:25.520000,5970.48,5975,248795,5980,350965,5970,116019,5965,460161
2020-06-10 10:51:26.160000,5970.48,5975,248795,5980,350965,5970,116024,5965,460161
2020-06-10 10:51:26.220000,5970.48,5975,248795,5980,350965,5970,116026,5965,460161
2020-06-10 10:51:27.900000,5970.45,5975,248795,5980,350965,5970,116126,5965,460161
2020-06-10 10:51:28.320000,5970.45,5975,248895,5980,350965,5970,116126,5965,460161
2020-06-10 10:51:29.350000,5970.45,5970,197365,5975,208895,5965,460261,5960,413827
2020-06-10 10:51:29.650000,5970.45,5970,231632,5975,208895,5965,452261,5960,413827
2020-06-10 10:51:30.610000,5969.45,5970,231632,5975,208895,5965,452261,5960,413827
2020-06-10 10:51:31.850000,5969.45,5970,231726,5975,208801,5965,452261,5960,413827
2020-06-10 10:51:32.520000,5969.45,5970,232842,5975,208801,5965,452261,5960,413827
2020-06-10 10:51:32.610000,5969.45,5970,232842,5975,208801,5965,452265,5960,413827
2020-06-10 10:51:33.080000,5969.45,5970,232832,5975,208801,5965,452265,5960,413827
2020-06-10 10:51:33.570000,5969.45,5970,231805,5975,208801,5965,452265,5960,413827
2020-06-10 10:51:33.920000,5969.45,5970,231554,5975,208801,5965,452265,5960,413827
2020-06-10 10:51:34.600000,5969.45,5970,230554,5975,208801,5965,452265,5960,413827
2020-06-10 10:51:35.640000,5969.45,5970,230555,5975,208801,5965,452265,5960,413827
2020-06-10 10:51:35.710000,5969.45,5970,230455,5975,208801,5965,452265,5960,413827
2020-06-10 10:51:36.710000,5969.45,5970,231455,5975,208807,5965,452265,5960,413827
2020-06-10 10:51:36.810000,5969.45,5970,241455,5975,208807,5965,452265,5960,413827
2020-06-10 10:51:37.750000,5969.0,5970,241455,5975,227564,5965,452265,5960,413827
2020-06-10 10:51:39.490000,5968.45,5970,241655,5975,227570,5965,452265,5960,413827
2020-06-10 10:51:39.880000,5968.45,5970,241655,5975,227570,5965,452265,5960,413827
2020-06-10 10:51:40.490000,5968.45,5970,271655,5975,227570,5965,452265,5960,413827
2020-06-10 10:51:41.090000,5968.45,5970,271655,5975,227570,5965,452265,5960,413827
2020-06-10 10:51:41.310000,5968.45,5970,273056,5975,227570,5965,452265,5960,413827
2020-06-10 10:51:41.590000,5968.45,5970,273056,5975,227570,5965,452265,5960,413827
2020-06-10 10:51:42.520000,5968.45,5970,312817,5975,191070,5965,452265,5960,413827
2020-06-10 10:51:42.890000,5968.45,5970,312817,5975,191070,5965,371846,5960,413827
2020-06-10 10:51:43.580000,5968.45,5970,312817,5975,191070,5965,371842,5960,413827
2020-06-10 10:51:44.690000,5968.45,5970,312817,5975,191070,5965,371842,5960,413827
2020-06-10 10:51:45.280000,5968.45,5970,312817,5975,191070,5965,371842,5960,413827
2020-06-10 10:51:45.620000,5968.45,5970,273056,5975,227570,5965,471842,5960,413927
2020-06-10 10:51:46.050000,5968.45,5970,311179,5975,191070,5965,471842,5960,413927
2020-06-10 10:51:46.760000,5968.45,5970,312817,5975,192070,5965,471842,5960,413927
2020-06-10 10:51:47.780000,5968.43,5970,312817,5975,192070,5965,472347,5960,413927
2020-06-10 10:51:48.120000,5968.43,5970,312817,5975,192070,5965,472347,5960,413927
2020-06-10 10:51:48.870000,5968.43,5970,312817,5975,192070,5965,472247,5960,413927
2020-06-10 10:51:49.150000,5967.98,5970,312817,5975,192070,5965,472247,5960,413927
2020-06-10 10:51:49.920000,5967.98,5970,312817,5975,192070,5965,472257,5960,413927
2020-06-10 10:51:50.150000,5966.92,5970,312818,5975,192070,5965,472353,5960,413931
2020-06-10 10:51:50.970000,5966.92,5970,312818,5975,192070,5965,471237,5960,413931
2020-06-10 10:51:52.080000,5966.92,5970,312818,5975,192070,5965,471337,5960,413931
2020-06-10 10:51:52.230000,5966.92,5970,312818,5975,192070,5965,471337,5960,413961
2020-06-10 10:51:52.540000,5966.92,5970,312818,5975,192070,5965,471337,5960,413961
2020-06-10 10:51:53.040000,5966.92,5970,312818,5975,192070,5965,471387,5960,413963
2020-06-10 10:51:54.110000,5966.92,5970,312818,5975,240614,5965,294739,5960,490463
2020-06-10 10:51:54.420000,5966.92,5970,312818,5975,240614,5965,244739,5960,490463
2020-06-10 10:51:55.150000,5966.92,5970,312818,5975,240614,5965,244739,5960,490463
2020-06-10 10:51:56.700000,5966.92,5970,311701,5975,240614,5965,244739,5960,490463
2020-06-10 10:51:56.790000,5966.92,5970,311701,5975,240614,5965,244739,5960,490463
2020-06-10 10:51:57.780000,5966.92,5970,311701,5975,240614,5965,239478,5960,490463
2020-06-10 10:51:57.930000,5966.37,5970,311701,5975,240614,5965,241943,5960,490463
2020-06-10 10:51:58.820000,5965.82,5970,311701,5975,240614,5965,240827,5960,490463
2020-06-10 10:51:59.870000,5965.92,5970,311701,5975,240614,5965,240827,5960,490463
2020-06-10 10:52:00.030000,5965.92,5970,311701,5975,240614,5965,240927,5960,490463
2020-06-10 10:52:00.920000,5965.92,5970,311701,5975,240614,5965,240847,5960,490463
2020-06-10 10:52:01.010000,5965.92,5970,311701,5975,240614,5965,240848,5960,490463
2020-06-10 10:52:01.960000,5965.92,5970,311701,5975,240614,5965,109378,5960,493724
2020-06-10 10:52:02.120000,5965.92,5970,311701,5975,240614,5965,238488,5960,493724
2020-06-10 10:52:03.010000,5965.92,5970,311701,5975,240614,5965,238488,5960,493724
2020-06-10 10:52:03.100000,5965.92,5970,311701,5975,240614,5965,94280,5960,493724
2020-06-10 10:52:03.180000,5965.92,5970,311701,5975,240614,5965,94080,5960,493724
2020-06-10 10:52:04.060000,5965.92,5970,311701,5975,240614,5965,223085,5960,493724
2020-06-10 10:52:04.210000,5965.92,5970,311701,5975,240614,5965,223086,5960,493726
2020-06-10 10:52:04.520000,5965.92,5970,311701,5975,240614,5965,94083,5960,493726
2020-06-10 10:52:04.820000,5965.92,5970,311701,5975,240614,5965,94084,5960,493726
2020-06-10 10:52:05.630000,5965.92,5970,311701,5975,240614,5965,96195,5960,493726
2020-06-10 10:52:05.760000,5965.92,5970,271701,5975,240614,5965,56195,5960,493726
2020-06-10 10:52:06.180000,5965.92,5965,186082,5970,271713,5960,493826,5955,356198
2020-06-10 10:52:07.200000,5965.34,5965,249532,5970,271713,5960,493827,5955,356198
2020-06-10 10:52:08.210000,5964.89,5965,249795,5970,271713,5960,493827,5955,356198
2020-06-10 10:52:08.550000,5964.34,5965,249795,5970,273213,5960,494827,5955,356199
2020-06-10 10:52:09.790000,5963.31,5965,286387,5970,236619,5960,494827,5955,356199
2020-06-10 10:52:09.940000,5963.28,5965,249887,5970,273119,5960,494827,5955,356199
2020-06-10 10:52:10.410000,5963.28,5965,286888,5970,236619,5960,494827,5955,356199
2020-06-10 10:52:11.400000,5963.28,5965,286888,5970,236619,5960,494827,5955,356199
2020-06-10 10:52:11.520000,5963.28,5965,286888,5970,236619,5960,494827,5955,356199
2020-06-10 10:52:12.410000,5963.28,5965,286888,5970,236619,5960,494727,5955,356199
2020-06-10 10:52:12.570000,5963.28,5965,286891,5970,236776,5960,494927,5955,356199
2020-06-10 10:52:13.490000,5963.28,5965,249230,5970,273276,5960,494927,5955,356399
2020-06-10 10:52:14.550000,5963.28,5965,286891,5970,237076,5960,494927,5955,356399
2020-06-10 10:52:14.880000,5963.28,5965,248379,5970,273576,5960,494927,5955,356399
2020-06-10 10:52:16.100000,5963.28,5965,248363,5970,273576,5960,494927,5955,356399
2020-06-10 10:52:16.260000,5963.28,5965,288089,5970,237076,5960,494827,5955,356399
2020-06-10 10:52:17.180000,5963.28,5965,287989,5970,237076,5960,494830,5955,356399
2020-06-10 10:52:17.330000,5961.18,5965,287989,5970,237076,5960,494930,5955,356399
2020-06-10 10:52:18.210000,5961.18,5965,288689,5970,237076,5960,494930,5955,356399
2020-06-10 10:52:18.360000,5962.73,5965,288189,5970,237076,5960,494930,5955,356399
2020-06-10 10:52:18.500000,5962.73,5965,288149,5970,237076,5960,495030,5955,356399
2020-06-10 10:52:18.720000,5962.28,5965,286116,5970,237076,5960,495030,5955,356399
2020-06-10 10:52:19.080000,5962.28,5965,286116,5970,237076,5960,495030,5955,356399
2020-06-10 10:52:19.770000,5962.28,5965,286096,5970,237076,5960,494927,5955,356399
2020-06-10 10:52:19.930000,5961.73,5965,286096,5970,237076,5960,495027,5955,356399
2020-06-10 10:52:20.350000,5961.73,5965,286096,5970,237076,5960,495027,5955,356399
2020-06-10 10:52:20.820000,5961.73,5965,245968,5970,273576,5960,495028,5955,356399
2020-06-10 10:52:21.140000,5961.73,5965,247960,5970,273576,5960,494978,5955,356405
2020-06-10 10:52:21.890000,5961.73,5965,247960,5970,273576,5960,493578,5955,356405
2020-06-10 10:52:22.050000,5961.73,5965,245968,5970,273576,5960,493578,5955,356405
2020-06-10 10:52:22.460000,5961.73,5965,249229,5970,273576,5960,493580,5955,356405
2020-06-10 10:52:22.820000,5961.73,5965,285729,5970,237076,5960,493580,5955,356405
2020-06-10 10:52:23.500000,5961.73,5965,285729,5970,237242,5960,493580,5955,356405
2020-06-10 10:52:23.640000,5961.73,5965,285729,5970,237242,5960,493582,5955,356405
2020-06-10 10:52:24.050000,5961.73,5965,285729,5970,237242,5960,493583,5955,356405
2020-06-10 10:52:24.460000,5961.73,5965,245968,5970,273742,5960,493583,5955,356405
2020-06-10 10:52:24.960000,5961.73,5965,245763,5970,273742,5960,493584,5955,356405
2020-06-10 10:52:26.140000,5961.73,5965,102463,5970,273742,5960,493592,5955,356405
2020-06-10 10:52:26.270000,5961.73,5965,110463,5970,273742,5960,493592,5955,356405
2020-06-10 10:52:27.200000,5961.73,5965,258063,5970,272341,5960,494392,5955,356405
2020-06-10 10:52:27.380000,5963.28,5965,258063,5970,272341,5960,494397,5955,356405
2020-06-10 10:52:28.250000,5962.7,5965,258063,5970,272341,5960,494407,5955,356405
2020-06-10 10:52:28.390000,5963.76,5965,258157,5970,272341,5960,494407,5955,356405
2020-06-10 10:52:29.380000,5963.76,5965,78124,5970,309074,5960,494407,5955,356405
2020-06-10 10:52:29.550000,5963.76,5965,258519,5970,272341,5960,494407,5955,356405
2020-06-10 10:52:29.830000,5963.76,5965,258619,5970,272341,5960,494408,5955,356405
2020-06-10 10:52:30.160000,5963.76,5965,115319,5970,272341,5960,494408,5955,356405
2020-06-10 10:52:30.890000,5963.76,5965,258619,5970,272341,5960,494308,5955,356405
2020-06-10 10:52:31.020000,5963.76,5965,78586,5970,309074,5960,494308,5955,356407
2020-06-10 10:52:31.940000,5963.76,5965,75325,5970,309074,5960,494108,5955,356207
2020-06-10 10:52:32.110000,5963.76,5965,75325,5970,309074,5960,496110,5955,356207
2020-06-10 10:52:33.050000,5963.76,5965,75325,5970,309074,5960,496150,5955,356207
2020-06-10 10:52:33.140000,5963.76,5965,61855,5970,309074,5960,496150,5955,356217
2020-06-10 10:52:34.590000,5963.76,5965,61855,5970,309074,5960,496150,5955,356217
2020-06-10 10:52:34.760000,5963.76,5965,11259,5970,309074,5960,496145,5955,356217
2020-06-10 10:52:34.860000,5963.76,5965,11259,5970,309074,5960,496145,5955,356217
2020-06-10 10:52:35.660000,5963.76,5965,11259,5970,309074,5960,496135,5955,356227
2020-06-10 10:52:35.690000,5963.76,5965,47992,5970,272341,5960,496135,5955,356227
2020-06-10 10:52:35.780000,5963.76,5965,194553,5970,272341,5960,496635,5955,356077
2020-06-10 10:52:36.700000,5963.76,5965,194503,5970,272341,5960,496635,5955,356077
2020-06-10 10:52:37.050000,5964.76,5965,232098,5970,235841,5960,497135,5955,356077
2020-06-10 10:52:37.550000,5964.76,5965,230097,5970,235841,5960,497135,5955,356079
2020-06-10 10:52:38.260000,5964.76,5965,230097,5970,235841,5960,497145,5955,356109
2020-06-10 10:52:38.360000,5964.31,5965,193592,5970,272341,5960,497145,5955,356110
2020-06-10 10:52:39.120000,5963.28,5965,193592,5970,272341,5960,497145,5955,356110
