time,nav,sell1,sell1_cnt,sell2,sell2_cnt,buy1,buy1_cnt,buy2,buy2_cnt
2020-06-11 09:36:10.63,0.0,6005,345142,6010,308432,6000,309664,5995,452490
2020-06-11 09:36:11.19,0.0,6005,345142,6010,308432,6000,309714,5995,452490
2020-06-11 09:36:12.02,0.0,6005,389668,6010,308440,6000,1,5995,489361
2020-06-11 09:36:12.82,0.0,6005,384815,6010,308440,6000,1,5995,489361
2020-06-11 09:36:13.63,0.0,6000,92442,6005,384815,5995,489361,5990,393715
2020-06-11 09:36:14.49,0.0,6000,92442,6005,384815,5995,489361,5990,393715
2020-06-11 09:36:15.32,0.0,6000,119540,6005,365927,5995,489361,5990,393715
2020-06-11 09:36:16.16,6003.36,6000,119540,6005,365927,5995,489370,5990,393715
2020-06-11 09:36:16.93,6000.58,6000,119540,6005,365927,5995,490370,5990,393715
2020-06-11 09:36:17.55,6000.32,6000,100552,6005,384815,5995,490370,5990,393715
2020-06-11 09:36:18.22,6000.32,6000,119530,6005,365927,5995,490370,5990,393715
2020-06-11 09:36:18.89,6000.32,6000,119530,6005,365927,5995,490370,5990,393815
2020-06-11 09:36:19.55,6000.32,6000,100642,6005,384815,5995,490370,5990,393815
2020-06-11 09:36:20.02,6000.32,6000,100731,6005,384815,5995,490370,5990,393815
2020-06-11 09:36:20.66,6000.32,6000,119619,6005,365927,5995,490370,5990,393815
2020-06-11 09:36:21.43,6000.32,6000,100731,6005,384815,5995,490370,5990,393815
2020-06-11 09:36:22.16,6000.32,6000,8289,6005,384815,5995,490370,5990,393815
2020-06-11 09:36:22.83,6000.32,6000,106731,6005,384815,5995,491270,5990,393815
2020-06-11 09:36:24.63,6000.32,6000,125619,6005,365927,5995,491270,5990,393815
2020-06-11 09:36:25.22,6000.32,6000,125619,6005,365927,5995,491270,5990,393815
2020-06-11 09:36:26.60,6001.11,6000,125619,6005,365927,5995,491270,5990,393815
2020-06-11 09:36:27.83,6000.32,6000,106731,6005,384815,5995,491270,5990,393815
2020-06-11 09:36:28.46,5999.55,6000,14289,6005,384815,5995,491270,5990,393815
2020-06-11 09:36:29.19,6001.31,6005,334815,6010,308219,6000,99447,5995,499270
2020-06-11 09:36:30.02,6001.31,6005,327667,6010,308219,6000,189955,5995,462399
2020-06-11 09:36:30.99,6001.31,6005,327667,6010,308319,6000,190055,5995,462419
2020-06-11 09:36:41.21,6001.31,6005,324066,6010,314319,6000,344075,5995,462169
2020-06-11 09:36:41.93,6001.31,6005,324066,6010,314319,6000,294075,5995,462169
2020-06-11 09:36:42.61,6001.31,6005,324066,6010,314319,6000,294075,5995,462169
2020-06-11 09:36:43.40,6001.31,6005,324066,6010,314319,6000,294075,5995,462169
2020-06-11 09:36:44.07,6001.31,6005,324066,6010,314319,6000,294301,5995,462169
2020-06-11 09:36:44.60,6001.31,6005,324066,6010,314319,6000,294301,5995,462171
2020-06-11 09:36:45.13,6001.31,6005,324066,6010,314319,6000,294501,5995,462171
2020-06-11 09:36:46.43,6002.57,6005,324046,6010,314319,6000,294501,5995,462171
2020-06-11 09:36:47.89,6003.14,6005,324046,6010,314319,6000,294501,5995,462171
2020-06-11 09:36:49.10,6003.14,6005,324046,6010,314319,6000,294501,5995,462171
2020-06-11 09:36:50.04,6003.14,6005,324046,6010,314319,6000,294565,5995,462171
2020-06-11 09:36:50.96,6003.14,6005,324046,6010,314319,6000,257965,5995,498771
2020-06-11 09:36:51.69,6003.14,6005,324046,6010,314319,6000,295565,5995,462171
2020-06-11 09:36:52.32,6003.14,6005,327683,6010,314319,6000,58154,5995,499042
2020-06-11 09:36:53.29,6003.14,6005,327683,6010,314319,6000,8288,5995,499042
2020-06-11 09:36:53.69,6003.14,6005,384851,6010,314319,6000,8288,5995,499042
2020-06-11 09:36:54.25,6003.14,6005,334851,6010,314319,6000,113231,5995,499042
2020-06-11 09:36:55.13,6003.14,6005,334851,6010,314319,6000,113231,5995,499042
2020-06-11 09:36:55.94,6003.14,6000,95042,6005,365963,5995,499042,5990,394272
2020-06-11 09:36:56.72,6001.34,6000,7990,6005,384846,5995,491042,5990,394272
2020-06-11 09:36:57.49,6001.34,6000,1,6005,384846,5995,491092,5990,394272
2020-06-11 09:36:58.22,6000.35,6005,384933,6010,314319,6000,3,5995,491092
2020-06-11 09:36:58.96,6000.35,6005,334933,6010,314319,6000,97046,5995,491092
2020-06-11 09:36:59.63,6001.34,6005,377765,6010,314319,6000,133,5995,491092
2020-06-11 09:37:00.43,6001.34,6005,377765,6010,314319,6000,10133,5995,491092
2020-06-11 09:37:01.18,6001.34,6005,377765,6010,314319,6000,11133,5995,491092
2020-06-11 09:37:01.79,6001.34,6005,377765,6010,314319,6000,11233,5995,491092
2020-06-11 09:37:02.57,6001.34,6000,137601,6005,366050,5995,491092,5990,394322
2020-06-11 09:37:03.38,6001.34,6005,334933,6010,314319,5995,491092,5990,394322
2020-06-11 09:37:04.27,6001.34,6005,327765,6010,314319,6000,186679,5995,463221
2020-06-11 09:37:05.13,6001.34,6005,327765,6010,314319,6000,186679,5995,463221
2020-06-11 09:37:05.96,6001.34,6005,327765,6010,314319,6000,185679,5995,463221
2020-06-11 09:37:06.63,6001.34,6005,327795,6010,314289,6000,185679,5995,463221
2020-06-11 09:37:07.27,6000.35,6005,327795,6010,314289,6000,185713,5995,463221
2020-06-11 09:37:07.94,6002.34,6005,324158,6010,314289,6000,339349,5995,463395
2020-06-11 09:37:08.77,6002.34,6005,324158,6010,314289,6000,289349,5995,463395
2020-06-11 09:37:09.77,6003.36,6005,324158,6010,314289,6000,285822,5995,463395
2020-06-11 09:37:10.49,6003.36,6005,324158,6010,314789,6000,285822,5995,463395
2020-06-11 09:37:11.13,6003.36,6005,324158,6010,314789,6000,338822,5995,464395
2020-06-11 09:37:11.82,6003.36,6005,324158,6010,314789,6000,338822,5995,464395
2020-06-11 09:37:12.49,6003.36,6005,324158,6010,314789,6000,338872,5995,464395
2020-06-11 09:37:32.41,0.0,6005,217756,6010,421391,6000,341127,5995,464581
2020-06-11 09:37:33.18,0.0,6005,327358,6010,311789,6000,341127,5995,464581
2020-06-11 09:37:34.04,6003.62,6005,327858,6010,311789,6000,339127,5995,464581
2020-06-11 09:37:34.94,6003.62,6005,327858,6010,311789,6000,285490,5995,464581
2020-06-11 09:37:35.64,6003.62,6005,327858,6010,311789,6000,285490,5995,464581
2020-06-11 09:37:36.35,6004.62,6005,327858,6010,311789,6000,285601,5995,464581
2020-06-11 09:37:37.00,6004.39,6005,327858,6010,311809,6000,285602,5995,464581
2020-06-11 09:37:38.27,6003.36,6005,327858,6010,311809,6000,285602,5995,464581
2020-06-11 09:37:38.85,6003.36,6005,327858,6010,311809,6000,285602,5995,464581
2020-06-11 09:37:40.11,6003.36,6005,327858,6010,311809,6000,285602,5995,465581
2020-06-11 09:37:41.41,6003.36,6005,327858,6010,311809,6000,285552,5995,465581
2020-06-11 09:37:42.04,6003.36,6005,327858,6010,311809,6000,285552,5995,465586
2020-06-11 09:37:43.91,6003.36,6005,327858,6010,311809,6000,285552,5995,465586
2020-06-11 09:37:44.54,6003.36,6005,331495,6010,311809,6000,248681,5995,502457
2020-06-11 09:37:46.00,6003.36,6005,331495,6010,311809,6000,238681,5995,502457
2020-06-11 09:37:46.61,6003.36,6005,331495,6010,311809,6000,238681,5995,502457
2020-06-11 09:37:47.35,6002.37,6005,331495,6010,311809,6000,238681,5995,502457
2020-06-11 09:37:48.02,6002.37,6005,331495,6010,311809,6000,275552,5995,465586
2020-06-11 09:37:48.74,6002.37,6005,327858,6010,311809,6000,175552,5995,465586
2020-06-11 09:37:50.17,6002.4,6005,331495,6010,311809,6000,138681,5995,502457
2020-06-11 09:37:50.91,6002.4,6005,331495,6010,311809,6000,185013,5995,502457
2020-06-11 09:37:51.82,6002.4,6005,381495,6010,311809,6000,13013,5995,502457
2020-06-11 09:37:52.77,6002.4,6005,381495,6010,311809,6000,5016,5995,502457
2020-06-11 09:37:53.71,6002.4,6000,4894,6005,388663,5995,502457,5990,395327
2020-06-11 09:37:54.50,6002.4,6000,122011,6005,387386,5995,494757,5990,395327
2020-06-11 09:37:55.35,6002.4,6000,11294,6005,387386,5995,494467,5990,395327
2020-06-11 09:37:56.07,6002.4,6000,122011,6005,387386,5995,494467,5990,395327
2020-06-11 09:37:56.75,6001.57,6000,122111,6005,387386,5995,494467,5990,395327
2020-06-11 09:37:57.38,6001.34,6000,122111,6005,387386,5995,494467,5990,395327
2020-06-11 09:37:58.14,6000.55,6000,11364,6005,387386,5995,494467,5990,395327
2020-06-11 09:37:58.82,6000.55,6000,11359,6005,387386,5995,494467,5990,395327
2020-06-11 09:37:59.65,6000.55,6000,140599,6005,368503,5995,494467,5990,395327
2020-06-11 09:38:00.71,6000.55,6000,140599,6005,368503,5995,494467,5990,395327
2020-06-11 09:38:01.75,6000.55,6000,140599,6005,368505,5995,494467,5990,395327
2020-06-11 09:38:02.74,6000.55,6000,140299,6005,368505,5995,494467,5990,395327
2020-06-11 09:38:03.38,6000.55,6000,10699,6005,387388,5995,494467,5990,395327
2020-06-11 09:38:04.10,6000.55,6005,337388,6010,311809,6000,119301,5995,502487
2020-06-11 09:38:04.93,6000.55,6005,330220,6010,311809,6000,169301,5995,502487
2020-06-11 09:38:05.68,6000.55,6005,330220,6010,311819,6000,171001,5995,502487
2020-06-11 09:38:06.44,6000.32,6005,330220,6010,311819,6000,171036,5995,502487
2020-06-11 09:38:07.27,6000.32,6005,330220,6010,311819,6000,173583,5995,502534
2020-06-11 09:38:08.05,6002.11,6005,330220,6010,311819,6000,173588,5995,502534
2020-06-11 09:38:08.74,6002.11,6005,330220,6010,311819,6000,173499,5995,502534
2020-06-11 09:38:09.35,6002.34,6005,330220,6010,311819,6000,175999,5995,502534
2020-06-11 09:38:10.18,6002.34,6005,330220,6010,311819,6000,176001,5995,502534
2020-06-11 09:38:11.18,6002.34,6005,380220,6010,311819,6000,14689,5995,502534
2020-06-11 09:38:11.75,6002.34,6005,380220,6010,311819,6000,14789,5995,502534
2020-06-11 09:38:12.66,6002.34,6005,380220,6010,311819,6000,13789,5995,502534
2020-06-11 09:38:13.18,6002.34,6005,380220,6010,311819,6000,5789,5995,502536
2020-06-11 09:38:13.97,6002.34,6000,127600,6005,368505,5995,494536,5990,395347
2020-06-11 09:38:14.91,6002.34,6000,1726,6005,387388,5995,494536,5990,395351
2020-06-11 09:38:17.15,6001.34,6005,387388,6010,312819,5995,494536,5990,395351
2020-06-11 09:38:17.94,6001.31,6000,108767,6005,387388,5995,494536,5990,395351
2020-06-11 09:38:18.61,6001.31,6000,18478,6005,368505,5995,494536,5990,395351
2020-06-11 09:38:19.24,6000.55,6005,386983,6010,312819,6000,9,5995,494536
2020-06-11 09:38:19.94,6000.55,6005,379815,6010,312819,6000,8009,5995,494536
2020-06-11 09:38:20.58,6000.55,6005,379815,6010,312819,6000,8009,5995,494536
2020-06-11 09:38:21.85,6000.55,6005,379815,6010,312819,5995,494536,5990,395351
2020-06-11 09:38:22.41,6000.55,6000,500,6005,379815,5995,494536,5990,395351
2020-06-11 09:38:22.97,6000.55,6000,109117,6005,379815,5995,494536,5990,395351
2020-06-11 09:38:23.46,6000.55,6000,109117,6005,379815,5995,494536,5990,395351
2020-06-11 09:38:24.07,6000.55,6000,500,6005,379815,5995,494536,5990,395351
2020-06-11 09:38:24.64,6000.55,6000,4501,6005,379815,5995,494536,5990,395351
2020-06-11 09:38:25.18,6000.55,6000,4501,6005,379815,5995,494536,5990,395351
2020-06-11 09:38:25.93,6000.55,6000,4501,6005,379815,5995,494536,5990,395351
2020-06-11 09:38:26.50,6000.58,6005,329815,6010,312819,6000,105240,5995,502536
2020-06-11 09:38:27.29,6001.31,6005,379815,6010,312819,6000,1,5995,500536
2020-06-11 09:38:28.07,6001.34,6005,329815,6010,312819,6000,6,5995,500536
2020-06-11 09:38:28.71,6001.34,6005,329815,6010,312819,6000,6,5995,500536
2020-06-11 09:38:29.36,6001.34,6005,336983,6010,312819,6000,188224,5995,463665
2020-06-11 09:38:30.07,6001.34,6005,329815,6010,312819,6000,188224,5995,463665
2020-06-11 09:38:30.88,6001.34,6005,329815,6010,312819,6000,188224,5995,462665
2020-06-11 09:38:31.64,6001.34,6005,329815,6010,312819,6000,151353,5995,499536
2020-06-11 09:38:33.00,6001.34,6005,329815,6010,312819,6000,151353,5995,499536
2020-06-11 09:38:33.74,6001.34,6005,329815,6010,312819,6000,101353,5995,499536
2020-06-11 09:38:35.07,6001.34,6005,329815,6010,312819,6000,101353,5995,498870
2020-06-11 09:38:36.32,6002.34,6005,329815,6010,312819,6000,151353,5995,498870
2020-06-11 09:38:37.16,6002.34,6005,329815,6010,312819,6000,151353,5995,498870
2020-06-11 09:38:37.82,6002.37,6005,329815,6010,312819,6000,151353,5995,498870
2020-06-11 09:38:38.41,6002.37,6005,329815,6010,312819,6000,153353,5995,498870
2020-06-11 09:38:39.11,6002.34,6005,329815,6010,312819,6000,153363,5995,498870
2020-06-11 09:38:39.94,6002.34,6005,329815,6010,312819,6000,153363,5995,498870
2020-06-11 09:38:41.52,6002.34,6005,329815,6010,312819,6000,190434,5995,461979
2020-06-11 09:38:42.82,6002.34,6005,329815,6010,312819,6000,190434,5995,461979
2020-06-11 09:38:43.44,6002.34,6005,329815,6010,312819,6000,153563,5995,498850
2020-06-11 09:38:43.72,6002.34,6005,329815,6010,312819,6000,190454,5995,461979
2020-06-11 09:38:44.32,6002.34,6005,329815,6010,312819,6000,190454,5995,461979
2020-06-11 09:38:45.16,6002.34,6005,329815,6010,312819,6000,197454,5995,461979
2020-06-11 09:38:47.05,6002.34,6005,329815,6010,312819,6000,197454,5995,461979
2020-06-11 09:38:48.41,6002.34,6005,329846,6010,312819,6000,197454,5995,461979
2020-06-11 09:38:48.94,6002.34,6005,329846,6010,312819,6000,197454,5995,461979
2020-06-11 09:38:49.60,6002.34,6005,326209,6010,312819,6000,351082,5995,461979
2020-06-11 09:38:50.27,6002.34,6005,326209,6010,312819,6000,351582,5995,461984
2020-06-11 09:38:50.99,6002.34,6005,326209,6010,312819,6000,350738,5995,461984
2020-06-11 09:38:51.74,6002.34,6005,326219,6010,312819,6000,350838,5995,461984
2020-06-11 09:38:52.46,6002.34,6005,326219,6010,312819,6000,355014,5995,461984
2020-06-11 09:38:53.24,6002.34,6005,326219,6010,312819,6000,360624,5995,461984
2020-06-11 09:38:53.71,6002.34,6005,326219,6010,312819,6000,360624,5995,461984
2020-06-11 09:38:54.27,6002.34,6005,326219,6010,312819,6000,360629,5995,462484
2020-06-11 09:38:54.91,6002.34,6005,329856,6010,312819,6000,306992,5995,462484
2020-06-11 09:38:55.61,6002.34,6005,329856,6010,312819,6000,306997,5995,462484
2020-06-11 09:38:56.39,6003.36,6005,329856,6010,312819,6000,307207,5995,462484
2020-06-11 09:38:56.93,6003.36,6005,329856,6010,313814,6000,308207,5995,462484
2020-06-11 09:38:57.46,6003.36,6005,329856,6010,313814,6000,308596,5995,462484
2020-06-11 09:38:58.00,6003.36,6005,329856,6010,313814,6000,308597,5995,462484
2020-06-11 09:38:58.57,6003.36,6005,329856,6010,313814,6000,308597,5995,462484
2020-06-11 09:38:59.16,6003.36,6005,326219,6010,313814,6000,358597,5995,462484
2020-06-11 09:38:59.85,6003.36,6005,326219,6010,313814,6000,358498,5995,462584
2020-06-11 09:39:01.24,6003.36,6005,326219,6010,313814,6000,358748,5995,462584
2020-06-11 09:39:01.83,6003.36,6005,326219,6010,313814,6000,308748,5995,462584
2020-06-11 09:39:02.41,6003.36,6005,326219,6010,313814,6000,358758,5995,462584
2020-06-11 09:39:03.07,6003.36,6005,326219,6010,313814,6000,358758,5995,462584
2020-06-11 09:39:03.79,6003.36,6005,326219,6010,313814,6000,358758,5995,462584
2020-06-11 09:39:04.39,6003.36,6005,326209,6010,313804,6000,358758,5995,462584
2020-06-11 09:39:05.00,6003.36,6005,326209,6010,313804,6000,358758,5995,462584
2020-06-11 09:39:05.63,6003.36,6005,326209,6010,313804,6000,358668,5995,462614
2020-06-11 09:39:06.13,6003.36,6005,216607,6010,423406,6000,362315,5995,462614
2020-06-11 09:39:06.71,6003.36,6005,216607,6010,423406,6000,362316,5995,462614
2020-06-11 09:39:07.27,6003.36,6005,216607,6010,423406,6000,362316,5995,462605
2020-06-11 09:39:08.52,6004.39,6005,216607,6010,423406,6000,362316,5995,462605
2020-06-11 09:39:09.11,6005.18,6005,216607,6010,423406,6000,362316,5995,462705
2020-06-11 09:39:09.74,6005.18,6005,216597,6010,423406,6000,363316,5995,462705
2020-06-11 09:39:10.38,6005.18,6005,326199,6010,313804,6000,363316,5995,462705
2020-06-11 09:39:11.04,6005.18,6005,326199,6010,313804,6000,362317,5995,463705
2020-06-11 09:39:11.78,6005.18,6005,216597,6010,423406,6000,362317,5995,463705
2020-06-11 09:39:12.35,6005.18,6005,216597,6010,423406,6000,362317,5995,463705
2020-06-11 09:39:12.88,6005.18,6005,216597,6010,423406,6000,362317,5995,463705
2020-06-11 09:39:13.45,6005.18,6005,216596,6010,423406,6000,362317,5995,463705
2020-06-11 09:39:15.14,6005.18,6005,216596,6010,423406,6000,362344,5995,463705
2020-06-11 09:39:15.71,6005.18,6005,216556,6010,423406,6000,362344,5995,463705
2020-06-11 09:39:16.38,6004.42,6005,216556,6010,423406,6000,362345,5995,463705
2020-06-11 09:39:17.54,6004.39,6005,216556,6010,423406,6000,362345,5995,462705
2020-06-11 09:39:18.85,6004.65,6005,216556,6010,423406,6000,362348,5995,462705
2020-06-11 09:39:19.54,6004.65,6005,216456,6010,423406,6000,362348,5995,462705
2020-06-11 09:39:20.24,6004.65,6005,216656,6010,423406,6000,362348,5995,462705
2020-06-11 09:39:20.94,6004.65,6005,216696,6010,423406,6000,362348,5995,462705
2020-06-11 09:39:21.71,6004.65,6005,216896,6010,423406,6000,362398,5995,462705
2020-06-11 09:39:22.50,6004.65,6005,216896,6010,423406,6000,362351,5995,462705
2020-06-11 09:39:23.24,6004.65,6005,216796,6010,423406,6000,362251,5995,462705
2020-06-11 09:39:24.00,6004.65,6005,26218,6010,441884,6000,362251,5995,462705
2020-06-11 09:39:24.85,6004.65,6010,391884,6015,362024,6000,363341,5995,462705
2020-06-11 09:39:25.50,6005.41,6010,441885,6015,362024,6005,5000,6000,363341
2020-06-11 09:39:26.27,6005.41,6010,441885,6015,362024,6000,363841,5995,462705
2020-06-11 09:39:26.94,6005.41,6005,122000,6010,441886,6000,363841,5995,462705
2020-06-11 09:39:27.67,6006.67,6010,441886,6015,362024,6000,363841,5995,462705
2020-06-11 09:39:28.41,6006.44,6010,441886,6015,362024,6000,363841,5995,461605
2020-06-11 09:39:29.14,6006.44,6010,441886,6015,362024,6005,389,6000,363452
2020-06-11 09:39:30.11,6006.44,6010,441886,6015,362024,6005,390,6000,363452
2020-06-11 09:39:30.94,6006.44,6010,441885,6015,362024,6005,8340,6000,363452
2020-06-11 09:39:31.81,6006.44,6010,441885,6015,362024,6005,340,6000,404801
2020-06-11 09:39:32.58,6006.44,6010,451885,6015,362024,6005,10416,6000,402730
2020-06-11 09:39:33.34,6006.44,6010,451885,6015,362024,6005,10346,6000,402730
2020-06-11 09:39:34.14,6006.44,6010,451885,6015,362024,6005,2406,6000,402730
2020-06-11 09:39:35.52,6006.44,6005,117564,6010,451886,6000,400730,5995,461605
2020-06-11 09:39:36.17,6006.44,6005,114817,6010,451886,6000,400730,5995,461605
2020-06-11 09:39:36.84,6006.44,6005,15,6010,451886,6000,399640,5995,461605
2020-06-11 09:39:37.52,6006.44,6005,15,6010,451886,6000,399642,5995,461605
2020-06-11 09:39:38.14,6005.44,6010,450901,6015,362024,6000,400732,5995,461605
2020-06-11 09:39:38.84,6005.44,6005,132595,6010,433408,6000,400762,5995,461605
2020-06-11 09:39:39.61,6005.41,6005,132544,6010,433408,6000,399772,5995,461605
2020-06-11 09:39:40.97,6005.41,6005,132544,6010,433408,6000,399772,5995,461605
2020-06-11 09:39:41.55,6005.41,6005,132544,6010,433408,6000,399772,5995,462605
2020-06-11 09:39:42.28,6005.41,6005,132544,6010,433408,6000,400772,5995,462605
2020-06-11 09:39:42.94,6005.41,6005,132544,6010,433408,6000,400772,5995,462605
2020-06-11 09:39:43.64,6005.41,6005,182544,6010,433408,6000,400772,5995,462605
2020-06-11 09:39:44.28,6005.41,6005,182544,6010,433408,6000,400772,5995,462605
2020-06-11 09:39:44.97,6005.41,6005,182554,6010,433408,6000,401272,5995,462605
2020-06-11 09:39:45.64,6005.41,6005,182554,6010,433408,6000,401372,5995,462605
2020-06-11 09:39:46.25,6005.44,6005,182504,6010,433408,6000,401372,5995,462605
2020-06-11 09:39:46.84,6005.44,6005,182504,6010,433408,6000,402272,5995,462605
2020-06-11 09:39:47.47,6005.44,6005,182504,6010,433808,6000,402272,5995,462605
2020-06-11 09:39:48.14,6005.44,6005,182503,6010,433808,6000,402273,5995,462705
2020-06-11 09:39:48.87,6005.44,6005,182503,6010,433808,6000,402340,5995,462705
2020-06-11 09:39:49.64,6005.38,6005,182502,6010,433808,6000,402340,5995,462705
2020-06-11 09:39:50.45,6005.38,6005,182452,6010,433908,6000,402340,5995,462705
2020-06-11 09:39:51.07,6005.38,6005,182452,6010,433908,6000,403436,5995,462705
2020-06-11 09:39:52.60,6005.38,6005,163974,6010,452386,6000,408536,5995,462705
2020-06-11 09:39:53.37,6005.38,6005,163974,6010,452386,6000,408536,5995,462705
2020-06-11 09:39:54.60,6005.38,6005,163074,6010,452386,6000,408536,5995,462705
2020-06-11 09:39:55.21,6005.38,6005,162774,6010,452386,6000,409536,5995,462705
2020-06-11 09:39:55.84,6005.38,6005,10,6010,452386,6000,409546,5995,462705
2020-06-11 09:39:56.34,6005.38,6010,452386,6015,362124,6005,90,6000,410636
2020-06-11 09:39:56.95,6006.38,6010,452386,6015,362124,6000,410636,5995,462705
2020-06-11 09:39:57.63,6006.18,6010,452386,6015,362124,6000,410636,5995,462705
2020-06-11 09:39:58.37,6006.41,6010,402386,6015,362124,6005,122000,6000,410636
2020-06-11 09:39:59.07,6006.44,6010,401400,6015,362124,6005,122000,6000,416536
2020-06-11 09:39:59.68,6006.44,6010,400937,6015,362124,6005,122035,6000,416536
2020-06-11 09:40:00.31,6006.44,6010,400937,6015,362125,6005,172035,6000,416542
2020-06-11 09:40:01.15,6006.44,6010,400937,6015,362125,6005,122242,6000,416542
2020-06-11 09:40:01.91,6006.44,6010,400937,6015,362125,6005,132242,6000,416542
2020-06-11 09:40:02.65,6006.44,6010,400937,6015,362125,6005,132242,6000,416542
2020-06-11 09:40:03.34,6006.44,6010,400937,6015,362125,6005,132242,6000,417580
2020-06-11 09:40:04.04,6006.44,6010,400937,6015,367125,6005,133942,6000,417580
2020-06-11 09:40:04.68,6006.44,6010,400937,6015,367125,6005,183942,6000,417580
2020-06-11 09:40:05.48,6006.44,6010,400937,6015,367125,6005,183942,6000,417580
2020-06-11 09:40:06.21,6007.43,6010,400937,6015,367125,6005,220813,6000,380709
2020-06-11 09:40:06.91,6007.43,6010,400937,6015,367125,6005,220813,6000,380819
2020-06-11 09:40:07.57,6006.7,6010,400937,6015,367125,6005,220813,6000,380819
2020-06-11 09:40:08.15,6007.46,6010,400937,6015,367125,6005,224450,6000,380819
2020-06-11 09:40:08.74,6007.46,6010,400937,6015,367125,6005,326061,6000,379209
2020-06-11 09:40:09.41,6007.72,6010,400937,6015,367125,6005,326681,6000,379292
2020-06-11 09:40:10.11,6007.72,6010,397300,6015,370762,6005,326681,6000,379292
2020-06-11 09:40:10.83,6007.72,6010,397300,6015,370762,6005,376680,6000,379292
2020-06-11 09:40:11.65,6007.72,6010,397282,6015,370762,6005,374679,6000,379292
2020-06-11 09:40:12.50,6007.72,6010,287680,6015,480364,6005,374679,6000,379292
2020-06-11 09:40:14.44,6007.72,6010,269202,6015,498842,6005,374679,6000,379292
2020-06-11 09:40:15.41,6007.72,6010,287680,6015,480364,6005,374679,6000,379292
2020-06-11 09:40:16.14,6007.72,6010,287705,6015,480364,6005,375279,6000,379292
2020-06-11 09:40:16.94,6009.74,6010,287505,6015,480364,6005,375279,6000,379292
2020-06-11 09:40:18.22,6010.77,6010,279027,6015,498842,6005,375279,6000,379292
2020-06-11 09:40:18.83,6010.57,6010,297517,6015,480364,6005,375279,6000,379293
2020-06-11 09:40:19.38,6010.57,6010,297817,6015,480364,6005,375249,6000,379293
2020-06-11 09:40:20.13,6010.57,6010,297812,6015,480364,6005,375249,6000,379298
2020-06-11 09:40:20.57,6010.57,6010,297807,6015,480364,6005,375249,6000,379299
2020-06-11 09:40:21.14,6010.57,6010,407409,6015,370762,6005,375249,6000,379299
2020-06-11 09:40:22.25,6010.57,6010,407409,6015,370762,6005,375250,6000,379399
2020-06-11 09:40:22.55,6010.57,6010,297807,6015,480364,6005,375250,6000,379399
2020-06-11 09:40:23.35,6010.57,6010,407345,6015,370762,6005,375250,6000,379399
2020-06-11 09:40:24.41,6010.57,6010,407245,6015,370762,6005,375250,6000,379299
2020-06-11 09:40:24.85,6010.57,6010,297649,6015,480364,6005,375250,6000,379299
2020-06-11 09:40:25.55,6009.77,6010,297649,6015,480364,6005,375250,6000,379299
2020-06-11 09:40:26.50,6009.77,6010,279171,6015,498842,6005,375250,6000,379749
2020-06-11 09:40:26.97,6010.34,6010,279177,6015,498842,6005,375270,6000,379749
2020-06-11 09:40:28.08,6009.54,6010,120262,6015,498842,6005,375270,6000,379749
2020-06-11 09:40:28.38,6010.54,6010,40950,6015,498842,6005,383270,6000,379749
2020-06-11 09:40:29.11,6011.53,6015,448842,6020,348466,6010,8000,6005,383270
2020-06-11 09:40:30.17,6011.53,6015,448821,6020,348466,6010,10000,6005,373270
2020-06-11 09:40:31.23,6011.53,6015,437373,6020,348466,6010,27020,6005,373270
2020-06-11 09:40:31.64,6011.53,6015,487373,6020,348466,6010,27020,6005,373270
2020-06-11 09:40:32.81,6011.53,6010,122000,6015,487379,6005,372929,6000,379749
2020-06-11 09:40:33.14,6011.53,6010,500,6015,487379,6005,373029,6000,379749
2020-06-11 09:40:33.76,6011.53,6010,109703,6015,487379,6005,397439,6000,379749
2020-06-11 09:40:34.90,6011.53,6010,99703,6015,488379,6005,389459,6000,379749
2020-06-11 09:40:35.31,6011.53,6010,99703,6015,488379,6005,389459,6000,379749
2020-06-11 09:40:36.03,6011.82,6010,99704,6015,488379,6005,389459,6000,379798
2020-06-11 09:40:37.00,6011.59,6010,99704,6015,488379,6005,389459,6000,379798
2020-06-11 09:40:37.34,6010.77,6010,99704,6015,488379,6005,389459,6000,379818
2020-06-11 09:40:37.87,6010.79,6010,99702,6015,488379,6005,389459,6000,379818
2020-06-11 09:40:38.48,6010.79,6010,99702,6015,488379,6005,389459,6000,379818
2020-06-11 09:40:39.59,6010.79,6010,99702,6015,488379,6005,389459,6000,379818
2020-06-11 09:40:39.87,6010.79,6010,117880,6015,474901,6005,389459,6000,379948
2020-06-11 09:40:40.68,6010.79,6010,118289,6015,474901,6005,389479,6000,379948
2020-06-11 09:40:41.73,6010.79,6010,282528,6015,364299,6005,389479,6000,380148
2020-06-11 09:40:42.17,6010.79,6010,282528,6015,364299,6005,389479,6000,380148
2020-06-11 09:40:43.31,6010.79,6010,282828,6015,364299,6005,389479,6000,380148
2020-06-11 09:40:44.37,6010.79,6010,169589,6015,473901,6005,389479,6000,380173
2020-06-11 09:40:45.39,6010.79,6010,169589,6015,473901,6005,389479,6000,380173
2020-06-11 09:40:45.64,6010.79,6010,169589,6015,473901,6005,389479,6000,380173
2020-06-11 09:40:46.48,6010.79,6010,169517,6015,473901,6005,389979,6000,380173
2020-06-11 09:40:47.04,6009.28,6010,279092,6015,364299,6005,389979,6000,381246
2020-06-11 09:40:48.06,6009.51,6010,282719,6015,374299,6005,299742,6000,417846
2020-06-11 09:40:49.07,6009.54,6010,281669,6015,374299,6005,336352,6000,381251
2020-06-11 09:40:49.57,6007.72,6010,281669,6015,374299,6005,299752,6000,417851
2020-06-11 09:40:50.67,6007.72,6010,281969,6015,374299,6005,336352,6000,381251
2020-06-11 09:40:51.01,6007.72,6010,279857,6015,374309,6005,311942,6000,381251
2020-06-11 09:40:51.73,6007.72,6010,279855,6015,374309,6005,275342,6000,417851
2020-06-11 09:40:52.34,6007.72,6010,279855,6015,374309,6005,311942,6000,381251
2020-06-11 09:40:53.27,6007.72,6010,279855,6015,374309,6005,311942,6000,381251
2020-06-11 09:40:53.54,6007.72,6010,279855,6015,374309,6005,311947,6000,377751
2020-06-11 09:40:54.35,6007.72,6010,279855,6015,374309,6005,311457,6000,377251
2020-06-11 09:40:54.74,6007.72,6010,279827,6015,374309,6005,311457,6000,377251
2020-06-11 09:40:55.35,6007.72,6010,279827,6015,374304,6005,311457,6000,382251
2020-06-11 09:40:56.44,6007.72,6010,279777,6015,374380,6005,274857,6000,443282
2020-06-11 09:40:56.74,6007.72,6010,279777,6015,374380,6005,311457,6000,406682
2020-06-11 09:40:57.48,6008.26,6010,279278,6015,374380,6005,274862,6000,443282
2020-06-11 09:40:58.51,6007.49,6010,279278,6015,374380,6005,274862,6000,446282
2020-06-11 09:40:58.74,6007.49,6010,279258,6015,374380,6005,274862,6000,446332
2020-06-11 09:40:59.54,6007.49,6010,279258,6015,374380,6005,311462,6000,409732
2020-06-11 09:40:59.91,6007.49,6010,279258,6015,374380,6005,311462,6000,409732
2020-06-11 09:41:00.60,6007.49,6010,275621,6015,374380,6005,315099,6000,409732
2020-06-11 09:41:01.61,6007.49,6010,275521,6015,374380,6005,364999,6000,409742
2020-06-11 09:41:02.68,6007.49,6010,275471,6015,374380,6005,314999,6000,409742
2020-06-11 09:41:03.04,6007.49,6010,275471,6015,374380,6005,364999,6000,409742
2020-06-11 09:41:04.22,6007.49,6010,275471,6015,374380,6005,365004,6000,409742
2020-06-11 09:41:04.40,6007.49,6010,275421,6015,374390,6005,315004,6000,409742
2020-06-11 09:41:05.32,6007.49,6010,275521,6015,374390,6005,311367,6000,409742
2020-06-11 09:41:05.68,6007.49,6010,275321,6015,374390,6005,311367,6000,409742
2020-06-11 09:41:06.68,6008.49,6010,268318,6015,374390,6005,321367,6000,409742
2020-06-11 09:41:08.47,6008.49,6010,277955,6015,374390,6005,321367,6000,409742
2020-06-11 09:41:08.74,6008.49,6010,274518,6015,374390,6005,321367,6000,409742
2020-06-11 09:41:09.50,6008.49,6010,328155,6015,374390,6005,14613,6000,446613
2020-06-11 09:41:10.55,6007.23,6010,336155,6015,374390,6000,446613,5995,464196
2020-06-11 09:41:11.60,6007.23,6005,92000,6010,336231,6000,446613,5995,464196
2020-06-11 09:41:12.66,6007.23,6005,122000,6010,336231,6000,446618,5995,464196
2020-06-11 09:41:13.14,6007.23,6005,140478,6010,317753,6000,445534,5995,464196
2020-06-11 09:41:14.24,6007.23,6010,336231,6015,374324,6000,445534,5995,464196
2020-06-11 09:41:14.64,6007.23,6010,286231,6015,374324,6005,119784,6000,447214
2020-06-11 09:41:15.78,6007.23,6010,286031,6015,374324,6005,117714,6000,447214
2020-06-11 09:41:16.11,6006.44,6010,286235,6015,374324,6005,117714,6000,447314
2020-06-11 09:41:16.83,6005.67,6010,286335,6015,374325,6005,117714,6000,447314
2020-06-11 09:41:17.38,6006.44,6005,122000,6010,336335,6000,447314,5995,464196
2020-06-11 09:41:18.39,6006.44,6005,140475,6010,317867,6000,446224,5995,464196
2020-06-11 09:41:19.97,6005.44,6010,336345,6015,374825,6005,200,6000,446224
2020-06-11 09:41:20.34,6005.44,6005,121497,6010,336845,6000,446224,5995,464196
2020-06-11 09:41:21.14,6005.44,6005,139972,6010,348367,6000,446324,5995,464196
2020-06-11 09:41:22.06,6005.44,6005,121484,6010,366845,6000,446324,5995,464196
2020-06-11 09:41:23.11,6005.44,6010,366845,6015,374926,6000,446319,5995,464196
2020-06-11 09:41:23.55,6005.44,6005,139962,6010,348367,6000,446319,5995,464206
2020-06-11 09:41:24.65,6005.44,6005,139861,6010,348467,6000,446219,5995,464206
2020-06-11 09:41:25.04,6005.44,6005,139861,6010,348467,6000,446219,5995,464206
2020-06-11 09:41:26.76,6005.41,6005,139861,6010,348467,6000,446219,5995,464206
2020-06-11 09:41:27.31,6005.44,6005,139861,6010,348467,6000,446219,5995,464206
2020-06-11 09:41:28.31,6005.44,6005,139861,6010,348467,6000,446239,5995,464206
2020-06-11 09:41:28.72,6005.44,6005,139861,6010,348471,6000,446239,5995,464176
2020-06-11 09:41:29.43,6005.44,6005,349,6010,376950,6000,446240,5995,464258
2020-06-11 09:41:30.40,6005.44,6005,349,6010,376950,6000,446240,5995,464258
2020-06-11 09:41:30.78,6005.44,6005,148210,6010,358472,6000,446240,5995,464258
2020-06-11 09:41:31.48,6005.44,6005,129732,6010,376950,6000,446242,5995,464258
2020-06-11 09:41:32.53,6005.44,6005,129732,6010,376950,6000,446442,5995,464258
2020-06-11 09:41:33.01,6005.44,6005,129732,6010,376950,6000,446442,5995,464258
2020-06-11 09:41:34.07,6005.44,6005,8349,6010,376950,6000,448042,5995,464258
2020-06-11 09:41:34.45,6005.44,6010,326950,6015,375133,6000,448042,5995,464258
2020-06-11 09:41:35.07,6005.44,6010,326950,6015,375133,6005,117365,6000,449132
2020-06-11 09:41:35.67,6005.44,6010,376950,6015,375133,6005,5,6000,449687
2020-06-11 09:41:36.76,6005.44,6010,376950,6015,375133,6005,6,6000,449687
2020-06-11 09:41:36.98,6005.44,6010,376950,6015,375133,6000,449687,5995,464258
2020-06-11 09:41:37.79,6006.44,6010,326950,6015,375133,6000,449687,5995,464258
2020-06-11 09:41:38.21,6006.44,6010,376950,6015,375133,6005,7000,6000,449687
2020-06-11 09:41:39.54,6006.44,6010,376950,6015,375133,6005,1000,6000,450187
2020-06-11 09:41:40.01,6006.44,6010,376950,6015,375133,6005,1000,6000,450187
2020-06-11 09:41:40.71,6006.44,6010,376950,6015,375133,6005,1000,6000,450187
2020-06-11 09:41:41.51,6006.44,6010,376950,6015,375133,6005,1000,6000,450187
2020-06-11 09:41:42.48,6006.44,6010,376950,6015,375133,6005,9000,6000,450187
2020-06-11 09:41:42.84,6006.44,6010,318950,6015,375133,6005,126366,6000,450187
2020-06-11 09:41:45.13,6006.44,6010,318950,6015,375133,6005,126297,6000,450187
2020-06-11 09:41:45.34,6006.44,6010,318950,6015,375133,6005,126347,6000,450187
2020-06-11 09:41:46.19,6006.44,6010,318950,6015,375133,6005,126347,6000,450187
2020-06-11 09:41:46.57,6006.41,6010,368951,6015,375132,6005,8982,6000,450187
2020-06-11 09:41:47.24,6006.44,6010,369051,6015,375132,6005,8982,6000,450187
2020-06-11 09:41:48.30,6006.44,6010,319051,6015,375132,6005,126347,6000,450187
2020-06-11 09:41:48.47,6006.44,6010,319051,6015,375132,6005,126347,6000,450187
2020-06-11 09:41:48.91,6006.44,6010,369071,6015,375132,6005,8982,6000,450187
2020-06-11 09:41:49.88,6006.44,6005,131879,6010,350593,6000,450187,5995,509400
2020-06-11 09:41:50.33,6006.44,6005,130279,6010,360593,6000,448587,5995,509400
2020-06-11 09:41:51.46,6006.44,6005,1000,6010,379071,6000,447497,5995,509400
2020-06-11 09:41:51.74,6006.44,6005,1000,6010,379071,6000,447397,5995,509400
2020-06-11 09:41:52.49,6006.44,6005,112801,6010,379071,6000,447397,5995,509400
2020-06-11 09:41:53.55,6006.44,6005,131279,6010,360593,6000,447397,5995,509420
2020-06-11 09:41:53.94,6006.44,6005,131289,6010,360593,6000,447571,5995,509246
2020-06-11 09:41:55.11,6006.44,6005,131289,6010,360593,6000,447571,5995,509246
2020-06-11 09:41:55.21,6006.44,6005,130789,6010,360593,6000,447571,5995,509246
2020-06-11 09:41:56.13,6006.44,6005,130789,6010,360594,6000,447571,5995,509246
2020-06-11 09:41:57.22,6005.67,6005,130889,6010,360594,6000,447571,5995,509246
2020-06-11 09:41:57.71,6005.67,6005,112245,6010,379072,6000,447571,5995,509246
2020-06-11 09:41:58.32,6005.44,6010,379072,6015,375132,6005,2554,6000,447619
2020-06-11 09:41:59.28,6005.44,6005,109247,6010,387072,6000,447619,5995,509246
2020-06-11 09:42:00.31,6005.67,6005,129325,6010,369094,6000,447719,5995,509246
2020-06-11 09:42:00.64,6005.67,6005,129325,6010,369094,6000,447719,5995,510146
2020-06-11 09:42:01.35,6005.67,6005,129825,6010,369194,6000,447719,5995,510146
2020-06-11 09:42:02.74,6005.67,6005,111347,6010,387672,6000,447719,5995,510146
2020-06-11 09:42:03.49,6005.67,6005,2100,6010,387672,6000,447719,5995,510146
2020-06-11 09:42:04.67,6005.67,6010,329672,6015,375132,6005,115265,6000,448809
2020-06-11 09:42:05.61,6005.67,6010,329672,6015,375132,6005,115265,6000,448809
2020-06-11 09:42:06.67,6005.44,6010,379672,6015,375132,6000,448809,5995,510146
2020-06-11 09:42:06.91,6005.41,6010,379672,6015,375132,6005,100,6000,448809
2020-06-11 09:42:07.73,6006.44,6010,329672,6015,375132,6005,123365,6000,448810
2020-06-11 09:42:08.27,6006.44,6010,329672,6015,375132,6005,124866,6000,448810
2020-06-11 09:42:09.30,6006.44,6010,329672,6015,375132,6005,124866,6000,448809
2020-06-11 09:42:09.48,6006.44,6010,329672,6015,375132,6005,124866,6000,451187
2020-06-11 09:42:10.36,6006.44,6005,99646,6010,387672,6000,451187,5995,510147
2020-06-11 09:42:11.40,6006.44,6005,98846,6010,387672,6000,451187,5995,510147
2020-06-11 09:42:11.81,6006.44,6005,117324,6010,369194,6000,453429,5995,510147
2020-06-11 09:42:12.45,6006.44,6005,117324,6010,368894,6000,453429,5995,510147
2020-06-11 09:42:12.94,6006.44,6005,117324,6010,368894,6000,453429,5995,510147
2020-06-11 09:42:13.44,6006.44,6005,117024,6010,368894,6000,453429,5995,510147
2020-06-11 09:42:14.08,6006.44,6005,117024,6010,368894,6000,453429,5995,510147
2020-06-11 09:42:14.58,6006.44,6005,117024,6010,368894,6000,455429,5995,508147
2020-06-11 09:42:15.64,6006.44,6005,117024,6010,368895,6000,455429,5995,508147
2020-06-11 09:42:16.70,6005.67,6010,387373,6015,375582,6000,455429,5995,508147
2020-06-11 09:42:18.26,6005.44,6010,387373,6015,375582,6000,455429,5995,508147
2020-06-11 09:42:18.39,6005.67,6005,830,6010,387383,6000,455429,5995,508147
2020-06-11 09:42:19.29,6005.67,6005,830,6010,387383,6000,455429,5995,508147
2020-06-11 09:42:19.51,6005.67,6005,830,6010,387383,6000,455539,5995,508147
2020-06-11 09:42:20.34,6005.67,6005,107376,6010,397383,6000,455539,5995,508147
2020-06-11 09:42:20.75,6005.67,6005,8631,6010,397383,6000,455539,5995,508547
2020-06-11 09:42:21.43,6005.67,6005,8631,6010,397383,6000,455874,5995,508547
2020-06-11 09:42:23.54,6005.67,6005,8881,6010,397383,6000,455875,5995,508547
2020-06-11 09:42:24.21,6005.67,6005,8881,6010,397384,6000,455875,5995,508547
2020-06-11 09:42:25.56,6005.67,6005,8880,6010,401523,6000,455875,5995,508547
2020-06-11 09:42:25.95,6005.67,6005,8980,6010,401523,6000,455875,5995,508547
2020-06-11 09:42:27.09,6005.67,6005,8980,6010,401563,6000,455875,5995,508547
2020-06-11 09:42:28.10,6005.67,6010,351563,6015,375932,6005,114285,6000,455875
2020-06-11 09:42:28.24,6006.47,6010,351563,6015,375932,6005,114285,6000,455876
2020-06-11 09:42:29.29,6006.47,6010,343563,6015,375933,6005,114290,6000,455876
2020-06-11 09:42:30.27,6006.47,6010,343563,6015,375933,6005,114240,6000,455876
2020-06-11 09:42:31.27,6006.47,6010,393563,6015,375933,6005,5,6000,455876
2020-06-11 09:42:31.57,6006.47,6010,393563,6015,375933,6005,8005,6000,455876
2020-06-11 09:42:32.94,6006.47,6010,343563,6015,375933,6005,122240,6000,455876
2020-06-11 09:42:34.39,6006.47,6010,343563,6015,375933,6005,122240,6000,456886
2020-06-11 09:42:35.47,6006.47,6010,343563,6015,375933,6005,122540,6000,456886
2020-06-11 09:42:35.88,6006.47,6010,343613,6015,375933,6005,209411,6000,420115
2020-06-11 09:42:37.00,6006.47,6010,343613,6015,375933,6005,172811,6000,456715
2020-06-11 09:42:37.11,6006.47,6010,343863,6015,375683,6005,173311,6000,456715
2020-06-11 09:42:38.34,6007.46,6010,343863,6015,375683,6005,173616,6000,456715
2020-06-11 09:42:39.13,6007.46,6010,343863,6015,375683,6005,173527,6000,456715
2020-06-11 09:42:39.56,6007.46,6010,343863,6015,375683,6005,173006,6000,456986
2020-06-11 09:42:40.70,6007.46,6010,343863,6015,375683,6005,173277,6000,456715
2020-06-11 09:42:40.91,6007.46,6010,343863,6015,375683,6005,173277,6000,456723
2020-06-11 09:42:41.78,6007.46,6010,343863,6015,375683,6005,173006,6000,456994
2020-06-11 09:42:42.81,6007.46,6010,394863,6015,374683,6000,457094,5995,508547
2020-06-11 09:42:43.08,6007.46,6005,98546,6010,402863,6000,457094,5995,508547
2020-06-11 09:42:43.91,6007.46,6010,402863,6015,374683,6000,457094,5995,508547
2020-06-11 09:42:44.91,6007.46,6010,352863,6015,374683,6005,114235,6000,458185
2020-06-11 09:42:45.17,6007.46,6010,352863,6015,374683,6005,114235,6000,459685
2020-06-11 09:42:46.00,6007.46,6010,344863,6015,374683,6000,459685,5995,508547
2020-06-11 09:42:46.37,6007.46,6010,402863,6015,374683,6000,459685,5995,508547
2020-06-11 09:42:47.03,6006.21,6010,402863,6015,374683,6000,459685,5995,508547
2020-06-11 09:42:47.58,6006.44,6010,352863,6015,374683,6000,459705,5995,508547
2020-06-11 09:42:48.65,6006.44,6010,402799,6015,374683,6000,459705,5995,508547
2020-06-11 09:42:48.90,6006.44,6010,402799,6015,374683,6000,459705,5995,508547
2020-06-11 09:42:49.70,6006.47,6010,402999,6015,374683,6000,459805,5995,508547
2020-06-11 09:42:50.14,6006.47,6005,25,6010,402999,6000,459805,5995,508547
2020-06-11 09:42:51.26,6006.47,6010,352999,6015,374683,6005,114235,6000,459905
2020-06-11 09:42:51.51,6006.47,6010,352999,6015,374683,6005,114235,6000,467905
2020-06-11 09:42:52.28,6006.47,6010,352999,6015,374683,6005,114235,6000,467905
2020-06-11 09:42:53.34,6006.47,6010,352999,6015,374683,6005,114215,6000,464572
2020-06-11 09:42:53.64,6006.47,6010,352999,6015,374683,6000,464572,5995,508547
2020-06-11 09:42:54.42,6006.47,6005,1610,6010,402999,6000,464572,5995,508547
2020-06-11 09:42:55.64,6006.47,6005,1611,6010,402999,6000,464572,5995,508547
2020-06-11 09:42:56.48,6006.47,6005,9611,6010,402999,6000,463481,5995,508547
2020-06-11 09:42:57.78,6006.47,6005,9607,6010,403009,6000,463481,5995,508547
2020-06-11 09:42:58.57,6006.47,6005,9507,6010,403009,6000,463481,5995,508547
2020-06-11 09:42:59.63,6006.47,6005,9507,6010,403009,6000,463481,5995,508547
2020-06-11 09:42:59.93,6006.47,6005,124921,6010,384531,6000,463347,5995,508547
2020-06-11 09:43:01.76,6006.47,6005,124921,6010,384531,6000,463827,5995,508547
2020-06-11 09:43:02.79,6006.47,6005,124941,6010,384531,6000,463827,5995,508547
2020-06-11 09:43:03.10,6006.47,6005,114941,6010,384531,6000,463827,5995,508547
2020-06-11 09:43:04.41,6006.47,6005,114859,6010,384531,6000,463797,5995,508465
2020-06-11 09:43:05.54,6006.47,6005,115010,6010,384531,6000,463797,5995,508465
2020-06-11 09:43:08.63,6005.64,6005,106618,6010,384531,6000,463697,5995,508565
2020-06-11 09:43:09.57,6005.41,6005,106618,6010,384531,6000,463717,5995,508565
2020-06-11 09:43:11.13,6005.41,6005,106618,6010,384531,6000,463717,5995,508565
2020-06-11 09:43:11.54,6005.41,6005,279857,6010,274929,6000,460380,5995,508565
2020-06-11 09:43:12.71,6005.41,6005,280657,6010,274929,6000,410380,5995,512202
2020-06-11 09:43:13.15,6005.41,6005,280657,6010,274929,6000,410380,5995,512202
2020-06-11 09:43:14.27,6005.41,6005,280657,6010,274929,6000,460380,5995,512202
2020-06-11 09:43:14.51,6005.41,6005,280657,6010,274929,6000,460430,5995,512202
2020-06-11 09:43:15.32,6005.41,6005,287657,6010,276929,6000,460430,5995,512202
2020-06-11 09:43:15.77,6005.41,6005,287657,6010,276929,6000,460430,5995,512222
2020-06-11 09:43:16.44,6005.41,6005,287657,6010,276929,6000,410430,5995,512222
2020-06-11 09:43:17.39,6004.65,6005,287657,6010,276929,6000,410430,5995,512222
2020-06-11 09:43:17.74,6003.39,6005,282657,6010,276929,6000,410430,5995,512222
2020-06-11 09:43:18.33,6003.62,6005,282607,6010,276929,6000,410430,5995,512222
2020-06-11 09:43:18.94,6003.62,6005,282107,6010,276929,6000,410430,5995,512222
2020-06-11 09:43:20.03,6003.62,6005,282107,6010,286929,6000,410430,5995,512232
2020-06-11 09:43:20.27,6003.62,6005,284183,6010,286929,6000,373559,5995,549103
2020-06-11 09:43:21.05,6003.62,6005,284083,6010,286929,6000,373559,5995,549103
2020-06-11 09:43:22.10,6003.62,6005,284083,6010,286929,6000,373059,5995,549103
2020-06-11 09:43:23.35,6003.62,6005,284083,6010,286929,6000,273059,5995,549103
2020-06-11 09:43:24.21,6003.62,6005,284083,6010,286934,6000,179706,5995,549103
2020-06-11 09:43:25.24,6003.62,6005,284083,6010,286934,6000,313567,5995,512232
2020-06-11 09:43:25.53,6002.6,6005,284083,6010,286934,6000,413567,5995,512232
2020-06-11 09:43:26.28,6002.37,6005,284083,6010,286934,6000,413567,5995,512232
2020-06-11 09:43:27.34,6001.57,6005,284083,6010,286934,6000,463567,5995,512232
2020-06-11 09:43:27.53,6002.57,6005,284083,6010,286934,6000,413567,5995,512232
2020-06-11 09:43:28.67,6003.34,6005,284043,6010,286934,6000,413567,5995,512232
2020-06-11 09:43:29.45,6003.36,6005,284043,6010,286934,6000,413567,5995,512232
2020-06-11 09:43:30.84,6003.36,6005,334043,6010,286934,6000,179706,5995,549103
2020-06-11 09:43:31.44,6003.36,6005,334043,6010,286934,6000,181319,5995,549103
2020-06-11 09:43:32.87,6003.36,6005,334043,6010,286934,6000,181384,5995,549114
2020-06-11 09:43:33.69,6003.36,6005,284132,6010,286934,6000,181417,5995,549114
2020-06-11 09:43:34.75,6003.36,6005,284132,6010,286934,6000,274770,5995,549114
2020-06-11 09:43:35.81,6003.36,6005,282132,6010,286934,6000,274770,5995,549114
2020-06-11 09:43:36.87,6001.34,6005,282132,6010,286934,6000,181417,5995,549114
2020-06-11 09:43:37.04,6001.34,6005,332132,6010,286934,6000,181417,5995,549114
2020-06-11 09:43:37.92,6001.57,6005,332132,6010,286934,6000,181417,5995,549114
2020-06-11 09:43:38.34,6001.34,6005,282132,6010,286934,6000,274770,5995,549114
2020-06-11 09:43:39.01,6001.34,6005,282132,6010,286934,6000,181417,5995,549114
2020-06-11 09:43:40.01,6001.34,6005,282132,6010,286934,6000,181417,5995,549114
2020-06-11 09:43:40.40,6001.34,6005,332132,6010,286934,6000,181417,5995,549114
2020-06-11 09:43:41.14,6001.34,6005,332132,6010,286934,6000,181917,5995,549114
2020-06-11 09:43:42.12,6001.34,6005,332132,6010,286934,6000,181917,5995,549114
2020-06-11 09:43:43.18,6001.34,6005,332132,6010,286934,6000,181917,5995,549114
2020-06-11 09:43:43.51,6001.34,6005,332132,6010,286934,6000,131917,5995,549114
2020-06-11 09:43:44.30,6001.34,6000,135095,6005,313654,5995,541114,5990,396809
2020-06-11 09:43:45.04,6001.34,6000,135075,6005,313654,5995,541110,5990,396809
2020-06-11 09:43:46.36,6001.34,6000,185075,6005,313694,5995,541110,5990,396809
2020-06-11 09:43:46.83,6001.31,6000,294677,6005,204092,5995,541110,5990,396809
2020-06-11 09:43:47.96,6000.32,6000,185226,6005,313543,5995,541110,5990,396809
2020-06-11 09:43:49.02,5999.52,6000,188626,6005,313543,5995,541110,5990,396809
2020-06-11 09:43:50.05,5999.52,6000,190206,6005,313553,5995,541110,5990,396809
2020-06-11 09:43:51.11,5999.52,6000,190206,6005,313653,5995,541110,5990,396809
2020-06-11 09:43:51.47,5999.52,6000,142282,6005,336008,5995,541410,5990,396809
2020-06-11 09:43:52.24,5999.52,6000,142282,6005,336008,5995,541410,5990,396809
2020-06-11 09:43:53.21,5999.52,6000,142322,6005,336008,5995,541410,5990,396809
2020-06-11 09:43:53.61,5999.52,6000,123844,6005,354486,5995,541410,5990,396809
2020-06-11 09:43:54.25,5999.52,6000,142322,6005,336008,5995,541410,5990,396809
2020-06-11 09:43:54.85,5999.52,6000,142322,6005,336008,5995,541410,5990,396809
2020-06-11 09:43:55.94,5999.52,6000,142322,6005,336008,5995,540310,5990,396809
2020-06-11 09:43:57.21,6000.29,6000,142322,6005,336008,5995,540310,5990,396809
2020-06-11 09:43:57.88,6000.29,6000,15247,6005,354486,5995,540310,5990,396809
2020-06-11 09:43:58.97,6000.29,6000,7247,6005,304486,5995,540310,5990,396809
2020-06-11 09:43:59.35,6001.31,6000,124233,6005,354486,5995,540260,5990,396809
2020-06-11 09:44:00.52,6001.31,6000,15616,6005,354486,5995,545260,5990,396809
2020-06-11 09:44:00.84,6001.31,6005,304486,6010,304158,6000,77737,5995,553256
2020-06-11 09:44:01.61,6001.31,6005,354486,6010,304158,5995,553206,5990,396805
2020-06-11 09:44:02.41,6001.31,6005,354486,6010,304158,6000,500,5995,553356
2020-06-11 09:44:03.23,6001.31,6005,304486,6010,304158,6000,130550,5995,553356
2020-06-11 09:44:04.23,6001.31,6005,304486,6010,304158,6000,130550,5995,553356
2020-06-11 09:44:04.47,6001.31,6005,302486,6010,309158,6000,130550,5995,553356
2020-06-11 09:44:05.22,6001.31,6005,302486,6010,309158,6000,130538,5995,553356
2020-06-11 09:44:06.41,6001.31,6005,302486,6010,309168,6000,130583,5995,553356
2020-06-11 09:44:07.37,6001.54,6005,302486,6010,309243,6000,180583,5995,553356
2020-06-11 09:44:07.78,6002.31,6005,302493,6010,309243,6000,180583,5995,553356
2020-06-11 09:44:10.00,6002.34,6005,302531,6010,309243,6000,180583,5995,553356
2020-06-11 09:44:10.44,6002.34,6005,302531,6010,309243,6000,217461,5995,516485
2020-06-11 09:44:11.11,6002.34,6005,302550,6010,309243,6000,180590,5995,553356
2020-06-11 09:44:12.14,6002.34,6005,309102,6010,309243,6000,180610,5995,553356
2020-06-11 09:44:12.61,6002.34,6005,359102,6010,309243,6000,58610,5995,553856
2020-06-11 09:44:13.70,6002.34,6000,18478,6005,340624,5995,553856,5990,396015
2020-06-11 09:44:14.72,6002.34,6005,359102,6010,309243,6000,300,5995,553856
2020-06-11 09:44:15.11,6002.34,6005,375860,6010,309243,6000,119900,5995,553856
2020-06-11 09:44:15.78,6002.34,6005,375865,6010,309243,5995,553856,5990,396015
2020-06-11 09:44:16.81,6002.34,6000,2,6005,375865,5995,553856,5990,396015
2020-06-11 09:44:17.85,6001.54,6005,375865,6010,309243,5995,553856,5990,396015
2020-06-11 09:44:18.10,6000.55,6005,385865,6010,299243,5995,556856,5990,396015
2020-06-11 09:44:18.40,6000.55,6005,385865,6010,299243,6000,1,5995,556856
2020-06-11 09:44:19.04,6000.78,6000,9,6005,385865,5995,556857,5990,396015
2020-06-11 09:44:19.95,6000.78,6000,135084,6005,367387,5995,548857,5990,396015
2020-06-11 09:44:20.40,6000.78,6000,132136,6005,367387,5995,548857,5990,396015
2020-06-11 09:44:21.49,6000.78,6000,182136,6005,367387,5995,548357,5990,396015
2020-06-11 09:44:21.96,6000.78,6000,182136,6005,367387,5995,548362,5990,396015
2020-06-11 09:44:23.07,6000.78,6000,192035,6005,367387,5995,548362,5990,396015
2020-06-11 09:44:23.42,6000.78,6000,192035,6005,367387,5995,548362,5990,396015
2020-06-11 09:44:26.16,6000.78,6000,192035,6005,367387,5995,548662,5990,396015
2020-06-11 09:44:27.23,5999.52,6000,192035,6005,367387,5995,552662,5990,396015
2020-06-11 09:44:27.41,5999.52,6000,192164,6005,367347,5995,552662,5990,396015
2020-06-11 09:44:28.32,5999.52,6000,198710,6005,360800,5995,554232,5990,396015
2020-06-11 09:44:28.71,5999.52,6000,198725,6005,360800,5995,554232,5990,396015
2020-06-11 09:44:29.87,5999.52,6000,200720,6005,358800,5995,554232,5990,396015
2020-06-11 09:44:32.13,5999.52,6000,200720,6005,359300,5995,554232,5990,396015
2020-06-11 09:44:33.07,5999.52,6000,314959,6005,249698,5995,550605,5990,396015
2020-06-11 09:44:34.10,5999.52,6000,314959,6005,249698,5995,500605,5990,399652
2020-06-11 09:44:34.57,5999.52,6000,315031,6005,249698,5995,500605,5990,399652
2020-06-11 09:44:35.72,5999.52,6000,315031,6005,249698,5995,500538,5990,399572
2020-06-11 09:44:36.77,5999.52,6000,316127,6005,249698,5995,550458,5990,399542
2020-06-11 09:44:37.01,5999.27,6000,316127,6005,249698,5995,550383,5990,399472
2020-06-11 09:44:37.82,5998.01,6000,316126,6005,249698,5995,550303,5990,399372
2020-06-11 09:44:38.88,5999.01,6000,316128,6005,249698,5995,550303,5990,399372
2020-06-11 09:44:39.33,5998.24,6000,316128,6005,249698,5995,500403,5990,399372
2020-06-11 09:44:40.46,5998.24,6000,316128,6005,249698,5995,500303,5990,399372
2020-06-11 09:44:41.74,5998.24,6000,318202,6005,249698,5995,500303,5990,399372
2020-06-11 09:44:42.74,5998.24,6000,318192,6005,249698,5995,495303,5990,399372
2020-06-11 09:44:43.63,5998.24,6000,318192,6005,249698,5995,495303,5990,399372
2020-06-11 09:44:44.66,5998.24,6000,318192,6005,249698,5995,494903,5990,399372
2020-06-11 09:44:45.03,5998.24,6000,319749,6005,249698,5995,544903,5990,399372
2020-06-11 09:44:46.21,5998.24,6000,316112,6005,249698,5995,545003,5990,399372
2020-06-11 09:44:46.67,5998.01,6000,316112,6005,249698,5995,495003,5990,399902
2020-06-11 09:44:47.80,5998.47,6000,316112,6005,249698,5995,544998,5990,399902
2020-06-11 09:44:48.86,5998.27,6000,317157,6005,249698,5995,545119,5990,399903
2020-06-11 09:44:49.91,5998.27,6000,317157,6005,249698,5995,545519,5990,400003
2020-06-11 09:44:50.27,5998.27,6000,317157,6005,249698,5995,545519,5990,402503
2020-06-11 09:44:51.03,5998.27,6000,317157,6005,249698,5995,545519,5990,401503
2020-06-11 09:44:52.38,5998.27,6000,207555,6005,359300,5995,545149,5990,401903
2020-06-11 09:44:53.53,5998.27,6000,317157,6005,249698,5995,545149,5990,401903
2020-06-11 09:44:53.84,5998.27,6000,309157,6005,249698,5995,545149,5990,401904
2020-06-11 09:44:54.58,5998.27,6000,199555,6005,359300,5995,545149,5990,401904
2020-06-11 09:44:55.62,5998.27,6000,309157,6005,249698,5995,545149,5990,401904
2020-06-11 09:44:56.01,5998.27,6000,309157,6005,249698,5995,495149,5990,401904
2020-06-11 09:44:56.70,5999.27,6000,309157,6005,250198,5995,495149,5990,401904
2020-06-11 09:44:57.70,5999.27,6000,309157,6005,250198,5995,545149,5990,401904
2020-06-11 09:44:58.70,5998.27,6000,309329,6005,250198,5995,545149,5990,401904
2020-06-11 09:44:58.94,5998.27,6000,309329,6005,250198,5995,545149,5990,401904
2020-06-11 09:44:59.79,5998.27,6000,309329,6005,250199,5995,545149,5990,401904
2020-06-11 09:45:00.23,5998.27,6000,312966,6005,250199,5995,495149,5990,401904
2020-06-11 09:45:01.34,5998.27,6000,199727,6005,359801,5995,548786,5990,401904
2020-06-11 09:45:01.64,5998.27,6000,181166,6005,378279,5995,548786,5990,401904
2020-06-11 09:45:02.40,5998.27,6000,199644,6005,359801,5995,548952,5990,401904
2020-06-11 09:45:03.47,5998.27,6000,75761,6005,378279,5995,548952,5990,401904
2020-06-11 09:45:04.50,5998.27,6000,105406,6005,378279,5995,548952,5990,401904
2020-06-11 09:45:04.90,5998.27,6000,105406,6005,378279,5995,548952,5990,401904
2020-06-11 09:45:06.09,5998.27,6000,105406,6005,378279,5995,548962,5990,401904
2020-06-11 09:45:06.34,6000.03,6000,173884,6005,359801,5995,548962,5990,401904
2020-06-11 09:45:07.15,6000.29,6000,123884,6005,359801,5995,548962,5990,401904
2020-06-11 09:45:07.67,6000.29,6000,123884,6005,359801,5995,548962,5990,401904
2020-06-11 09:45:08.73,6000.29,6000,123884,6005,359801,5995,548962,5990,402571
2020-06-11 09:45:09.07,6000.29,6000,105406,6005,378279,5995,548972,5990,402571
2020-06-11 09:45:09.79,6000.29,6000,105376,6005,378279,5995,548972,5990,402571
2020-06-11 09:45:10.85,6000.29,6000,173854,6005,359801,5995,548982,5990,402572
2020-06-11 09:45:11.90,6000.29,6000,173347,6005,359801,5995,548982,5990,402572
2020-06-11 09:45:12.37,6000.29,6000,173347,6005,359801,5995,548982,5990,402572
2020-06-11 09:45:13.51,6000.29,6000,157869,6005,378279,5995,548982,5990,402572
2020-06-11 09:45:13.84,6000.29,6000,176347,6005,359801,5995,548982,5990,402572
2020-06-11 09:45:14.65,6000.29,6000,176347,6005,359801,5995,548982,5990,402572
2020-06-11 09:45:15.62,6000.29,6000,285949,6005,250199,5995,548982,5990,402572
2020-06-11 09:45:15.95,6000.29,6000,177347,6005,359801,5995,548982,5990,402572
2020-06-11 09:45:16.66,6000.06,6000,177347,6005,359801,5995,548982,5990,402572
2020-06-11 09:45:17.60,5999.27,6000,177347,6005,359801,5995,548982,5990,402572
2020-06-11 09:45:18.23,5999.29,6000,286849,6005,250199,5995,548982,5990,402572
2020-06-11 09:45:18.84,5999.29,6000,177247,6005,359801,5995,549338,5990,402572
2020-06-11 09:45:20.01,5999.29,6000,177247,6005,359801,5995,549338,5990,402572
2020-06-11 09:45:20.88,5999.29,6000,286849,6005,250199,5995,549338,5990,402572
2020-06-11 09:45:21.94,5999.29,6000,290545,6005,250199,5995,545701,5990,402572
2020-06-11 09:45:22.37,5999.29,6000,286908,6005,250199,5995,545701,5990,402572
2020-06-11 09:45:24.30,5999.29,6000,286898,6005,250199,5995,545711,5990,402572
2020-06-11 09:45:26.10,5999.29,6000,286898,6005,251873,5995,545711,5990,402572
2020-06-11 09:45:26.41,5999.04,6000,286899,6005,251873,5995,545711,5990,403572
2020-06-11 09:45:27.13,5999.04,6000,286899,6005,251873,5995,545731,5990,403572
2020-06-11 09:45:28.21,5999.04,6000,177297,6005,361475,5995,549368,5990,403572
2020-06-11 09:45:28.47,5999.04,6000,177297,6005,361475,5995,549368,5990,403572
2020-06-11 09:45:29.29,5999.27,6000,177297,6005,361475,5995,549368,5990,403587
2020-06-11 09:45:30.32,5999.27,6000,177297,6005,361475,5995,549368,5990,403587
2020-06-11 09:45:30.49,5999.27,6000,177131,6005,361475,5995,549368,5990,403587
2020-06-11 09:45:31.39,5999.27,6000,53783,6005,379953,5995,549368,5990,403587
2020-06-11 09:45:32.42,5999.27,6005,329953,6010,294329,5995,549368,5990,403587
2020-06-11 09:45:32.94,5999.27,6005,329953,6010,294329,6000,119898,5995,558368
2020-06-11 09:45:34.00,5999.27,6005,379953,6010,294329,5995,558398,5990,403587
2020-06-11 09:45:35.55,5999.27,6005,329953,6010,294329,6000,206769,5995,521527
2020-06-11 09:45:35.85,5999.27,6005,329953,6010,294329,6000,120198,5995,558398
2020-06-11 09:45:36.84,6001.09,6005,329953,6010,294329,6000,178198,5995,558398
2020-06-11 09:45:37.90,6002.11,6005,329953,6010,294329,6000,178469,5995,558127
2020-06-11 09:45:38.84,6002.11,6005,329953,6010,294429,6000,218706,5995,521927
2020-06-11 09:45:39.87,6003.14,6005,329953,6010,294429,6000,215069,5995,521927
2020-06-11 09:45:40.90,6003.14,6005,329953,6010,295254,6000,215069,5995,521927
2020-06-11 09:45:41.93,6003.14,6005,329953,6010,295254,6000,235596,5995,558798
2020-06-11 09:45:42.23,6003.14,6005,329953,6010,295254,6000,235596,5995,558998
2020-06-11 09:45:42.98,6003.14,6005,329953,6010,295754,6000,235867,5995,558727
2020-06-11 09:45:44.01,6003.14,6005,329953,6010,295754,6000,235867,5995,558727
2020-06-11 09:45:44.43,6003.14,6005,329953,6010,295754,6000,274027,5995,520557
2020-06-11 09:45:45.56,6003.14,6005,329953,6010,295754,6000,274037,5995,520557
2020-06-11 09:45:45.84,6003.14,6005,331405,6010,295754,6000,274037,5995,520557
2020-06-11 09:45:46.59,6002.37,6005,331405,6010,295754,6000,237166,5995,557428
2020-06-11 09:45:47.65,6002.08,6005,331405,6010,295754,6000,237166,5995,557428
2020-06-11 09:45:47.93,6002.31,6005,331655,6010,295754,6000,237166,5995,557428
2020-06-11 09:45:49.84,6002.34,6005,331655,6010,295754,6000,237166,5995,557428
2020-06-11 09:45:50.77,6002.34,6005,381655,6010,295754,6000,27218,5995,557428
2020-06-11 09:45:51.81,6002.34,6000,122000,6005,364897,5995,557428,5990,403667
2020-06-11 09:45:52.07,6002.34,6000,198678,6005,346519,5995,549428,5990,403667
2020-06-11 09:45:52.85,6002.34,6000,198678,6005,346519,5995,549428,5990,404539
2020-06-11 09:45:53.90,6002.34,6000,198678,6005,346519,5995,549428,5990,404539
2020-06-11 09:45:54.32,6002.34,6000,58200,6005,364997,5995,549428,5990,404539
2020-06-11 09:45:54.99,6002.34,6000,198678,6005,346519,5995,549428,5990,404539
2020-06-11 09:45:55.99,6002.34,6000,198878,6005,346519,5995,548428,5990,404539
2020-06-11 09:45:56.13,6001.09,6000,200448,6005,346519,5995,548428,5990,404539
2020-06-11 09:45:57.04,6000.32,6000,310050,6005,236917,5995,548428,5990,404539
2020-06-11 09:45:57.51,6000.32,6000,308800,6005,236917,5995,548428,5990,404539
2020-06-11 09:45:58.60,5999.27,6000,308935,6005,236917,5995,548428,5990,404539
2020-06-11 09:45:58.94,5999.27,6000,199333,6005,346519,5995,548428,5990,404539
2020-06-11 09:45:59.71,5999.27,6000,199333,6005,346519,5995,548428,5990,404539
2020-06-11 09:46:00.68,5999.27,6000,199333,6005,347519,5995,548428,5990,404539
2020-06-11 09:46:01.69,5999.27,6000,199333,6005,347519,5995,548428,5990,404539
2020-06-11 09:46:03.30,5999.27,6000,199333,6005,347519,5995,548428,5990,404539
2020-06-11 09:46:03.74,5999.27,6000,199346,6005,347519,5995,548429,5990,404539
2020-06-11 09:46:05.30,5999.27,6000,308948,6005,237917,5995,548429,5990,404539
2020-06-11 09:46:06.46,6000.29,6000,308948,6005,237917,5995,548429,5990,404539
2020-06-11 09:46:06.88,5999.29,6000,308948,6005,237917,5995,548429,5990,404539
2020-06-11 09:46:08.30,5998.24,6000,308948,6005,237917,5995,548430,5990,404539
2020-06-11 09:46:09.33,5999.01,6000,308948,6005,237917,5995,548430,5990,404539
2020-06-11 09:46:10.13,5999.01,6000,308949,6005,237917,5995,548430,5990,404539
2020-06-11 09:46:10.71,5999.01,6000,308948,6005,237917,5995,548430,5990,404540
2020-06-11 09:46:12.20,5999.01,6000,308948,6005,237917,5995,544793,5990,404540
2020-06-11 09:46:12.61,5999.01,6000,308948,6005,237917,5995,544793,5990,404540
2020-06-11 09:46:14.20,5999.01,6000,314948,6005,237917,5995,544793,5990,404540
2020-06-11 09:46:15.31,5999.01,6000,318585,6005,237917,5995,494793,5990,404540
2020-06-11 09:46:15.73,5999.01,6000,315092,6005,237917,5995,494793,5990,404540
2020-06-11 09:46:16.88,5999.01,6000,315092,6005,237917,5995,494794,5990,404540
2020-06-11 09:46:17.92,5997.98,6000,315223,6005,237917,5995,541793,5990,404540
2020-06-11 09:46:18.50,5997.98,6000,315223,6005,237917,5995,541793,5990,404540
2020-06-11 09:46:19.50,5998.21,6000,315222,6005,237917,5995,541793,5990,404540
2020-06-11 09:46:19.94,5998.21,6000,315222,6005,237917,5995,541793,5990,404540
2020-06-11 09:46:21.06,5998.21,6000,315222,6005,237917,5995,541793,5990,404540
2020-06-11 09:46:21.51,5998.21,6000,315222,6005,237917,5995,541794,5990,404540
2020-06-11 09:46:22.61,5998.21,6000,315021,6005,237917,5995,541794,5990,404540
2020-06-11 09:46:22.87,5998.21,6000,314921,6005,237917,5995,541794,5990,404540
2020-06-11 09:46:23.65,5998.21,6000,307921,6005,237917,5995,541794,5990,404540
2020-06-11 09:46:24.01,5998.21,6000,308789,6005,236917,5995,541794,5990,404541
2020-06-11 09:46:24.72,5998.21,6000,308789,6005,236917,5995,541794,5990,404541
2020-06-11 09:46:25.08,5998.21,6000,310463,6005,235243,5995,541794,5990,404541
2020-06-11 09:46:25.78,5998.21,6000,310859,6005,235243,5995,541294,5990,404541
2020-06-11 09:46:26.81,5998.27,6000,201257,6005,344845,5995,544531,5990,404941
2020-06-11 09:46:27.17,5999.04,6000,201157,6005,344845,5995,544531,5990,404941
2020-06-11 09:46:27.87,5999.04,6000,310759,6005,235243,5995,544531,5990,404941
2020-06-11 09:46:28.92,5999.27,6000,201157,6005,344845,5995,544531,5990,404941
2020-06-11 09:46:30.43,5999.27,6000,310729,6005,236134,5995,544531,5990,404941
2020-06-11 09:46:31.56,5999.27,6000,310729,6005,236134,5995,490894,5990,404951
2020-06-11 09:46:32.59,5999.27,6000,310729,6005,236134,5995,491394,5990,404951
2020-06-11 09:46:33.07,5999.27,6000,312300,6005,236134,5995,491394,5990,404951
2020-06-11 09:46:34.24,5999.27,6000,312295,6005,236135,5995,491394,5990,404951
2020-06-11 09:46:35.21,5999.27,6000,313426,6005,236135,5995,454523,5990,441822
2020-06-11 09:46:35.46,5999.27,6000,313426,6005,236135,5995,454523,5990,441822
2020-06-11 09:46:36.28,5999.27,6000,313426,6005,236135,5995,454523,5990,441822
2020-06-11 09:46:37.34,5997.98,6000,313426,6005,236135,5995,455523,5990,441822
2020-06-11 09:46:39.46,5997.24,6000,313526,6005,236135,5995,455523,5990,441822
2020-06-11 09:46:39.74,5997.24,6000,313526,6005,236135,5995,455224,5990,441822
2020-06-11 09:46:40.52,5997.24,6000,309889,6005,236135,5995,492095,5990,404951
2020-06-11 09:46:41.57,5997.24,6000,309888,6005,236135,5995,492095,5990,404951
2020-06-11 09:46:41.80,5997.24,6000,309878,6005,236135,5995,487107,5990,404952
2020-06-11 09:46:43.10,5997.24,6000,309878,6005,236135,5995,487107,5990,404952
2020-06-11 09:46:44.73,5997.24,6000,313878,6005,236135,5995,487107,5990,404952
2020-06-11 09:46:45.90,5997.24,6000,315330,6005,234683,5995,487107,5990,404952
2020-06-11 09:46:46.82,5998.01,6000,315330,6005,234683,5995,487107,5990,404952
2020-06-11 09:46:46.93,5998.04,6000,315330,6005,234933,5995,487107,5990,404952
2020-06-11 09:46:47.94,5997.24,6000,315330,6005,234933,5995,487107,5990,404952
2020-06-11 09:46:48.35,5997.24,6000,315230,6005,234933,5995,487007,5990,404952
2020-06-11 09:46:50.54,5998.01,6000,315255,6005,234933,5995,487007,5990,404952
2020-06-11 09:46:50.80,5998.01,6000,315255,6005,234933,5995,487007,5990,404952
2020-06-11 09:46:51.50,5998.01,6000,315255,6005,234933,5995,487007,5990,404952
2020-06-11 09:46:52.14,5998.01,6000,315255,6005,234933,5995,487007,5990,404952
2020-06-11 09:46:53.10,5998.01,6000,315788,6005,234933,5995,487007,5990,404952
2020-06-11 09:46:53.22,5998.01,6000,315788,6005,234933,5995,487207,5990,404952
2020-06-11 09:46:54.22,5998.01,6000,315788,6005,234933,5995,537207,5990,404952
2020-06-11 09:46:54.68,5998.01,6000,315920,6005,234933,5995,540844,5990,404952
2020-06-11 09:46:55.69,5998.01,6000,315920,6005,234933,5995,540844,5990,404952
2020-06-11 09:46:55.91,5998.01,6000,315920,6005,234933,5995,540844,5990,404952
2020-06-11 09:46:56.75,5998.24,6000,315920,6005,234973,5995,540844,5990,404952
2020-06-11 09:46:57.03,5998.24,6000,315920,6005,234973,5995,540844,5990,404452
2020-06-11 09:46:58.71,5999.04,6000,315920,6005,234973,5995,540844,5990,404452
2020-06-11 09:46:59.27,5999.04,6000,206318,6005,344575,5995,540844,5990,404452
2020-06-11 09:46:59.86,5999.04,6000,206318,6005,344575,5995,540846,5990,404452
2020-06-11 09:47:00.50,5999.04,6000,206318,6005,344575,5995,540846,5990,404452
2020-06-11 09:47:01.49,5999.04,6000,206318,6005,344575,5995,540846,5990,404452
2020-06-11 09:47:02.52,5999.04,6000,206318,6005,344575,5995,540846,5990,404452
2020-06-11 09:47:02.81,5999.04,6000,206318,6005,344575,5995,541046,5990,404452
2020-06-11 09:47:04.03,5999.04,6000,206318,6005,344575,5995,541096,5990,404453
2020-06-11 09:47:05.16,5999.04,6000,316370,6005,234973,5995,491096,5990,404453
2020-06-11 09:47:05.44,5999.04,6000,316370,6005,234973,5995,487459,5990,404453
2020-06-11 09:47:07.73,5998.24,6000,316370,6005,234973,5995,487459,5990,404453
2020-06-11 09:47:08.03,5998.27,6000,316369,6005,235173,5995,487459,5990,409503
2020-06-11 09:47:08.81,5998.27,6000,320003,6005,235763,5995,450389,5990,446374
2020-06-11 09:47:09.84,5997.22,6000,320003,6005,235763,5995,448300,5990,446374
2020-06-11 09:47:10.01,5997.22,6000,316366,6005,235763,5995,448300,5990,446374
2020-06-11 09:47:10.87,5997.22,6000,319642,6005,235763,5995,448300,5990,446374
2020-06-11 09:47:11.14,5997.22,6000,319642,6005,235763,5995,449300,5990,446374
2020-06-11 09:47:11.94,5997.22,6000,319642,6005,235763,5995,486181,5990,409503
2020-06-11 09:47:13.50,5997.22,6000,316366,6005,235763,5995,486181,5990,409503
2020-06-11 09:47:13.81,5997.22,6000,316366,6005,235763,5995,486237,5990,409503
2020-06-11 09:47:15.11,5997.22,6000,316366,6005,235763,5995,486537,5990,409503
2020-06-11 09:47:16.17,5997.22,6000,316366,6005,235763,5995,486547,5990,409503
2020-06-11 09:47:16.70,5997.24,6000,316366,6005,228763,5995,486563,5990,409503
2020-06-11 09:47:17.25,5997.24,6000,316366,6005,228763,5995,486563,5990,409503
2020-06-11 09:47:18.14,5997.24,6000,316366,6005,228763,5995,486563,5990,409503
2020-06-11 09:47:18.70,5997.24,6000,316366,6005,228763,5995,486563,5990,409504
2020-06-11 09:47:19.23,5997.24,6000,316366,6005,228763,5995,486563,5990,409504
2020-06-11 09:47:19.87,5997.24,6000,316366,6005,228763,5995,486563,5990,409504
2020-06-11 09:47:20.89,5997.24,6000,316366,6005,228763,5995,449692,5990,446375
2020-06-11 09:47:21.20,5997.24,6000,320003,6005,228763,5995,450092,5990,446375
2020-06-11 09:47:22.46,5997.24,6000,320003,6005,228763,5995,303576,5990,446375
2020-06-11 09:47:23.49,5997.24,6000,320003,6005,228963,5995,353576,5990,446375
2020-06-11 09:47:24.74,5997.24,6000,320003,6005,228963,5995,353576,5990,446375
2020-06-11 09:47:25.56,5997.24,6000,320003,6005,228963,5995,353577,5990,446375
2020-06-11 09:47:25.90,5997.24,6000,320003,6005,228963,5995,353677,5990,446375
2020-06-11 09:47:26.59,5997.24,6000,320003,6005,228963,5995,353677,5990,446375
2020-06-11 09:47:27.68,5996.99,6000,316376,6005,228963,5995,389548,5990,409504
2020-06-11 09:47:28.24,5997.02,6000,316376,6005,228963,5995,389548,5990,409504
2020-06-11 09:47:30.23,5998.01,6000,316376,6005,228072,5995,389548,5990,409505
2020-06-11 09:47:30.63,5998.01,6000,316376,6005,228072,5995,389548,5990,409505
2020-06-11 09:47:31.27,5998.01,6000,316376,6005,228072,5995,389548,5990,409505
2020-06-11 09:47:32.30,5998.01,6000,316376,6005,228072,5995,389565,5990,409505
2020-06-11 09:47:34.38,5998.01,6000,316376,6005,228072,5995,389565,5990,393727
2020-06-11 09:47:34.87,5998.01,6000,316376,6005,228072,5995,389566,5990,394727
2020-06-11 09:47:36.94,5998.01,6000,316376,6005,228072,5995,389576,5990,394727
2020-06-11 09:47:37.41,5998.01,6000,316376,6005,228072,5995,390076,5990,394727
2020-06-11 09:47:38.01,5998.01,6000,320013,6005,228072,5995,353205,5990,431598
2020-06-11 09:47:39.10,5998.01,6000,320013,6005,228072,5995,353476,5990,431347
2020-06-11 09:47:39.32,5997.22,6000,320013,6005,228072,5995,353205,5990,431618
2020-06-11 09:47:40.10,5997.22,6000,320013,6005,228072,5995,353218,5990,431618
2020-06-11 09:47:40.47,5997.22,6000,320013,6005,228072,5995,390089,5990,394747
2020-06-11 09:47:41.18,5997.22,6000,320013,6005,228072,5995,390089,5990,394747
2020-06-11 09:47:42.72,5997.22,6000,320113,6005,228072,5995,390089,5990,394747
2020-06-11 09:47:42.83,5997.22,6000,320113,6005,228072,5995,390089,5990,394747
2020-06-11 09:47:43.96,5997.22,6000,320293,6005,228072,5995,390089,5990,394747
2020-06-11 09:47:44.88,5997.22,6000,320290,6005,228072,5995,353218,5990,431618
2020-06-11 09:47:45.27,5997.22,6000,316653,6005,228072,5995,393726,5990,394747
2020-06-11 09:47:45.86,5997.22,6000,318253,6005,228072,5995,393726,5990,394747
2020-06-11 09:47:46.97,5997.22,6000,318253,6005,228072,5995,393726,5990,394747
2020-06-11 09:47:47.17,5997.22,6000,318253,6005,228072,5995,543725,5990,394747
2020-06-11 09:47:48.03,5998.24,6000,318253,6005,228072,5995,543725,5990,394747
2020-06-11 09:47:49.06,5998.24,6000,318253,6005,228072,5995,543725,5990,394747
2020-06-11 09:47:49.24,5998.24,6000,318253,6005,228072,5995,545480,5990,394747
2020-06-11 09:47:50.30,5999.04,6000,318252,6005,228072,5995,545480,5990,394747
2020-06-11 09:47:51.50,5999.04,6000,318252,6005,228072,5995,545480,5990,394747
2020-06-11 09:47:52.70,5999.04,6000,321889,6005,228072,5995,454972,5990,431618
2020-06-11 09:47:53.80,5999.04,6000,321889,6005,228172,5995,455243,5990,431347
2020-06-11 09:47:54.06,5999.04,6000,321889,6005,228172,5995,491843,5990,394747
2020-06-11 09:47:54.84,5999.04,6000,321890,6005,228172,5995,492043,5990,394747
2020-06-11 09:47:55.89,5999.04,6000,321890,6005,228172,5995,492043,5990,394747
2020-06-11 09:47:56.20,5999.04,6000,318253,6005,228172,5995,492043,5990,394747
2020-06-11 09:47:56.89,5997.22,6000,319253,6005,228172,5995,492043,5990,394747
2020-06-11 09:47:57.95,5997.22,6000,319253,6005,228172,5995,492043,5990,394747
2020-06-11 09:47:59.00,5997.22,6000,319254,6005,228172,5995,492043,5990,394747
2020-06-11 09:47:59.44,5997.22,6000,319254,6005,228172,5995,492044,5990,394747
2020-06-11 09:48:01.09,5997.22,6000,306191,6005,228172,5995,492044,5990,394747
2020-06-11 09:48:02.20,5997.22,6000,306141,6005,228172,5995,492044,5990,394747
2020-06-11 09:48:03.22,5997.22,6000,306141,6005,228172,5995,455444,5990,431347
2020-06-11 09:48:03.73,5997.22,6000,309867,6005,228372,5995,355173,5990,431618
2020-06-11 09:48:04.78,5997.22,6000,309867,6005,228372,5995,355093,5990,431618
2020-06-11 09:48:05.84,5997.22,6000,306230,6005,228372,5995,391974,5990,394747
2020-06-11 09:48:06.87,5997.98,6000,306230,6005,228372,5995,355103,5990,431618
2020-06-11 09:48:07.20,5997.02,6000,306530,6005,228372,5995,355103,5990,431618
2020-06-11 09:48:07.93,5997.02,6000,309177,6005,228372,5995,355153,5990,431618
2020-06-11 09:48:09.00,5997.02,6000,309177,6005,228372,5995,355254,5990,431618
2020-06-11 09:48:09.34,5997.24,6000,306530,6005,228372,5995,395762,5990,394747
2020-06-11 09:48:10.10,5997.24,6000,196928,6005,337974,5995,545762,5990,394747
2020-06-11 09:48:11.15,5997.24,6000,196928,6005,337974,5995,545763,5990,394747
2020-06-11 09:48:11.37,5997.24,6000,196928,6005,337974,5995,545863,5990,394747
2020-06-11 09:48:12.21,5997.24,6000,14889,6005,356452,5995,545863,5990,394747
2020-06-11 09:48:13.28,5997.24,6000,14589,6005,356452,5995,545663,5990,394647
2020-06-11 09:48:13.74,5997.24,6000,213067,6005,337974,5995,545616,5990,394647
2020-06-11 09:48:14.87,5997.24,6000,322669,6005,228372,5995,545616,5990,394647
2020-06-11 09:48:15.92,5997.24,6000,326305,6005,228372,5995,491979,5990,394647
2020-06-11 09:48:16.24,6000.03,6000,326416,6005,228372,5995,491979,5990,394647
2020-06-11 09:48:16.99,6001.06,6000,322779,6005,228372,5995,455108,5990,431518
2020-06-11 09:48:18.06,5998.27,6000,322679,6005,228372,5995,455108,5990,431518
2020-06-11 09:48:18.26,5997.22,6000,323179,6005,228372,5995,491979,5990,394647
2020-06-11 09:48:19.10,5997.22,6000,324070,6005,238372,5995,491979,5990,394647
2020-06-11 09:48:21.16,5997.22,6000,324070,6005,255525,5995,455108,5990,431518
2020-06-11 09:48:22.76,5997.22,6000,324070,6005,255525,5995,491980,5990,394647
2020-06-11 09:48:22.93,5997.22,6000,324170,6005,255525,5995,491980,5990,394647
2020-06-11 09:48:23.82,5997.22,6000,324170,6005,255527,5995,491980,5990,394647
2020-06-11 09:48:24.83,5997.22,6000,323990,6005,255527,5995,491980,5990,394647
2020-06-11 09:48:25.04,5997.22,6000,323990,6005,255527,5995,455109,5990,431518
2020-06-11 09:48:25.88,5997.22,6000,323990,6005,256860,5995,455380,5990,431247
2020-06-11 09:48:26.24,5997.22,6000,323990,6005,256862,5995,455380,5990,431258
2020-06-11 09:48:26.97,5997.98,6000,323990,6005,256862,5995,491880,5990,394658
2020-06-11 09:48:28.02,5997.22,6000,309855,6005,256862,5995,545517,5990,394658
2020-06-11 09:48:28.27,5997.24,6000,203072,6005,366464,5995,545517,5990,394658
2020-06-11 09:48:29.08,5997.24,6000,203072,6005,366464,5995,545517,5990,394658
2020-06-11 09:48:30.44,5999.04,6000,312674,6005,256914,5995,545517,5990,394658
2020-06-11 09:48:31.69,5999.04,6000,312674,6005,256914,5995,545517,5990,394658
2020-06-11 09:48:31.89,5999.04,6000,312674,6005,256914,5995,545517,5990,394658
2020-06-11 09:48:33.14,5999.04,6000,312674,6005,256916,5995,545517,5990,394658
2020-06-11 09:48:33.83,5999.04,6000,312674,6005,256916,5995,545517,5990,394658
2020-06-11 09:48:34.82,5999.04,6000,318274,6005,256916,5995,545517,5990,394658
2020-06-11 09:48:35.24,5999.04,6000,208672,6005,366518,5995,545517,5990,394658
2020-06-11 09:48:35.89,5999.04,6000,208672,6005,366520,5995,545517,5990,394758
2020-06-11 09:48:36.91,5998.27,6000,208172,6005,366520,5995,545517,5990,394758
2020-06-11 09:48:37.08,5998.24,6000,208172,6005,366520,5995,545517,5990,394758
2020-06-11 09:48:37.97,5999.04,6000,207912,6005,366520,5995,545517,5990,394758
2020-06-11 09:48:38.27,5999.04,6000,207911,6005,368020,5995,545517,5990,394758
2020-06-11 09:48:38.99,5999.04,6000,207411,6005,368020,5995,545517,5990,394758
2020-06-11 09:48:39.33,5999.04,6000,188933,6005,386498,5995,535517,5990,394758
2020-06-11 09:48:40.03,5999.27,6000,188933,6005,386498,5995,535517,5990,394758
2020-06-11 09:48:41.27,5999.27,6000,188933,6005,386498,5995,535517,5990,394758
2020-06-11 09:48:42.14,5999.27,6000,188933,6005,396498,5995,537517,5990,394758
2020-06-11 09:48:42.56,5999.27,6000,207411,6005,378020,5995,537517,5990,394758
2020-06-11 09:48:43.70,5999.27,6000,207413,6005,378020,5995,537117,5990,395158
2020-06-11 09:48:43.87,5999.27,6000,207413,6005,378020,5995,537117,5990,395158
2020-06-11 09:48:44.78,5999.27,6000,207413,6005,378020,5995,537049,5990,395158
2020-06-11 09:48:45.06,5999.27,6000,203069,6005,378020,5995,537049,5990,395158
2020-06-11 09:48:45.81,5999.27,6000,203071,6005,378020,5995,537049,5990,395158
2020-06-11 09:48:46.31,6000.03,6000,203071,6005,378021,5995,537049,5990,395158
2020-06-11 09:48:47.92,6000.03,6000,202971,6005,378021,5995,537049,5990,395158
2020-06-11 09:48:48.19,6000.03,6000,316212,6005,268419,5995,483412,5990,395158
2020-06-11 09:48:48.98,6000.03,6000,316222,6005,268419,5995,483412,5990,395158
2020-06-11 09:48:50.23,5998.24,6000,316224,6005,268419,5995,483412,5990,395158
2020-06-11 09:48:51.11,5998.24,6000,316224,6005,268419,5995,446812,5990,431758
2020-06-11 09:48:52.12,5998.24,6000,316224,6005,268419,5995,446541,5990,432079
2020-06-11 09:48:52.61,5998.24,6000,316224,6005,268419,5995,483412,5990,395208
2020-06-11 09:48:53.70,5998.24,6000,316226,6005,268419,5995,483409,5990,395208
2020-06-11 09:48:54.04,5998.24,6000,312589,6005,268419,5995,534409,5990,395208
2020-06-11 09:48:55.81,5998.24,6000,312489,6005,268419,5995,534409,5990,395208
2020-06-11 09:48:56.14,5997.22,6000,312489,6005,268419,5995,484409,5990,395208
2020-06-11 09:48:56.87,5997.98,6000,312683,6005,268419,5995,484410,5990,395208
2020-06-11 09:48:57.92,5998.98,6000,312752,6005,268419,5995,484390,5990,395208
2020-06-11 09:48:58.17,5998.24,6000,203151,6005,378021,5995,538027,5990,395208
2020-06-11 09:48:58.98,5998.24,6000,203151,6005,378021,5995,538027,5990,395208
2020-06-11 09:49:00.56,5999.27,6000,203151,6005,378021,5995,538027,5990,395208
2020-06-11 09:49:00.93,5999.27,6000,184773,6005,396499,5995,538027,5990,396208
2020-06-11 09:49:02.13,5999.27,6000,203251,6005,378021,5995,538027,5990,396208
2020-06-11 09:49:02.34,5999.27,6000,203751,6005,383021,5995,538127,5990,396208
2020-06-11 09:49:03.18,5999.27,6000,203751,6005,383021,5995,538127,5990,396208
2020-06-11 09:49:03.51,5999.27,6000,203750,6005,383021,5995,538127,5990,396208
2020-06-11 09:49:04.27,5999.27,6000,203750,6005,383021,5995,538127,5990,396208
2020-06-11 09:49:05.32,5999.27,6000,204250,6005,383021,5995,538127,5990,396218
2020-06-11 09:49:05.84,5999.27,6000,204300,6005,383021,5995,538127,5990,396218
2020-06-11 09:49:06.90,6000.8,6000,204300,6005,393021,5995,538127,5990,396218
2020-06-11 09:49:08.21,6000.03,6000,204300,6005,393021,5995,538128,5990,396218
2020-06-11 09:49:08.98,6000.03,6000,204300,6005,393021,5995,538138,5990,396218
2020-06-11 09:49:09.34,6000.03,6000,204300,6005,393021,5995,538138,5990,396219
2020-06-11 09:49:10.07,6000.03,6000,204700,6005,393021,5995,538138,5990,396219
2020-06-11 09:49:11.10,6000.03,6000,204700,6005,393021,5995,538138,5990,396219
2020-06-11 09:49:11.21,6000.03,6000,204700,6005,393021,5995,538238,5990,396219
2020-06-11 09:49:12.18,6000.03,6000,204700,6005,393070,5995,538238,5990,396219
2020-06-11 09:49:12.33,6000.03,6000,204699,6005,391737,5995,538238,5990,396219
2020-06-11 09:49:13.18,6000.03,6000,204699,6005,391797,5995,557359,5990,396219
2020-06-11 09:49:13.54,6000.03,6000,204699,6005,392797,5995,557359,5990,396219
2020-06-11 09:49:14.27,6000.03,6000,204615,6005,392797,5995,557359,5990,396229
2020-06-11 09:49:14.74,6000.03,6000,208215,6005,392897,5995,557359,5990,396229
2020-06-11 09:49:15.83,6000.03,6000,209215,6005,392897,5995,557359,5990,396229
2020-06-11 09:49:16.01,6000.03,6000,322454,6005,283295,5995,553722,5990,396229
2020-06-11 09:49:16.91,6000.03,6000,318454,6005,283295,5995,553722,5990,396229
2020-06-11 09:49:17.36,6000.03,6000,318454,6005,283295,5995,553788,5990,395829
2020-06-11 09:49:18.60,5999.01,6000,314817,6005,283295,5995,553788,5990,395829
2020-06-11 09:49:19.52,5998.24,6000,314817,6005,283295,5995,503788,5990,395829
2020-06-11 09:49:19.77,5998.24,6000,318454,6005,283295,5995,467188,5990,432429
2020-06-11 09:49:20.58,5998.24,6000,314817,6005,283295,5995,503788,5990,395829
2020-06-11 09:49:21.63,5998.24,6000,314817,6005,283295,5995,503623,5990,395829
2020-06-11 09:49:21.83,5998.24,6000,314817,6005,283295,5995,503623,5990,395829
2020-06-11 09:49:22.66,5998.24,6000,315217,6005,283295,5995,503623,5990,395829
2020-06-11 09:49:22.94,5998.24,6000,315217,6005,283295,5995,502346,5990,395829
2020-06-11 09:49:24.21,5998.24,6000,315217,6005,283295,5995,502346,5990,395829
2020-06-11 09:49:25.83,5998.24,6000,318854,6005,283295,5995,465475,5990,432700
2020-06-11 09:49:26.77,5997.44,6000,315217,6005,283295,5995,502346,5990,395829
2020-06-11 09:49:27.91,5997.22,6000,315217,6005,283295,5995,502346,5990,395829
2020-06-11 09:49:30.02,5997.22,6000,318844,6005,283295,5995,465475,5990,432700
2020-06-11 09:49:31.08,5997.22,6000,315307,6005,283295,5995,502346,5990,395829
2020-06-11 09:49:31.41,5997.22,6000,315307,6005,283295,5995,555983,5990,395829
2020-06-11 09:49:32.20,5997.22,6000,315307,6005,283295,5995,536862,5990,414950
2020-06-11 09:49:32.90,5997.22,6000,315307,6005,283295,5995,536862,5990,414950
2020-06-11 09:49:34.37,5997.22,6000,315307,6005,283235,5995,536918,5990,414950
2020-06-11 09:49:35.31,5997.22,6000,314807,6005,283235,5995,537018,5990,414950
2020-06-11 09:49:35.74,5997.22,6000,314807,6005,283235,5995,537018,5990,414950
2020-06-11 09:49:36.90,5998.44,6000,314807,6005,283235,5995,537018,5990,414950
2020-06-11 09:49:37.27,5998.27,6000,310807,6005,287235,5995,537018,5990,414950
2020-06-11 09:49:38.01,5998.24,6000,310807,6005,287235,5995,483431,5990,414950
2020-06-11 09:49:38.98,5998.24,6000,310807,6005,287235,5995,483436,5990,414950
2020-06-11 09:49:40.07,5998.24,6000,310806,6005,287235,5995,483436,5990,414930
2020-06-11 09:49:40.43,5998.24,6000,314443,6005,287235,5995,483436,5990,414930
2020-06-11 09:49:41.13,5998.24,6000,314443,6005,287235,5995,483436,5990,414930
2020-06-11 09:49:42.18,5998.24,6000,314438,6005,287235,5995,446836,5990,451530
2020-06-11 09:49:42.46,5998.24,6000,310808,6005,287235,5995,483436,5990,414930
2020-06-11 09:49:43.60,5998.24,6000,310808,6005,287235,5995,483436,5990,414930
2020-06-11 09:49:44.77,5998.24,6000,314445,6005,287235,5995,444836,5990,453530
2020-06-11 09:49:44.94,5998.24,6000,314445,6005,287235,5995,444836,5990,453530
2020-06-11 09:49:45.87,5998.24,6000,314438,6005,287235,5995,444165,5990,454201
2020-06-11 09:49:47.93,5997.22,6000,310801,6005,287235,5995,431521,5990,453930
2020-06-11 09:49:48.41,5997.24,6000,311151,6005,287235,5995,431520,5990,453930
2020-06-11 09:49:49.47,5997.24,6000,311151,6005,287235,5995,431249,5990,454201
2020-06-11 09:49:49.83,5997.24,6000,315188,6005,287235,5995,431249,5990,454201
2020-06-11 09:49:52.00,5997.24,6000,315188,6005,287235,5995,431159,5990,454201
2020-06-11 09:49:53.18,5997.24,6000,315188,6005,287235,5995,431165,5990,452201
2020-06-11 09:49:55.82,5997.24,6000,315188,6005,287235,5995,468037,5990,415330
2020-06-11 09:49:55.99,5997.24,6000,315188,6005,287235,5995,468107,5990,415330
2020-06-11 09:49:56.91,5997.24,6000,311551,6005,287235,5995,468107,5990,415330
2020-06-11 09:49:57.96,5996.96,6000,311551,6005,287235,5995,431507,5990,451930
2020-06-11 09:49:58.36,5997.73,6000,314075,6005,287235,5995,468107,5990,415330
2020-06-11 09:50:00.06,5997.73,6000,315188,6005,287235,5995,431507,5990,451930
2020-06-11 09:50:01.11,5997.73,6000,315188,6005,292235,5995,331236,5990,452201
2020-06-11 09:50:01.41,5997.73,6000,315188,6005,292235,5995,331736,5990,452201
2020-06-11 09:50:02.17,5997.73,6000,315188,6005,292235,5995,331736,5990,452201
2020-06-11 09:50:02.70,5997.73,6000,315188,6005,292235,5995,223556,5990,452201
2020-06-11 09:50:03.77,5997.73,6000,315188,6005,292235,5995,339736,5990,452201
2020-06-11 09:50:03.97,5997.73,6000,316188,6005,292235,5995,339739,5990,452201
2020-06-11 09:50:04.97,5997.73,6000,316198,6005,292235,5995,339739,5990,452201
2020-06-11 09:50:05.44,5997.73,6000,312561,6005,292235,5995,339739,5990,452201
2020-06-11 09:50:06.50,5997.5,6000,312561,6005,292235,5995,339739,5990,452251
2020-06-11 09:50:07.73,5996.19,6000,312561,6005,292235,5995,376610,5990,415380
2020-06-11 09:50:09.81,5997.22,6000,312561,6005,292235,5995,374519,5990,415380
2020-06-11 09:50:10.61,5997.22,6000,312561,6005,292235,5995,339316,5990,452251
2020-06-11 09:50:11.65,5997.22,6000,312561,6005,292235,5995,376187,5990,415380
2020-06-11 09:50:13.22,5997.22,6000,312560,6005,292235,5995,529824,5990,415380
2020-06-11 09:50:13.53,5997.22,6000,312560,6005,292235,5995,529519,5990,415380
2020-06-11 09:50:14.31,5997.22,6000,312560,6005,292235,5995,529520,5990,415380
2020-06-11 09:50:15.31,5997.22,6000,312560,6005,292235,5995,529520,5990,415380
2020-06-11 09:50:15.73,5997.22,6000,312560,6005,292985,5995,529520,5990,415380
2020-06-11 09:50:16.45,5997.22,6000,312560,6005,292985,5995,529520,5990,415380
2020-06-11 09:50:16.87,5997.22,6000,312560,6005,292985,5995,479530,5990,415380
2020-06-11 09:50:17.40,5998.24,6000,312560,6005,292985,5995,479530,5990,415380
2020-06-11 09:50:18.01,5999.01,6000,312560,6005,292985,5995,479530,5990,415380
2020-06-11 09:50:18.67,5998.98,6000,312660,6005,292985,5995,479530,5990,415380
2020-06-11 09:50:19.53,5998.98,6000,312660,6005,292985,5995,479535,5990,415380
2020-06-11 09:50:19.93,5998.98,6000,312660,6005,292985,5995,479535,5990,415380
2020-06-11 09:50:20.65,5998.98,6000,312660,6005,292985,5995,479035,5990,415380
2020-06-11 09:50:21.59,5998.98,6000,312662,6005,292985,5995,480735,5990,415380
2020-06-11 09:50:21.84,5998.98,6000,312662,6005,292985,5995,480720,5990,415380
2020-06-11 09:50:22.67,5998.98,6000,312662,6005,292985,5995,480730,5990,415380
2020-06-11 09:50:23.68,5998.98,6000,312663,6005,292985,5995,480730,5990,415380
2020-06-11 09:50:23.82,5998.98,6000,312663,6005,292985,5995,429537,5990,415380
2020-06-11 09:50:24.76,5998.98,6000,312663,6005,292985,5995,479537,5990,415380
2020-06-11 09:50:25.88,5998.98,6000,312663,6005,292985,5995,430529,5990,415380
2020-06-11 09:50:26.40,5999.04,6000,312663,6005,292985,5995,430529,5990,415380
2020-06-11 09:50:26.93,5999.04,6000,312663,6005,292985,5995,430529,5990,415380
2020-06-11 09:50:27.91,5998.27,6000,312113,6005,292985,5995,426842,5990,415380
2020-06-11 09:50:28.16,5998.21,6000,312113,6005,292985,5995,426843,5990,415380
2020-06-11 09:50:28.96,5998.21,6000,312113,6005,292985,5995,430480,5990,415380
2020-06-11 09:50:29.37,5997.98,6000,312113,6005,292985,5995,430480,5990,415380
2020-06-11 09:50:30.74,5997.98,6000,312113,6005,293485,5995,389972,5990,452251
2020-06-11 09:50:31.57,5997.98,6000,312163,6005,293485,5995,389972,5990,452251
2020-06-11 09:50:32.84,5997.98,6000,315799,6005,293485,5995,289972,5990,452251
2020-06-11 09:50:33.65,5997.98,6000,315799,6005,293485,5995,289978,5990,452251
2020-06-11 09:50:34.21,5997.98,6000,315798,6005,293485,5995,289978,5990,452251
2020-06-11 09:50:34.90,5997.98,6000,312161,6005,293436,5995,326799,5990,415380
2020-06-11 09:50:35.79,5997.98,6000,312161,6005,293436,5995,289928,5990,452151
2020-06-11 09:50:36.30,5997.22,6000,312161,6005,293503,5995,289928,5990,452151
2020-06-11 09:50:36.94,5996.96,6000,315798,6005,293503,5995,256928,5990,452151
2020-06-11 09:50:37.86,5997.19,6000,315798,6005,293553,5995,256438,5990,452151
2020-06-11 09:50:38.51,5997.19,6000,315832,6005,293553,5995,256438,5990,452151
2020-06-11 09:50:39.01,5997.19,6000,315832,6005,293553,5995,256438,5990,452151
2020-06-11 09:50:41.05,5997.19,6000,315832,6005,293553,5995,256438,5990,452151
2020-06-11 09:50:41.22,5997.19,6000,312212,6005,293553,5995,291479,5990,415280
2020-06-11 09:50:42.11,5997.19,6000,312212,6005,293553,5995,256229,5990,451880
2020-06-11 09:50:42.44,5997.19,6000,312212,6005,293553,5995,292829,5990,415280
2020-06-11 09:50:43.16,5997.19,6000,312212,6005,293558,5995,292829,5990,415280
2020-06-11 09:50:43.50,5997.19,6000,312212,6005,293558,5995,291829,5990,415280
2020-06-11 09:50:44.03,5997.19,6000,312212,6005,293558,5995,291829,5990,415380
2020-06-11 09:50:44.63,5997.19,6000,315849,6005,293558,5995,252994,5990,452251
2020-06-11 09:50:45.80,5996.99,6000,315879,6005,293558,5995,252905,5990,452251
2020-06-11 09:50:46.47,5996.96,6000,315879,6005,293558,5995,252773,5990,452251
2020-06-11 09:50:47.31,5997.22,6000,315879,6005,293558,5995,252773,5990,452301
2020-06-11 09:50:48.41,5997.19,6000,315879,6005,293558,5995,253044,5990,452030
2020-06-11 09:50:49.41,5997.19,6000,312842,6005,293558,5995,293281,5990,415430
2020-06-11 09:50:49.67,5997.19,6000,312842,6005,293558,5995,256410,5990,452301
2020-06-11 09:50:50.45,5997.19,6000,312842,6005,293558,5995,256410,5990,452301
2020-06-11 09:50:51.00,5997.19,6000,316479,6005,293558,5995,250773,5990,452301
2020-06-11 09:50:51.74,5997.19,6000,316479,6005,293563,5995,250773,5990,452301
2020-06-11 09:50:52.58,5997.19,6000,318079,6005,293563,5995,200773,5990,452301
2020-06-11 09:50:53.63,5997.19,6000,318079,6005,293563,5995,202773,5990,452301
2020-06-11 09:50:53.83,5997.19,6000,318079,6005,293563,5995,201773,5990,452301
2020-06-11 09:50:54.67,5997.19,6000,318079,6005,293563,5995,201773,5990,452601
2020-06-11 09:50:55.17,5997.19,6000,368079,6005,293563,5995,93160,5990,452601
2020-06-11 09:50:56.27,5997.19,6000,368079,6005,293563,5995,198211,5990,455730
2020-06-11 09:50:56.56,5997.19,6000,318079,6005,293563,5995,198211,5990,455730
2020-06-11 09:50:57.06,5996.19,6000,318077,6005,293563,5995,198131,5990,455730
2020-06-11 09:50:58.20,5996.96,6000,318077,6005,293563,5995,195531,5990,455730
2020-06-11 09:50:58.84,5996.96,6000,318077,6005,293563,5995,190431,5990,455730
2020-06-11 09:50:59.31,5996.96,6000,318077,6005,293563,5995,190431,5990,455730
2020-06-11 09:51:00.67,5996.96,5995,122000,6000,368077,5990,456001,5985,387132
2020-06-11 09:51:01.53,5996.96,5995,50,6000,368027,5990,456001,5985,387132
2020-06-11 09:51:02.51,5996.96,5995,7050,6000,368027,5990,456001,5985,387132
2020-06-11 09:51:02.84,5996.96,5995,7050,6000,368027,5990,456001,5985,387132
2020-06-11 09:51:04.00,5996.96,5995,7060,6000,368017,5990,456001,5985,387132
2020-06-11 09:51:05.12,5996.96,5995,7087,6000,368017,5990,456001,5985,387132
2020-06-11 09:51:05.64,5996.96,5995,7087,6000,368017,5990,456001,5985,387132
2020-06-11 09:51:06.17,5996.96,5995,7037,6000,368017,5990,456001,5985,387132
2020-06-11 09:51:06.84,5995.93,6000,368017,6005,293563,5995,101143,5990,456001
2020-06-11 09:51:07.81,5995.93,6000,318017,6005,293563,5995,109143,5990,464001
2020-06-11 09:51:08.07,5995.93,6000,318017,6005,293563,5995,109414,5990,463730
2020-06-11 09:51:08.84,5995.99,6000,320017,6005,293563,5995,109414,5990,463730
2020-06-11 09:51:09.34,5996.22,6000,320017,6005,293563,5995,109414,5990,463730
2020-06-11 09:51:10.01,5996.22,6000,320017,6005,293563,5995,109174,5990,469731
2020-06-11 09:51:10.73,5996.22,6000,316380,6005,293563,5995,199752,5990,433131
2020-06-11 09:51:11.58,5996.22,6000,316390,6005,293563,5995,299752,5990,433131
2020-06-11 09:51:12.47,5996.22,6000,316390,6005,293563,5995,299772,5990,433131
2020-06-11 09:51:13.63,5996.22,6000,316390,6005,293663,5995,299772,5990,433488
2020-06-11 09:51:14.13,5996.22,6000,316390,6005,293663,5995,299772,5990,433945
2020-06-11 09:51:15.18,5996.22,6000,316390,6005,293663,5995,299772,5990,433945
2020-06-11 09:51:15.38,5996.22,6000,316351,6005,293663,5995,349772,5990,434170
2020-06-11 09:51:16.27,5996.22,6000,216750,6005,403265,5995,349772,5990,435170
2020-06-11 09:51:16.66,5997.98,6000,198272,6005,421743,5995,349772,5990,435170
2020-06-11 09:51:17.30,5997.98,6000,77360,6005,421743,5995,350772,5990,433470
2020-06-11 09:51:18.33,6000.06,6000,199274,6005,421743,5995,350772,5990,434370
2020-06-11 09:51:18.71,6000.06,6000,217652,6005,403265,5995,351772,5990,434370
2020-06-11 09:51:19.36,5999.83,6000,217652,6005,403265,5995,350872,5990,434370
2020-06-11 09:51:20.47,5999.83,6000,327654,6005,293663,5995,350872,5990,434370
2020-06-11 09:51:20.86,5999.83,6000,327654,6005,293663,5995,300222,5990,434370
2020-06-11 09:51:22.05,5999.83,6000,327654,6005,293663,5995,300222,5990,416149
2020-06-11 09:51:22.50,5999.83,6000,331291,6005,293663,5995,264632,5990,452749
2020-06-11 09:51:23.64,5999.83,6000,331291,6005,293663,5995,261807,5990,452749
2020-06-11 09:51:23.78,5999.83,6000,331289,6005,293663,5995,261806,5990,452749
2020-06-11 09:51:24.69,5999.83,6000,331289,6005,293663,5995,111806,5990,452749
2020-06-11 09:51:25.03,5999.83,6000,331289,6005,293663,5995,114058,5990,452749
2020-06-11 09:51:25.67,5999.83,6000,331289,6005,293663,5995,164058,5990,452749
2020-06-11 09:51:26.27,5998.01,6000,331289,6005,293663,5995,164058,5990,452749
2020-06-11 09:51:27.31,5997.22,6000,327652,6005,293663,5995,204310,5990,416149
2020-06-11 09:51:27.67,5996.19,6000,327652,6005,293663,5995,204610,5990,416349
2020-06-11 09:51:28.38,5997.42,6000,327652,6005,293663,5995,204610,5990,416349
2020-06-11 09:51:29.97,5997.42,6000,327652,6005,293663,5995,203610,5990,416349
2020-06-11 09:51:31.00,5997.42,6000,327652,6005,293663,5995,163374,5990,452949
2020-06-11 09:51:31.11,5997.42,6000,327752,6005,293663,5995,163374,5990,452949
2020-06-11 09:51:32.09,5997.42,6000,327752,6005,293663,5995,182611,5990,416349
2020-06-11 09:51:32.61,5997.42,6000,327753,6005,293663,5995,182611,5990,416349
2020-06-11 09:51:33.31,5997.42,6000,327803,6005,293663,5995,185913,5990,416349
2020-06-11 09:51:34.22,5997.42,6000,327803,6005,293663,5995,234609,5990,416349
2020-06-11 09:51:34.64,5997.42,6000,327803,6005,293663,5995,234863,5990,416349
2020-06-11 09:51:35.76,5997.19,6000,327803,6005,293663,5995,334873,5990,416349
2020-06-11 09:51:36.06,5997.19,6000,218201,6005,403265,5995,334873,5990,416149
2020-06-11 09:51:36.70,5997.22,6000,327803,6005,293663,5995,284874,5990,416149
2020-06-11 09:51:37.83,5998.01,6000,331120,6005,293663,5995,284859,5990,416149
2020-06-11 09:51:38.08,5998.78,6000,331120,6005,293663,5995,244572,5990,452749
2020-06-11 09:51:38.92,5998.78,6000,341120,6005,293663,5995,281148,5990,416151
2020-06-11 09:51:39.97,5996.96,6000,341120,6005,293663,5995,98888,5990,451322
2020-06-11 09:51:41.00,5996.96,6000,391120,6005,293663,5995,12233,5990,451322
2020-06-11 09:51:41.43,5996.96,5995,159767,6000,391120,5990,451322,5985,387332
2020-06-11 09:51:42.56,5996.96,5995,214845,6000,336042,5990,443322,5985,387332
2020-06-11 09:51:42.84,5996.96,5995,214845,6000,336042,5990,443322,5985,387332
2020-06-11 09:51:43.62,5996.96,5995,178645,6000,372242,5990,443322,5985,387332
2020-06-11 09:51:44.67,5996.96,5995,215145,6000,335642,5990,443322,5985,382332
2020-06-11 09:51:45.71,5996.96,5995,215145,6000,335642,5990,440322,5985,382332
2020-06-11 09:51:45.96,5996.96,5995,215165,6000,335642,5990,440322,5985,382332
2020-06-11 09:51:46.76,5995.17,5995,215165,6000,335642,5990,440430,5985,382332
2020-06-11 09:51:47.23,5995.17,5995,215165,6000,335642,5990,440435,5985,382332
2020-06-11 09:51:48.31,5995.17,5995,160086,6000,390720,5990,440435,5985,382432
2020-06-11 09:51:48.57,5995.17,5995,178364,6000,372242,5990,443435,5985,382440
2020-06-11 09:51:49.38,5995.71,5995,214964,6000,335642,5990,393435,5985,382440
2020-06-11 09:51:50.43,5995.71,5995,214964,6000,335642,5990,389798,5985,382440
2020-06-11 09:51:50.70,5995.71,5995,288016,6000,262640,5990,389756,5985,382440
2020-06-11 09:51:51.48,5995.71,5995,291653,6000,262640,5990,389756,5985,386077
2020-06-11 09:51:52.54,5995.71,5995,288016,6000,262640,5990,389706,5985,386077
2020-06-11 09:51:53.60,5995.71,5995,288016,6000,262640,5990,389706,5985,386077
2020-06-11 09:51:54.63,5995.71,5995,288015,6000,263640,5990,389701,5985,386073
2020-06-11 09:51:55.04,5995.71,5995,288015,6000,263774,5990,389701,5985,386073
2020-06-11 09:51:56.26,5995.71,5995,288015,6000,263774,5990,389701,5985,386073
2020-06-11 09:51:56.57,5993.91,5995,288015,6000,263774,5990,389501,5985,386073
2020-06-11 09:51:57.30,5993.35,5995,215013,6000,336776,5990,439501,5985,387073
2020-06-11 09:51:58.37,5993.12,5995,288015,6000,263774,5990,389801,5985,387073
2020-06-11 09:51:58.60,5993.12,5995,288015,6000,263774,5990,389811,5985,387073
2020-06-11 09:51:59.43,5993.88,5995,215013,6000,336776,5990,389543,5985,387073
2020-06-11 09:52:00.04,5993.88,5995,287865,6000,263774,5990,389543,5985,387073
2020-06-11 09:52:01.01,5993.88,5995,287915,6000,263724,5990,389543,5985,387073
2020-06-11 09:52:01.46,5993.88,5995,287915,6000,263724,5990,388543,5985,387073
2020-06-11 09:52:02.58,5993.88,5995,291552,6000,263724,5990,388543,5985,387073
2020-06-11 09:52:03.04,5993.88,5995,287915,6000,263724,5990,398543,5985,387073
2020-06-11 09:52:04.15,5993.88,5995,287915,6000,263724,5990,398553,5985,387073
2020-06-11 09:52:04.54,5993.88,5995,289115,6000,263724,5990,398553,5985,387073
2020-06-11 09:52:05.71,5993.88,5995,289115,6000,263724,5990,398653,5985,387073
2020-06-11 09:52:06.07,5993.88,5995,289115,6000,263724,5990,398655,5985,387073
2020-06-11 09:52:06.74,5993.09,5995,289115,6000,263724,5990,398655,5985,387075
2020-06-11 09:52:07.82,5993.12,5995,289115,6000,263724,5990,398655,5985,387090
2020-06-11 09:52:08.13,5993.12,5995,289015,6000,263724,5990,398655,5985,387090
2020-06-11 09:52:08.80,5993.12,5995,288538,6000,263724,5990,398755,5985,387090
2020-06-11 09:52:09.92,5993.12,5995,292008,6000,263724,5990,398755,5985,387090
2020-06-11 09:52:10.33,5993.12,5995,292008,6000,263724,5990,398755,5985,387192
2020-06-11 09:52:11.89,5993.12,5995,292008,6000,263724,5990,398755,5985,387192
2020-06-11 09:52:13.56,5993.12,5995,292008,6000,263724,5990,398955,5985,387192
2020-06-11 09:52:14.63,5993.12,5995,291998,6000,263724,5990,398955,5985,387192
2020-06-11 09:52:15.03,5993.12,5995,292008,6000,263724,5990,400965,5985,387192
2020-06-11 09:52:16.50,5992.86,5995,288371,6000,263724,5990,400995,5985,388092
2020-06-11 09:52:17.25,5992.86,5995,288371,6000,263725,5990,401005,5985,388092
2020-06-11 09:52:18.44,5992.09,5995,298371,6000,263725,5990,401005,5985,388992
2020-06-11 09:52:20.39,5992.09,5995,298321,6000,263675,5990,404642,5985,388992
2020-06-11 09:52:20.83,5992.09,5995,298316,6000,263675,5990,404441,5985,388992
2020-06-11 09:52:21.95,5992.09,5995,298316,6000,263675,5990,404099,5985,388992
2020-06-11 09:52:22.19,5992.09,5995,299226,6000,263675,5990,404199,5985,388992
2020-06-11 09:52:23.00,5992.09,5995,299226,6000,263675,5990,403199,5985,388992
2020-06-11 09:52:23.37,5992.09,5995,299226,6000,263675,5990,403199,5985,388992
2020-06-11 09:52:24.70,5992.09,5995,299227,6000,263675,5990,403199,5985,388992
2020-06-11 09:52:25.59,5992.09,5995,299227,6000,263675,5990,371548,5985,388992
2020-06-11 09:52:26.94,5993.88,5995,299227,6000,263675,5990,371448,5985,388992
2020-06-11 09:52:27.61,5993.12,5995,299227,6000,263875,5990,371468,5985,388992
2020-06-11 09:52:28.70,5993.12,5995,299227,6000,264625,5990,371468,5985,388992
2020-06-11 09:52:30.14,5993.88,5995,299227,6000,264625,5990,371468,5985,388992
2020-06-11 09:52:31.32,5993.88,5995,299227,6000,264625,5990,371468,5985,388992
2020-06-11 09:52:31.56,5993.88,5995,226225,6000,337627,5990,424820,5985,388992
2020-06-11 09:52:32.67,5993.88,5995,299227,6000,264625,5990,374820,5985,388992
2020-06-11 09:52:33.42,5993.88,5995,299227,6000,264625,5990,374820,5985,388992
2020-06-11 09:52:34.04,5993.88,5995,299227,6000,264625,5990,374731,5985,388992
2020-06-11 09:52:35.01,5993.88,5995,299226,6000,264775,5990,374716,5985,388992
2020-06-11 09:52:35.37,5993.88,5995,226224,6000,337777,5990,373716,5985,388992
2020-06-11 09:52:36.14,5993.88,5995,299326,6000,264775,5990,373216,5985,387992
2020-06-11 09:52:37.13,5993.88,5995,299326,6000,264775,5990,373216,5985,387992
2020-06-11 09:52:37.34,5993.88,5995,299326,6000,264775,5990,373216,5985,387992
2020-06-11 09:52:39.24,5993.88,5995,299326,6000,281928,5990,374216,5985,387992
2020-06-11 09:52:39.54,5993.88,5995,299326,6000,281928,5990,374216,5985,387972
2020-06-11 09:52:40.29,5993.88,5995,299326,6000,281928,5990,374216,5985,387972
2020-06-11 09:52:41.35,5993.88,5995,299326,6000,281928,5990,370579,5985,387972
2020-06-11 09:52:42.41,5993.88,5995,302963,6000,281928,5990,370579,5985,387972
2020-06-11 09:52:43.04,5993.88,5995,299326,6000,282518,5990,370078,5985,387972
2020-06-11 09:52:43.99,5993.88,5995,299326,6000,282518,5990,370078,5985,387972
2020-06-11 09:52:45.02,5993.88,5995,299316,6000,282518,5990,370478,5985,387972
2020-06-11 09:52:45.19,5993.88,5995,299316,6000,282518,5990,370479,5985,387972
2020-06-11 09:52:46.34,5993.88,5995,299316,6000,282518,5990,370479,5985,387972
2020-06-11 09:52:47.15,5993.66,5995,299316,6000,282518,5990,370479,5985,387972
2020-06-11 09:52:47.54,5993.66,5995,299316,6000,282518,5990,370486,5985,387972
2020-06-11 09:52:48.10,5993.66,5995,299381,6000,282518,5990,370486,5985,387972
2020-06-11 09:52:48.83,5993.66,5995,226379,6000,355520,5990,424123,5985,387972
2020-06-11 09:52:50.04,5994.11,5995,226379,6000,355520,5990,374023,5985,387972
2020-06-11 09:52:50.83,5994.11,5995,226379,6000,355520,5990,424022,5985,387972
2020-06-11 09:52:52.30,5994.11,5995,226379,6000,355720,5990,426022,5985,387972
2020-06-11 09:52:53.44,5994.11,5995,226679,6000,355720,5990,426022,5985,387970
2020-06-11 09:52:54.00,5994.11,5995,226679,6000,355720,5990,376021,5985,387970
2020-06-11 09:52:54.60,5994.11,5995,226679,6000,355720,5990,426021,5985,387970
2020-06-11 09:52:55.71,5994.11,5995,226679,6000,355720,5990,376021,5985,387970
2020-06-11 09:52:56.61,5994.11,5995,226679,6000,355720,5990,376021,5985,387970
2020-06-11 09:52:56.80,5994.11,5995,226675,6000,355720,5990,426132,5985,387970
2020-06-11 09:52:57.71,5994.11,5995,226675,6000,355720,5990,426132,5985,388972
2020-06-11 09:52:58.77,5994.11,5995,226675,6000,355720,5990,425932,5985,388972
2020-06-11 09:52:59.33,5993.88,5995,226675,6000,355720,5990,426282,5985,388972
2020-06-11 09:53:00.30,5993.88,5995,226675,6000,355720,5990,376481,5985,389072
2020-06-11 09:53:00.74,5993.88,5995,299677,6000,282718,5990,376279,5985,389272
2020-06-11 09:53:01.89,5993.88,5995,299677,6000,282718,5990,376279,5985,389272
2020-06-11 09:53:02.27,5993.88,5995,299676,6000,282718,5990,376279,5985,389272
2020-06-11 09:53:03.44,5993.88,5995,299676,6000,282718,5990,372642,5985,389272
2020-06-11 09:53:03.64,5993.88,5995,299676,6000,282718,5990,372542,5985,389272
2020-06-11 09:53:04.80,5993.88,5995,306676,6000,282718,5990,372542,5985,389272
2020-06-11 09:53:05.86,5993.88,5995,306676,6000,282718,5990,372542,5985,389272
2020-06-11 09:53:07.72,5993.12,5995,306676,6000,282718,5990,372542,5985,389272
2020-06-11 09:53:08.17,5993.12,5995,306676,6000,282718,5990,372543,5985,389272
2020-06-11 09:53:09.22,5993.12,5995,306676,6000,282718,5990,372643,5985,389272
2020-06-11 09:53:09.44,5993.12,5995,306676,6000,282718,5990,353643,5985,389272
2020-06-11 09:53:10.27,5993.12,5995,310313,6000,282718,5990,353643,5985,389272
2020-06-11 09:53:11.30,5993.12,5995,310313,6000,282718,5990,353643,5985,389272
2020-06-11 09:53:12.39,5993.12,5995,310313,6000,282718,5990,353643,5985,389272
2020-06-11 09:53:12.80,5993.12,5995,310313,6000,282718,5990,353648,5985,389273
2020-06-11 09:53:13.90,5993.12,5995,306676,6000,282718,5990,353648,5985,389273
2020-06-11 09:53:15.01,5993.12,5995,306676,6000,282718,5990,354148,5985,389273
2020-06-11 09:53:15.40,5993.12,5995,306676,6000,282718,5990,354148,5985,389273
2020-06-11 09:53:16.03,5992.89,5995,306691,6000,282718,5990,354148,5985,389273
2020-06-11 09:53:17.08,5992.12,5995,306691,6000,282718,5990,354148,5985,389273
2020-06-11 09:53:17.26,5992.12,5995,306691,6000,283008,5990,352148,5985,389273
2020-06-11 09:53:18.15,5992.12,5995,310328,6000,283008,5990,352048,5985,389273
2020-06-11 09:53:18.73,5992.12,5995,306691,6000,283008,5990,352048,5985,389273
2020-06-11 09:53:19.72,5992.12,5995,306691,6000,283008,5990,352048,5985,389273
2020-06-11 09:53:20.14,5992.12,5995,356691,6000,283008,5990,315448,5985,425873
2020-06-11 09:53:20.84,5992.12,5995,306701,6000,283008,5990,352048,5985,389273
2020-06-11 09:53:21.81,5992.12,5995,306701,6000,283008,5990,352096,5985,389273
2020-06-11 09:53:22.23,5992.12,5995,306601,6000,283008,5990,353087,5985,389268
2020-06-11 09:53:23.92,5992.12,5995,306601,6000,283008,5990,353087,5985,389268
2020-06-11 09:53:24.21,5992.12,5995,306601,6000,283008,5990,353087,5985,389268
2020-06-11 09:53:24.92,5992.12,5995,306601,6000,283008,5990,352387,5985,389268
2020-06-11 09:53:25.40,5992.12,5995,306601,6000,283016,5990,352387,5985,389268
2020-06-11 09:53:26.10,5992.12,5995,306601,6000,283016,5990,355837,5985,389268
2020-06-11 09:53:27.07,5992.09,5995,306601,6000,283016,5990,399381,5985,389168
2020-06-11 09:53:27.60,5992.09,5995,306601,6000,283016,5990,399381,5985,389168
2020-06-11 09:53:28.65,5993.12,5995,306601,6000,283016,5990,399442,5985,389168
2020-06-11 09:53:29.04,5993.12,5995,307601,6000,283016,5990,395805,5985,389168
2020-06-11 09:53:30.26,5993.12,5995,307601,6000,283016,5990,397475,5985,389168
2020-06-11 09:53:31.29,5993.12,5995,307601,6000,283016,5990,396975,5985,389168
2020-06-11 09:53:31.66,5993.12,5995,307601,6000,283016,5990,396955,5985,389168
2020-06-11 09:53:32.34,5993.12,5995,311258,6000,283016,5990,396955,5985,389068
2020-06-11 09:53:33.40,5993.12,5995,311408,6000,283016,5990,396955,5985,389068
2020-06-11 09:53:33.87,5993.12,5995,311608,6000,283016,5990,396955,5985,389068
2020-06-11 09:53:34.51,5993.12,5995,311608,6000,283016,5990,396955,5985,389068
