time,nav,sell1,sell1_cnt,sell2,sell2_cnt,buy1,buy1_cnt,buy2,buy2_cnt
2020-06-03 09:16:52.730000,0.0,6200,232796,6205,232451,6195,471040,6190,380024
2020-06-03 09:16:53.490000,0.0,6200,232786,6205,232451,6195,472346,6190,380024
2020-06-03 09:16:54.600000,0.0,6200,231560,6205,232451,6195,468366,6190,380024
2020-06-03 09:16:55.600000,6200.56,6200,231765,6205,232451,6195,466411,6190,380024
2020-06-03 09:16:56.600000,6200.56,6200,231665,6205,232451,6195,466587,6190,380024
2020-06-03 09:16:57.590000,6200.53,6200,349879,6205,232451,6195,466693,6190,380024
2020-06-03 09:16:58.600000,6198.27,6200,9222,6205,405853,6195,467813,6190,380024
2020-06-03 09:16:59.600000,6201.65,6205,411333,6210,241526,6200,177028,6195,436118
2020-06-03 09:17:00.700000,6201.65,6205,411333,6210,241526,6200,438669,6195,371276
2020-06-03 09:17:01.810000,6201.65,6205,199296,6210,312038,6200,447670,6195,371276
2020-06-03 09:17:02.980000,6201.65,6205,199296,6210,312038,6200,447875,6195,371811
2020-06-03 09:17:03.980000,6201.65,6210,414928,6215,198523,6205,192651,6200,447885
2020-06-03 09:17:05.170000,6201.65,6210,414928,6215,198523,6205,185051,6200,449085
2020-06-03 09:17:06.360000,6202.83,6205,329181,6210,241026,6200,454090,6195,371911
2020-06-03 09:17:07.500000,6207.41,6205,332360,6210,241026,6200,453900,6195,371823
2020-06-03 09:17:08.570000,6205.09,6205,366653,6210,241026,6200,453899,6195,371823
2020-06-03 09:17:09.600000,6205.09,6205,367527,6210,241026,6200,454253,6195,372823
2020-06-03 09:17:10.690000,6205.09,6205,367527,6210,241026,6200,454991,6195,373823
2020-06-03 09:17:11.770000,6204.0,6205,367427,6210,241026,6200,469711,6195,373824
2020-06-03 09:17:12.770000,6204.0,6205,334684,6210,240966,6200,469692,6195,373824
2020-06-03 09:17:13.770000,6204.0,6205,334644,6210,240966,6200,457816,6195,373824
2020-06-03 09:17:14.790000,6204.0,6205,333397,6210,240966,6200,457816,6195,373834
2020-06-03 09:17:15.820000,6204.0,6205,230845,6210,306318,6200,457233,6195,384643
2020-06-03 09:17:16.860000,6203.97,6205,346707,6210,241066,6200,455753,6195,384643
2020-06-03 09:17:17.890000,6205.09,6205,346707,6210,241066,6200,452059,6195,384653
2020-06-03 09:17:18.940000,6203.97,6205,379257,6210,241066,6200,451710,6195,384254
2020-06-03 09:17:19.990000,6203.94,6205,379357,6210,241066,6200,451704,6195,384254
2020-06-03 09:17:21.000000,6203.94,6205,379247,6210,241066,6200,450988,6195,384254
2020-06-03 09:17:22.060000,6203.94,6205,379257,6210,241066,6200,451268,6195,384084
2020-06-03 09:17:23.100000,6203.94,6205,346457,6210,241066,6200,451361,6195,384098
2020-06-03 09:17:23.700000,6203.94,6205,346457,6210,241066,6200,449060,6195,384098
2020-06-03 09:17:24.700000,6203.94,6205,379262,6210,241066,6200,450876,6195,383392
2020-06-03 09:17:25.700000,6203.94,6205,384473,6210,241066,6200,450286,6195,383392
2020-06-03 09:17:26.800000,6203.94,6205,241098,6210,241066,6200,455340,6195,383392
2020-06-03 09:17:27.910000,6205.09,6205,170586,6210,311828,6200,453740,6195,383392
2020-06-03 09:17:28.890000,6205.09,6205,350273,6210,241316,6200,453687,6195,383402
2020-06-03 09:17:29.920000,6205.09,6205,350272,6210,241316,6200,453648,6195,383802
2020-06-03 09:17:31.000000,6205.09,6205,172159,6210,311848,6200,462675,6195,383807
2020-06-03 09:17:32.100000,6205.09,6205,383352,6210,241336,6200,462775,6195,383807
2020-06-03 09:17:33.200000,6205.09,6205,383286,6210,244336,6200,462690,6195,383807
2020-06-03 09:17:34.190000,6205.09,6205,351496,6210,244336,6200,463618,6195,383807
2020-06-03 09:17:35.100000,6205.09,6205,384737,6210,244336,6200,462738,6195,384810
2020-06-03 09:17:36.190000,6205.06,6205,384737,6210,244336,6200,463749,6195,384810
2020-06-03 09:17:37.250000,6203.97,6205,384737,6210,244336,6200,464080,6195,385310
2020-06-03 09:17:38.280000,6202.86,6205,384717,6210,244336,6200,464080,6195,385320
2020-06-03 09:17:39.310000,6202.86,6205,351917,6210,244336,6200,465083,6195,385321
2020-06-03 09:17:40.350000,6203.97,6205,172680,6210,314848,6200,463213,6195,385327
2020-06-03 09:17:41.410000,6203.97,6210,411275,6215,198328,6205,135051,6200,463518
2020-06-03 09:17:42.470000,6203.97,6210,411275,6215,197328,6205,100,6200,466721
2020-06-03 09:17:43.490000,6203.97,6205,86292,6210,314848,6200,466781,6195,385380
2020-06-03 09:17:44.550000,6203.97,6205,3479,6210,400940,6200,463414,6195,385403
2020-06-03 09:17:45.560000,6203.97,6210,400940,6215,197328,6200,469182,6195,385403
2020-06-03 09:17:46.610000,6206.27,6205,86292,6210,314648,6200,469594,6195,385403
2020-06-03 09:17:47.170000,6206.27,6205,268808,6210,244136,6200,469494,6195,385405
2020-06-03 09:17:48.220000,6206.27,6205,319682,6210,244136,6200,468494,6195,385425
2020-06-03 09:17:49.250000,6204.0,6205,320559,6210,244136,6200,468602,6195,385307
2020-06-03 09:17:50.310000,6204.0,6205,320559,6210,244136,6200,469003,6195,385307
2020-06-03 09:17:51.340000,6204.0,6205,321013,6210,244136,6200,467383,6195,385357
2020-06-03 09:17:52.400000,6204.0,6205,353813,6210,244176,6200,467393,6195,385377
2020-06-03 09:17:53.470000,6204.0,6205,355863,6210,244176,6200,468585,6195,385377
2020-06-03 09:17:54.510000,6204.0,6205,324022,6210,244176,6200,469595,6195,385377
2020-06-03 09:17:55.000000,6204.0,6205,324022,6210,244176,6200,469396,6195,385377
2020-06-03 09:17:56.090000,6204.0,6205,324002,6210,244176,6200,469396,6195,385377
2020-06-03 09:17:57.150000,6203.97,6205,324002,6210,244176,6200,469401,6195,385377
2020-06-03 09:17:58.170000,6204.0,6205,323892,6210,244176,6200,469501,6195,385377
2020-06-03 09:17:58.590000,6204.0,6205,356672,6210,244176,6200,473501,6195,385377
2020-06-03 09:17:59.750000,6204.0,6205,356722,6210,244605,6200,474501,6195,385377
2020-06-03 09:18:00.840000,6204.0,6205,356722,6210,244615,6200,474721,6195,385897
2020-06-03 09:18:01.870000,6204.0,6205,356717,6210,244615,6200,479485,6195,385907
2020-06-03 09:18:02.920000,6204.0,6205,351670,6210,244615,6200,479420,6195,385907
2020-06-03 09:18:03.930000,6204.0,6205,351670,6210,244615,6200,479405,6195,385907
2020-06-03 09:18:04.450000,6204.0,6205,351670,6210,244615,6200,479407,6195,385927
2020-06-03 09:18:05.510000,6204.0,6205,354313,6210,244615,6200,519427,6195,385927
2020-06-03 09:18:06.540000,6205.09,6205,352313,6210,244615,6200,519427,6195,386037
2020-06-03 09:18:07.570000,6203.97,6205,319613,6210,244615,6200,520427,6195,386042
2020-06-03 09:18:08.620000,6203.97,6205,319303,6210,244615,6200,521527,6195,386652
2020-06-03 09:18:09.650000,6203.97,6205,318953,6210,244615,6200,521577,6195,386652
2020-06-03 09:18:10.680000,6203.97,6205,353094,6210,244615,6200,522077,6195,386752
2020-06-03 09:18:11.740000,6203.97,6205,353094,6210,244625,6200,522087,6195,387252
2020-06-03 09:18:12.800000,6203.97,6205,353094,6210,244625,6200,527487,6195,392262
2020-06-03 09:18:13.850000,6203.97,6205,353204,6210,244625,6200,527565,6195,392262
2020-06-03 09:18:14.880000,6203.97,6205,352751,6210,244625,6200,523125,6195,392262
2020-06-03 09:18:15.900000,6203.97,6205,352771,6210,244625,6200,523125,6195,392262
2020-06-03 09:18:16.970000,6202.86,6205,350761,6210,244625,6200,523233,6195,392262
2020-06-03 09:18:17.490000,6202.86,6205,350761,6210,244625,6200,523233,6195,392262
2020-06-03 09:18:18.540000,6202.86,6205,350756,6210,244635,6200,523233,6195,392262
2020-06-03 09:18:19.580000,6202.86,6205,350756,6210,244635,6200,407881,6195,457638
2020-06-03 09:18:20.190000,6202.86,6205,351046,6210,244635,6200,408884,6195,457358
2020-06-03 09:18:21.190000,6202.86,6205,343041,6210,244635,6200,524186,6195,393061
2020-06-03 09:18:22.210000,6202.86,6205,343051,6210,244635,6200,408934,6195,458423
2020-06-03 09:18:23.250000,6202.86,6205,342051,6210,244635,6200,408934,6195,457423
2020-06-03 09:18:24.270000,6202.86,6205,341551,6210,244635,6200,452795,6195,457423
2020-06-03 09:18:25.300000,6202.86,6205,342751,6210,244635,6200,453150,6195,457423
2020-06-03 09:18:25.690000,6202.86,6205,342753,6210,244635,6200,568452,6195,392071
2020-06-03 09:18:26.920000,6202.83,6205,342513,6210,244635,6200,452902,6195,457423
2020-06-03 09:18:27.970000,6201.74,6205,342511,6210,244635,6200,568153,6195,392071
2020-06-03 09:18:29.020000,6201.74,6205,342611,6210,244639,6200,568273,6195,392071
2020-06-03 09:18:30.080000,6203.97,6205,342441,6210,244639,6200,571654,6195,392073
2020-06-03 09:18:30.600000,6203.97,6205,345941,6210,244639,6200,456215,6195,457425
2020-06-03 09:18:31.660000,6203.97,6205,345137,6210,244639,6200,456195,6195,457425
2020-06-03 09:18:32.720000,6203.97,6205,345147,6210,244639,6200,456195,6195,457425
2020-06-03 09:18:33.780000,6203.97,6205,345824,6210,244639,6200,457255,6195,457425
2020-06-03 09:18:34.810000,6203.97,6205,345824,6210,244639,6200,455825,6195,457675
2020-06-03 09:18:35.860000,6203.97,6205,349782,6210,244639,6200,188593,6195,497675
2020-06-03 09:18:36.920000,6202.83,6205,351294,6210,244639,6200,283499,6195,497675
2020-06-03 09:18:37.980000,6201.68,6205,350494,6210,244639,6200,356409,6195,457676
2020-06-03 09:18:39.030000,6201.68,6205,353704,6210,244639,6200,356709,6195,457676
2020-06-03 09:18:40.090000,6201.68,6205,355661,6210,244639,6200,283976,6195,497686
2020-06-03 09:18:40.700000,6201.68,6205,354936,6210,244639,6200,180606,6195,497686
2020-06-03 09:18:41.690000,6201.68,6205,355801,6210,244639,6200,181897,6195,497736
2020-06-03 09:18:42.760000,6201.68,6205,355811,6210,244639,6200,181423,6195,497736
2020-06-03 09:18:43.760000,6201.68,6205,358110,6210,244639,6200,181923,6195,497736
2020-06-03 09:18:44.810000,6201.68,6205,358110,6210,244639,6200,181923,6195,497736
2020-06-03 09:18:45.820000,6201.68,6205,358114,6210,244639,6200,181938,6195,497736
2020-06-03 09:18:46.890000,6201.68,6205,358114,6210,244639,6200,181939,6195,499236
2020-06-03 09:18:47.370000,6200.56,6205,362133,6210,246246,6200,145460,6195,499237
2020-06-03 09:18:48.460000,6200.56,6205,362131,6210,246246,6200,145781,6195,499237
2020-06-03 09:18:49.510000,6200.53,6205,362131,6210,246246,6200,148423,6195,499237
2020-06-03 09:18:50.000000,6200.53,6205,362569,6210,246246,6200,148432,6195,499237
2020-06-03 09:18:51.120000,6200.53,6205,362569,6210,246246,6200,148413,6195,499237
2020-06-03 09:18:52.150000,6200.53,6205,362489,6210,246246,6200,148053,6195,499247
2020-06-03 09:18:53.200000,6200.53,6205,362519,6210,246246,6200,148053,6195,499277
2020-06-03 09:18:54.210000,6200.53,6205,362617,6210,246246,6200,148353,6195,499278
2020-06-03 09:18:55.280000,6200.53,6205,363225,6210,246346,6200,151478,6195,504278
2020-06-03 09:18:56.260000,6200.53,6205,363225,6210,246346,6200,379229,6195,464278
2020-06-03 09:18:56.730000,6201.65,6205,363255,6210,246346,6200,201647,6195,505278
2020-06-03 09:18:57.870000,6201.65,6205,363255,6210,246346,6200,202157,6195,505278
2020-06-03 09:18:58.930000,6200.56,6205,365255,6210,246346,6200,312787,6195,505278
2020-06-03 09:18:59.460000,6201.65,6205,368255,6210,246346,6200,384453,6195,465183
2020-06-03 09:19:00.520000,6201.65,6205,367250,6210,247346,6200,313049,6195,505183
2020-06-03 09:19:01.550000,6201.65,6205,367342,6210,247346,6200,348867,6195,504183
2020-06-03 09:19:02.590000,6201.65,6205,367322,6210,247346,6200,421667,6195,464183
2020-06-03 09:19:03.620000,6201.65,6205,364359,6210,247446,6200,637039,6195,426831
2020-06-03 09:19:04.650000,6201.65,6205,363797,6210,247446,6200,637039,6195,426931
2020-06-03 09:19:05.690000,6201.65,6205,363797,6210,247446,6200,427655,6195,492588
2020-06-03 09:19:06.690000,6201.65,6205,362297,6210,247446,6200,426287,6195,492593
2020-06-03 09:19:07.270000,6202.83,6205,361297,6210,247446,6200,425966,6195,493125
2020-06-03 09:19:08.300000,6201.71,6205,364935,6210,247446,6200,200066,6195,533125
2020-06-03 09:19:09.330000,6201.71,6205,364935,6210,247446,6200,199802,6195,533145
2020-06-03 09:19:10.360000,6201.71,6205,365335,6210,247446,6200,335102,6195,533145
2020-06-03 09:19:11.390000,6201.71,6205,325345,6210,247446,6200,303853,6195,493148
2020-06-03 09:19:11.890000,6201.71,6205,322278,6210,247446,6200,159549,6195,533148
2020-06-03 09:19:12.970000,6201.71,6205,322278,6210,247446,6200,159801,6195,534758
2020-06-03 09:19:14.020000,6201.71,6205,321778,6210,247446,6200,167806,6195,534758
2020-06-03 09:19:14.470000,6201.71,6205,321778,6210,247466,6200,160206,6195,534813
2020-06-03 09:19:15.570000,6201.71,6205,321568,6210,247466,6200,160096,6195,534813
2020-06-03 09:19:16.600000,6201.68,6205,318566,6210,247466,6200,157093,6195,534814
2020-06-03 09:19:17.630000,6201.65,6205,318566,6210,247466,6200,157093,6195,534814
2020-06-03 09:19:18.690000,6200.53,6205,318866,6210,247466,6200,157093,6195,534809
2020-06-03 09:19:19.100000,6200.53,6205,318361,6210,247466,6200,156942,6195,534809
2020-06-03 09:19:20.280000,6200.53,6205,319266,6210,247466,6200,156947,6195,534809
2020-06-03 09:19:21.310000,6200.53,6205,319256,6210,247466,6200,157957,6195,534319
2020-06-03 09:19:21.670000,6200.53,6205,319506,6210,247466,6200,159457,6195,534319
2020-06-03 09:19:22.880000,6200.53,6205,319501,6210,247466,6200,159201,6195,534339
2020-06-03 09:19:23.910000,6200.53,6205,319709,6210,247466,6200,262311,6195,534349
2020-06-03 09:19:24.470000,6200.53,6205,319709,6210,247466,6200,264321,6195,534349
2020-06-03 09:19:25.450000,6200.53,6205,319709,6210,247836,6200,387131,6195,496349
2020-06-03 09:19:26.500000,6200.56,6205,319509,6210,247836,6200,387188,6195,496349
2020-06-03 09:19:27.030000,6200.56,6205,319509,6210,247836,6200,314838,6195,536349
2020-06-03 09:19:28.080000,6200.56,6205,317509,6210,247836,6200,385265,6195,496349
2020-06-03 09:19:29.140000,6201.65,6200,79514,6205,254697,6195,536364,6190,424390
2020-06-03 09:19:30.170000,6200.56,6200,40000,6205,324647,6195,536364,6190,424390
2020-06-03 09:19:31.200000,6200.56,6200,184350,6205,255221,6195,536664,6190,424400
2020-06-03 09:19:32.200000,6200.56,6200,183250,6205,255221,6195,537064,6190,424405
2020-06-03 09:19:32.760000,6200.56,6200,178913,6205,255231,6195,537044,6190,424405
2020-06-03 09:19:33.790000,6200.56,6200,178776,6205,255168,6195,537054,6190,424405
2020-06-03 09:19:34.840000,6200.56,6200,178526,6205,255168,6195,536908,6190,424405
2020-06-03 09:19:35.860000,6200.56,6200,61470,6205,359636,6195,536908,6190,424905
2020-06-03 09:19:36.900000,6200.53,6205,359636,6210,247844,6200,196699,6195,497784
2020-06-03 09:19:37.920000,6200.56,6200,97201,6205,259297,6195,537784,6190,425415
2020-06-03 09:19:38.960000,6201.68,6200,230,6205,340849,6195,537837,6190,425415
2020-06-03 09:19:39.290000,6200.56,6200,1072,6205,340107,6195,538837,6190,425430
2020-06-03 09:19:40.190000,6200.56,6205,340006,6210,247844,6200,10,6195,538847
2020-06-03 09:19:41.100000,6200.56,6205,438447,6210,247844,6195,538847,6190,426430
2020-06-03 09:19:42.220000,6200.56,6200,206760,6205,254325,6195,538877,6190,426430
2020-06-03 09:19:43.290000,6200.56,6200,10475,6205,435413,6195,538878,6190,426430
2020-06-03 09:19:44.320000,6200.56,6200,2349,6205,435413,6195,538928,6190,427840
2020-06-03 09:19:45.360000,6200.56,6205,435413,6210,247844,6200,108571,6195,539928
2020-06-03 09:19:45.800000,6200.56,6205,435413,6210,247844,6200,182371,6195,500284
2020-06-03 09:19:46.940000,6200.56,6205,435413,6210,247844,6200,182372,6195,500384
2020-06-03 09:19:48.050000,6201.65,6205,435413,6210,247844,6200,234728,6195,501084
2020-06-03 09:19:49.060000,6201.68,6205,435413,6210,247844,6200,235358,6195,507551
2020-06-03 09:19:50.110000,6201.68,6205,435413,6210,247844,6200,448147,6195,442199
2020-06-03 09:19:51.120000,6201.68,6205,440924,6210,247844,6200,330845,6195,508551
2020-06-03 09:19:52.170000,6201.68,6205,440924,6210,249255,6200,330846,6195,508551
2020-06-03 09:19:53.220000,6201.68,6205,440924,6210,249255,6200,330946,6195,508851
2020-06-03 09:19:53.790000,6201.68,6205,440924,6210,249255,6200,331107,6195,508861
2020-06-03 09:19:54.790000,6201.68,6205,440893,6210,249255,6200,331082,6195,508872
2020-06-03 09:19:55.840000,6201.68,6205,440893,6210,249255,6200,332197,6195,508872
2020-06-03 09:19:56.890000,6202.8,6205,441204,6210,249255,6200,300257,6195,548892
2020-06-03 09:19:57.930000,6201.71,6205,441204,6210,248959,6200,379765,6195,502425
2020-06-03 09:19:58.980000,6201.68,6205,441214,6210,248959,6200,378275,6195,502425
2020-06-03 09:19:59.400000,6201.68,6200,67428,6205,363241,6195,542445,6190,427968
2020-06-03 09:20:00.620000,6201.68,6200,108878,6205,363241,6195,542929,6190,427978
2020-06-03 09:20:01.710000,6201.68,6200,222162,6205,260141,6195,534929,6190,427988
2020-06-03 09:20:02.790000,6201.68,6200,212778,6205,260541,6195,534929,6190,428013
2020-06-03 09:20:03.710000,6201.68,6200,170852,6205,260541,6195,469577,6190,429065
2020-06-03 09:20:04.770000,6201.68,6200,170267,6205,260541,6195,469577,6190,429066
2020-06-03 09:20:05.400000,6201.68,6200,170267,6205,260541,6195,468077,6190,429086
2020-06-03 09:20:06.350000,6200.56,6200,67652,6205,363641,6195,467484,6190,429086
2020-06-03 09:20:07.400000,6199.42,6200,125003,6205,363641,6195,532836,6190,429086
2020-06-03 09:20:07.900000,6200.53,6200,234808,6205,260541,6195,532836,6190,429086
2020-06-03 09:20:08.980000,6200.53,6200,232488,6205,268791,6195,532841,6190,429086
2020-06-03 09:20:10.010000,6200.53,6200,224535,6205,268791,6195,532961,6190,429086
2020-06-03 09:20:11.070000,6200.53,6200,224525,6205,268791,6195,532961,6190,429086
2020-06-03 09:20:12.150000,6200.53,6200,225104,6205,269091,6195,533161,6190,429086
2020-06-03 09:20:12.570000,6200.53,6200,225104,6205,269591,6195,543161,6190,429086
2020-06-03 09:20:13.490000,6200.53,6200,225978,6205,264581,6195,538770,6190,430096
2020-06-03 09:20:14.290000,6200.53,6200,225978,6205,264581,6195,538769,6190,430096
2020-06-03 09:20:15.320000,6200.53,6200,226852,6205,264581,6195,538775,6190,430096
2020-06-03 09:20:16.400000,6200.53,6200,228947,6205,264581,6195,537695,6190,430096
2020-06-03 09:20:16.990000,6200.53,6200,10448,6205,468000,6195,540692,6190,430116
2020-06-03 09:20:18.030000,6200.53,6200,2448,6205,468000,6195,551986,6190,430116
2020-06-03 09:20:19.000000,6201.68,6205,468000,6210,249349,6200,176606,6195,519992
2020-06-03 09:20:20.090000,6201.68,6205,468000,6210,249349,6200,231656,6195,520992
2020-06-03 09:20:21.090000,6201.68,6205,402337,6210,249349,6200,231944,6195,455640
2020-06-03 09:20:22.150000,6201.68,6205,402337,6210,249349,6200,231709,6195,455640
2020-06-03 09:20:23.200000,6201.68,6205,402337,6210,249349,6200,158915,6195,495660
2020-06-03 09:20:23.730000,6201.68,6200,149384,6205,264270,6195,495283,6190,430106
2020-06-03 09:20:24.780000,6201.68,6200,100713,6205,368466,6195,552935,6190,430206
2020-06-03 09:20:25.810000,6201.68,6200,103757,6205,368466,6195,552945,6190,432206
2020-06-03 09:20:26.840000,6201.68,6200,103706,6205,368466,6195,552924,6190,432206
2020-06-03 09:20:27.930000,6200.56,6200,256756,6205,265366,6195,552824,6190,432206
2020-06-03 09:20:28.460000,6199.42,6200,206775,6205,265366,6195,554025,6190,432206
2020-06-03 09:20:29.540000,6199.42,6200,14099,6205,449481,6195,553875,6190,432206
2020-06-03 09:20:30.590000,6199.42,6205,450381,6210,245968,6200,8000,6195,561875
2020-06-03 09:20:31.620000,6199.42,6200,194171,6205,267266,6195,561875,6190,440807
2020-06-03 09:20:32.680000,6200.56,6200,319009,6205,267266,6195,554883,6190,440979
2020-06-03 09:20:33.710000,6200.56,6200,318809,6205,267316,6195,554883,6190,440979
2020-06-03 09:20:34.800000,6200.56,6200,320550,6205,267316,6195,549754,6190,441979
2020-06-03 09:20:35.820000,6200.56,6200,320849,6205,267316,6195,549674,6190,441979
2020-06-03 09:20:36.870000,6200.56,6200,242234,6205,268066,6195,549324,6190,441980
2020-06-03 09:20:37.880000,6198.3,6200,242254,6205,268066,6195,549239,6190,441980
2020-06-03 09:20:38.260000,6200.53,6200,245200,6205,268066,6195,549541,6190,441990
2020-06-03 09:20:39.490000,6199.42,6200,282426,6205,268066,6195,549651,6190,441990
2020-06-03 09:20:40.100000,6199.42,6200,315226,6205,270180,6195,549651,6190,441990
2020-06-03 09:20:41.010000,6199.42,6200,315226,6205,270180,6195,549651,6190,442490
2020-06-03 09:20:42.080000,6199.42,6200,314226,6205,270180,6195,549831,6190,442491
2020-06-03 09:20:43.100000,6199.42,6200,314938,6205,270180,6195,551856,6190,443491
2020-06-03 09:20:44.160000,6199.42,6200,314838,6205,270180,6195,552067,6190,443491
2020-06-03 09:20:44.570000,6199.42,6200,313966,6205,270180,6195,552067,6190,443491
2020-06-03 09:20:45.740000,6199.42,6200,247054,6205,270180,6195,553067,6190,443491
2020-06-03 09:20:46.750000,6198.3,6200,246260,6205,270180,6195,555170,6190,443491
2020-06-03 09:20:47.160000,6198.3,6200,245558,6205,270180,6195,555172,6190,443491
2020-06-03 09:20:48.000000,6199.42,6200,142438,6205,373280,6195,557272,6190,443491
2020-06-03 09:20:48.960000,6199.42,6200,12914,6205,440698,6195,557287,6190,443495
2020-06-03 09:20:49.870000,6200.53,6200,13246,6205,440698,6195,557387,6190,443495
2020-06-03 09:20:51.000000,6200.53,6200,206192,6205,270180,6195,555392,6190,445545
2020-06-03 09:20:52.060000,6200.53,6200,249471,6205,270180,6195,545392,6190,445545
2020-06-03 09:20:53.090000,6200.53,6200,249263,6205,270190,6195,545402,6190,445545
2020-06-03 09:20:53.620000,6200.53,6200,250086,6205,270190,6195,545403,6190,445544
2020-06-03 09:20:54.700000,6200.53,6200,250086,6205,270190,6195,545603,6190,445544
2020-06-03 09:20:55.730000,6200.53,6200,64348,6205,440708,6195,545703,6190,445539
2020-06-03 09:20:56.760000,6200.56,6200,147201,6205,373290,6195,545704,6190,445539
2020-06-03 09:20:57.790000,6200.53,6200,17717,6205,440708,6195,538024,6190,445839
2020-06-03 09:20:58.230000,6201.65,6200,14448,6205,440708,6195,538025,6190,445839
2020-06-03 09:20:59.370000,6200.53,6200,200301,6205,270190,6195,539025,6190,445839
2020-06-03 09:21:00.380000,6200.53,6200,196022,6205,270190,6195,539025,6190,445840
2020-06-03 09:21:01.430000,6200.53,6200,212177,6205,270190,6195,537435,6190,446140
2020-06-03 09:21:02.460000,6200.53,6200,109900,6205,373290,6195,536855,6190,446740
2020-06-03 09:21:03.490000,6200.53,6200,21899,6205,440708,6195,536827,6190,445740
2020-06-03 09:21:03.990000,6200.53,6200,18248,6205,440708,6195,536827,6190,445750
2020-06-03 09:21:05.080000,6200.53,6200,13087,6205,440708,6195,536832,6190,445750
2020-06-03 09:21:06.130000,6200.53,6200,4592,6205,440708,6195,536833,6190,445850
2020-06-03 09:21:07.160000,6200.53,6205,440708,6210,245968,6200,12206,6195,544833
2020-06-03 09:21:07.600000,6201.68,6205,440708,6210,245968,6200,20206,6195,544823
2020-06-03 09:21:08.760000,6201.68,6205,438594,6210,245968,6200,9134,6195,544822
2020-06-03 09:21:09.790000,6201.68,6205,438594,6210,245968,6200,9144,6195,544822
2020-06-03 09:21:10.190000,6201.68,6205,438594,6210,245968,6200,9138,6195,544822
2020-06-03 09:21:11.100000,6201.68,6205,438594,6210,245968,6200,16238,6195,544922
2020-06-03 09:21:12.000000,6201.68,6200,174336,6205,268076,6195,536958,6190,446111
2020-06-03 09:21:12.890000,6201.68,6205,420820,6210,245968,6195,536958,6190,446111
2020-06-03 09:21:14.010000,6201.68,6200,1414,6205,420820,6195,544958,6190,446111
2020-06-03 09:21:15.030000,6201.68,6200,1382,6205,420820,6195,544960,6190,446111
2020-06-03 09:21:15.560000,6201.68,6200,1461,6205,420820,6195,544960,6190,446111
2020-06-03 09:21:16.330000,6201.68,6205,412820,6210,245968,6200,163881,6195,504937
2020-06-03 09:21:17.240000,6200.56,6205,412820,6210,245968,6200,212713,6195,504937
2020-06-03 09:21:18.160000,6201.68,6205,412820,6210,245968,6200,57609,6195,545007
2020-06-03 09:21:19.290000,6201.68,6205,411409,6210,245968,6200,56198,6195,545007
2020-06-03 09:21:19.770000,6200.56,6205,411409,6210,245968,6200,56298,6195,545007
2020-06-03 09:21:20.820000,6200.56,6205,411508,6210,245968,6200,49719,6195,545007
2020-06-03 09:21:21.880000,6200.56,6205,411508,6210,245968,6200,49719,6195,545017
2020-06-03 09:21:22.300000,6200.56,6205,411508,6210,245968,6200,49799,6195,545937
2020-06-03 09:21:23.460000,6200.56,6205,411508,6210,245968,6200,48339,6195,546937
2020-06-03 09:21:24.520000,6200.56,6205,411508,6210,245968,6200,68652,6195,546937
2020-06-03 09:21:24.890000,6200.56,6205,411508,6210,245968,6200,68762,6195,546937
2020-06-03 09:21:25.570000,6200.56,6205,411508,6210,245968,6200,68862,6195,546937
2020-06-03 09:21:26.300000,6200.56,6205,411508,6210,245968,6200,100590,6195,546937
2020-06-03 09:21:27.190000,6200.56,6205,411508,6210,245968,6200,188605,6195,546957
2020-06-03 09:21:28.190000,6201.68,6205,411508,6210,245968,6200,185474,6195,546957
2020-06-03 09:21:29.240000,6201.68,6205,411508,6210,245968,6200,102664,6195,546974
2020-06-03 09:21:29.770000,6201.68,6205,411508,6210,245968,6200,103065,6195,546974
2020-06-03 09:21:30.690000,6201.68,6205,411508,6210,245968,6200,309396,6195,507074
2020-06-03 09:21:31.690000,6201.68,6205,411508,6210,245968,6200,310587,6195,508674
2020-06-03 09:21:32.910000,6201.68,6205,412008,6210,245968,6200,310617,6195,508704
2020-06-03 09:21:33.420000,6201.68,6205,412008,6210,245968,6200,310717,6195,508704
2020-06-03 09:21:34.520000,6201.68,6205,412008,6210,245968,6200,311918,6195,508504
2020-06-03 09:21:35.550000,6201.68,6205,412008,6210,245968,6200,312217,6195,508504
2020-06-03 09:21:36.560000,6201.71,6205,411958,6210,245968,6200,311646,6195,508504
2020-06-03 09:21:36.970000,6201.71,6205,411958,6210,245968,6200,311646,6195,508504
2020-06-03 09:21:38.140000,6201.71,6205,411958,6210,245968,6200,310746,6195,509524
2020-06-03 09:21:38.500000,6202.83,6205,411958,6210,245968,6200,311084,6195,509524
2020-06-03 09:21:39.300000,6202.83,6205,411908,6210,245968,6200,311284,6195,509524
2020-06-03 09:21:40.280000,6202.83,6205,411908,6210,245968,6200,311484,6195,509324
2020-06-03 09:21:41.340000,6202.83,6205,411908,6210,245968,6200,311484,6195,509344
2020-06-03 09:21:42.360000,6202.83,6205,411908,6210,245968,6200,311495,6195,509344
2020-06-03 09:21:42.700000,6202.83,6205,420560,6210,245968,6200,314505,6195,509344
2020-06-03 09:21:43.420000,6202.83,6205,420634,6210,245968,6200,314507,6195,509344
2020-06-03 09:21:44.510000,6202.83,6205,420634,6210,245968,6200,317540,6195,509344
2020-06-03 09:21:44.900000,6202.83,6205,420634,6210,245968,6200,317540,6195,509844
2020-06-03 09:21:46.040000,6202.83,6205,420472,6210,245968,6200,317541,6195,509844
2020-06-03 09:21:46.560000,6202.83,6205,428862,6210,245968,6200,317541,6195,509844
2020-06-03 09:21:47.620000,6201.71,6205,429141,6210,245968,6200,244741,6195,549844
2020-06-03 09:21:48.640000,6201.68,6205,429141,6210,245968,6200,161710,6195,549854
2020-06-03 09:21:49.090000,6201.68,6205,428578,6210,245969,6200,244208,6195,549854
2020-06-03 09:21:50.210000,6201.68,6205,428578,6210,245969,6200,317008,6195,509854
2020-06-03 09:21:51.250000,6201.68,6205,428578,6210,245969,6200,317167,6195,509854
2020-06-03 09:21:52.290000,6201.68,6205,419896,6210,245969,6200,311670,6195,509854
2020-06-03 09:21:52.730000,6201.68,6205,419759,6210,245969,6200,312503,6195,509854
2020-06-03 09:21:53.880000,6201.68,6205,415891,6210,245969,6200,427855,6195,444503
2020-06-03 09:21:54.920000,6201.68,6205,414881,6210,245969,6200,312503,6195,510221
2020-06-03 09:21:55.980000,6201.68,6205,421881,6210,245969,6200,312533,6195,510321
2020-06-03 09:21:56.460000,6201.71,6205,421881,6210,245969,6200,313043,6195,510321
2020-06-03 09:21:57.320000,6202.83,6205,421831,6210,245969,6200,313043,6195,510321
2020-06-03 09:21:58.270000,6202.83,6205,421831,6210,245969,6200,313872,6195,510346
2020-06-03 09:21:59.300000,6202.83,6205,421831,6210,245969,6200,314172,6195,510356
2020-06-03 09:22:00.300000,6202.83,6205,420701,6210,245969,6200,314172,6195,510356
2020-06-03 09:22:01.330000,6202.83,6205,420984,6210,245959,6200,313874,6195,511166
2020-06-03 09:22:02.350000,6202.83,6205,420984,6210,245959,6200,314269,6195,511166
2020-06-03 09:22:03.440000,6202.83,6205,420825,6210,245959,6200,313364,6195,511166
2020-06-03 09:22:03.830000,6202.83,6205,420825,6210,245959,6200,529816,6195,445814
2020-06-03 09:22:05.000000,6202.83,6205,419825,6210,245959,6200,529836,6195,445814
2020-06-03 09:22:06.060000,6202.83,6205,419825,6210,245976,6200,538049,6195,445814
2020-06-03 09:22:07.100000,6202.83,6205,419865,6210,246276,6200,537649,6195,445824
2020-06-03 09:22:07.470000,6202.83,6205,419865,6210,246276,6200,539650,6195,445824
2020-06-03 09:22:08.670000,6202.86,6205,419865,6210,246276,6200,539651,6195,445824
2020-06-03 09:22:09.130000,6202.86,6205,383786,6210,246276,6200,539701,6195,446424
2020-06-03 09:22:10.250000,6202.86,6205,383786,6210,246176,6200,539811,6195,448424
2020-06-03 09:22:11.310000,6202.86,6205,216272,6210,312058,6200,539811,6195,448424
2020-06-03 09:22:11.860000,6202.86,6205,385469,6210,246176,6200,551473,6195,448474
2020-06-03 09:22:12.890000,6202.86,6205,384923,6210,246176,6200,551588,6195,448474
2020-06-03 09:22:13.940000,6202.86,6205,384768,6210,246176,6200,551063,6195,458484
2020-06-03 09:22:14.970000,6202.86,6205,217255,6210,312058,6200,551066,6195,458486
2020-06-03 09:22:15.390000,6202.86,6205,127961,6210,398920,6200,550659,6195,458836
2020-06-03 09:22:16.560000,6205.12,6205,129471,6210,398920,6200,549679,6195,458836
2020-06-03 09:22:17.580000,6205.12,6210,398920,6215,210343,6205,135051,6200,549690
2020-06-03 09:22:18.000000,6206.27,6210,398920,6215,210343,6205,144658,6200,549518
2020-06-03 09:22:19.180000,6206.27,6210,398920,6215,210343,6205,152,6200,549618
2020-06-03 09:22:19.790000,6206.27,6210,398920,6215,210343,6205,981,6200,550116
2020-06-03 09:22:20.790000,6206.27,6210,398920,6215,210343,6200,551128,6195,460600
2020-06-03 09:22:21.820000,6206.27,6210,398830,6215,210343,6205,100,6200,554128
2020-06-03 09:22:22.860000,6206.27,6210,398830,6215,210343,6205,177,6200,554328
2020-06-03 09:22:23.900000,6206.27,6210,398830,6215,210343,6205,438,6200,554228
2020-06-03 09:22:24.200000,6206.27,6210,398891,6215,210343,6205,2548,6200,554730
2020-06-03 09:22:25.100000,6206.27,6205,250739,6210,246147,6200,553691,6195,460500
2020-06-03 09:22:25.960000,6206.27,6210,395093,6215,210343,6205,2071,6200,553746
2020-06-03 09:22:27.100000,6206.3,6210,395093,6215,210343,6205,10,6200,553746
2020-06-03 09:22:27.600000,6205.15,6210,394923,6215,210343,6205,506,6200,553747
2020-06-03 09:22:28.680000,6206.24,6210,394926,6215,210343,6205,322,6200,553747
2020-06-03 09:22:29.270000,6206.24,6210,394926,6215,210343,6205,1000,6200,553747
2020-06-03 09:22:30.270000,6206.24,6210,394926,6215,210343,6205,1333,6200,555789
2020-06-03 09:22:31.300000,6206.24,6205,2406,6210,394926,6200,555789,6195,463938
2020-06-03 09:22:32.350000,6206.24,6210,394926,6215,210347,6205,147945,6200,555690
2020-06-03 09:22:32.860000,6206.24,6210,394926,6215,210347,6205,154970,6200,555693
2020-06-03 09:22:33.930000,6206.24,6210,395409,6215,210347,6205,205911,6200,555943
2020-06-03 09:22:34.990000,6206.24,6210,395409,6215,210347,6205,206616,6200,555960
2020-06-03 09:22:35.390000,6206.24,6210,395359,6215,210347,6205,208616,6200,555980
2020-06-03 09:22:36.160000,6206.24,6210,395359,6215,210347,6205,209154,6200,556575
2020-06-03 09:22:37.080000,6206.27,6210,396153,6215,209552,6205,209316,6200,556725
2020-06-03 09:22:38.080000,6206.3,6210,396153,6215,209552,6205,209755,6200,557725
2020-06-03 09:22:38.470000,6206.3,6210,396153,6215,209552,6205,210775,6200,557725
2020-06-03 09:22:39.640000,6206.3,6210,395996,6215,209452,6205,210775,6200,558025
2020-06-03 09:22:40.160000,6206.3,6210,395996,6215,209452,6205,210800,6200,558035
2020-06-03 09:22:41.190000,6206.3,6210,393996,6215,209452,6205,210805,6200,558050
2020-06-03 09:22:42.250000,6206.3,6210,393996,6215,209452,6205,210805,6200,559222
2020-06-03 09:22:42.590000,6206.3,6210,394316,6215,209452,6205,210855,6200,559232
2020-06-03 09:22:43.590000,6206.3,6210,394316,6215,209452,6205,210855,6200,543612
2020-06-03 09:22:44.560000,6206.3,6210,394316,6215,209452,6205,211155,6200,543712
2020-06-03 09:22:45.590000,6206.3,6210,394316,6215,209452,6205,211205,6200,543712
2020-06-03 09:22:46.200000,6206.27,6210,393846,6215,209452,6205,211205,6200,543712
2020-06-03 09:22:47.160000,6207.44,6210,394179,6215,209452,6205,28920,6200,543419
2020-06-03 09:22:48.200000,6206.3,6210,394349,6215,209512,6205,24920,6200,543419
2020-06-03 09:22:49.200000,6206.3,6210,394048,6215,209812,6205,21042,6200,543419
2020-06-03 09:22:49.490000,6206.3,6210,394047,6215,209812,6205,10402,6200,543564
2020-06-03 09:22:50.290000,6206.3,6210,390649,6215,209812,6205,18403,6200,544214
2020-06-03 09:22:51.330000,6206.3,6210,390619,6215,209812,6205,18403,6200,544314
2020-06-03 09:22:52.330000,6206.3,6210,390116,6215,209812,6205,26950,6200,544216
2020-06-03 09:22:52.870000,6206.3,6210,390106,6215,209812,6205,26950,6200,564216
2020-06-03 09:22:53.690000,6206.3,6210,390106,6215,209812,6205,28480,6200,564216
2020-06-03 09:22:54.960000,6206.3,6210,389906,6215,209812,6205,28742,6200,563871
2020-06-03 09:22:55.400000,6206.3,6205,250738,6210,240799,6200,563871,6195,464073
2020-06-03 09:22:56.540000,6206.27,6210,397333,6215,208812,6205,1008,6200,563901
2020-06-03 09:22:57.550000,6206.27,6210,389760,6215,208812,6205,12297,6200,563901
2020-06-03 09:22:58.580000,6206.27,6210,389759,6215,208812,6205,8010,6200,563901
2020-06-03 09:22:59.020000,6206.27,6205,243525,6210,248226,6200,563901,6195,463647
2020-06-03 09:23:00.160000,6206.27,6205,10896,6210,390120,6200,563901,6195,463647
2020-06-03 09:23:01.210000,6206.27,6205,10876,6210,390120,6200,563901,6195,463647
2020-06-03 09:23:02.250000,6206.27,6205,10876,6210,390299,6200,563901,6195,463647
2020-06-03 09:23:02.690000,6206.27,6205,10376,6210,390299,6200,563901,6195,463647
2020-06-03 09:23:03.530000,6206.27,6210,382775,6215,208812,6205,146701,6200,563925
2020-06-03 09:23:04.380000,6206.27,6210,383075,6215,208812,6205,14636,6200,563426
2020-06-03 09:23:05.420000,6206.27,6210,382975,6215,208812,6205,18335,6200,563726
2020-06-03 09:23:05.830000,6205.15,6210,382975,6215,208632,6205,38335,6200,564297
2020-06-03 09:23:06.690000,6205.12,6210,382977,6215,208632,6205,38335,6200,564797
2020-06-03 09:23:07.550000,6206.27,6210,382977,6215,208632,6205,29163,6200,564827
2020-06-03 09:23:08.580000,6206.27,6210,383256,6215,208632,6205,22213,6200,562214
2020-06-03 09:23:09.640000,6206.27,6210,385256,6215,208632,6205,21245,6200,562224
2020-06-03 09:23:10.720000,6206.27,6210,385523,6215,208632,6205,21745,6200,562259
2020-06-03 09:23:11.090000,6206.27,6210,385523,6215,208632,6205,23544,6200,563359
2020-06-03 09:23:12.250000,6206.27,6205,219981,6210,251629,6200,563459,6195,462015
2020-06-03 09:23:13.300000,6206.27,6205,6000,6210,361979,6200,561699,6195,462048
2020-06-03 09:23:13.890000,6206.27,6205,219981,6210,251629,6200,561759,6195,462048
2020-06-03 09:23:14.930000,6206.27,6205,217066,6210,251629,6200,561809,6195,462048
2020-06-03 09:23:15.870000,6206.27,6205,5085,6210,361979,6200,561909,6195,462048
2020-06-03 09:23:16.990000,6205.12,6205,85,6210,361979,6200,561909,6195,462048
2020-06-03 09:23:18.020000,6204.0,6210,361979,6215,208833,6205,1065,6200,565192
2020-06-03 09:23:19.060000,6206.24,6210,361979,6215,208833,6205,220,6200,565192
2020-06-03 09:23:19.490000,6206.24,6210,361979,6215,208833,6205,11662,6200,565692
2020-06-03 09:23:20.650000,6206.24,6210,353979,6215,208833,6205,21552,6200,566692
2020-06-03 09:23:21.680000,6206.24,6210,353979,6215,208833,6205,24832,6200,566692
2020-06-03 09:23:22.680000,6206.24,6210,353979,6215,208833,6205,25381,6200,566692
2020-06-03 09:23:23.020000,6206.24,6210,353979,6215,208833,6205,22102,6200,586712
2020-06-03 09:23:24.290000,6205.12,6210,353979,6215,208833,6205,24860,6200,586712
2020-06-03 09:23:24.660000,6205.12,6210,353979,6215,208833,6205,24860,6200,586912
2020-06-03 09:23:25.850000,6205.12,6210,353978,6215,208833,6205,25960,6200,586912
2020-06-03 09:23:26.290000,6205.15,6210,353978,6215,208833,6205,26309,6200,587095
2020-06-03 09:23:27.440000,6205.15,6205,219951,6210,251628,6200,587095,6195,463658
2020-06-03 09:23:27.900000,6205.15,6205,304744,6210,251627,6200,587095,6195,463658
2020-06-03 09:23:29.020000,6205.15,6205,304344,6210,251627,6200,587203,6195,463728
2020-06-03 09:23:30.040000,6202.86,6205,309540,6210,251627,6200,587194,6195,463728
2020-06-03 09:23:31.130000,6202.86,6205,309520,6210,251627,6200,587281,6195,463728
2020-06-03 09:23:32.160000,6202.86,6205,276720,6210,251627,6200,587281,6195,463729
2020-06-03 09:23:33.190000,6202.86,6205,309520,6210,251627,6200,587282,6195,464730
2020-06-03 09:23:33.570000,6202.86,6205,309520,6210,251627,6200,587782,6195,464730
2020-06-03 09:23:34.780000,6202.86,6205,309370,6210,251627,6200,472530,6195,530582
2020-06-03 09:23:35.300000,6202.86,6205,309369,6210,251478,6200,587733,6195,466230
2020-06-03 09:23:36.350000,6202.86,6205,308869,6210,251478,6200,587733,6195,466230
2020-06-03 09:23:37.390000,6203.97,6205,308331,6210,251478,6200,582802,6195,466230
2020-06-03 09:23:38.460000,6203.97,6205,308331,6210,251478,6200,582802,6195,466230
2020-06-03 09:23:38.910000,6203.97,6205,308231,6210,252352,6200,582812,6195,466230
2020-06-03 09:23:40.000000,6203.97,6205,308201,6210,253226,6200,597812,6195,466230
2020-06-03 09:23:40.500000,6203.97,6205,309949,6210,253226,6200,597912,6195,466230
2020-06-03 09:23:41.630000,6203.97,6205,309899,6210,253226,6200,597912,6195,466230
2020-06-03 09:23:42.670000,6203.97,6205,309899,6210,253226,6200,597812,6195,466375
2020-06-03 09:23:42.970000,6203.97,6205,309899,6210,253226,6200,595812,6195,466375
2020-06-03 09:23:43.740000,6203.97,6205,309869,6210,253226,6200,595962,6195,466375
2020-06-03 09:23:44.830000,6203.97,6205,309869,6210,253226,6200,596614,6195,466375
2020-06-03 09:23:45.860000,6203.97,6205,309867,6210,253226,6200,596619,6195,466375
2020-06-03 09:23:47.450000,6203.97,6205,277067,6210,253226,6200,596119,6195,466375
2020-06-03 09:23:48.500000,6203.97,6205,310327,6210,253226,6200,596140,6195,466375
2020-06-03 09:23:49.000000,6203.97,6205,277527,6210,253226,6200,597040,6195,466375
2020-06-03 09:23:50.060000,6205.09,6205,310327,6210,253226,6200,597045,6195,466375
2020-06-03 09:23:51.120000,6205.09,6205,277524,6210,253226,6200,597043,6195,466375
2020-06-03 09:23:51.620000,6205.09,6205,277524,6210,253226,6200,597043,6195,466375
2020-06-03 09:23:52.720000,6205.09,6205,310174,6210,253226,6200,597123,6195,466376
2020-06-03 09:23:53.780000,6205.09,6205,310171,6210,253226,6200,597123,6195,466976
2020-06-03 09:23:54.780000,6205.09,6205,310146,6210,253226,6200,597123,6195,466976
2020-06-03 09:23:55.200000,6205.09,6205,310146,6210,253226,6200,597133,6195,466976
2020-06-03 09:23:56.390000,6205.09,6205,309687,6210,253226,6200,597133,6195,466976
2020-06-03 09:23:56.860000,6203.97,6205,309687,6210,253226,6200,597233,6195,466986
2020-06-03 09:23:57.930000,6203.97,6205,315105,6210,253209,6200,596670,6195,466966
2020-06-03 09:23:58.980000,6203.97,6205,282305,6210,253209,6200,597670,6195,466966
2020-06-03 09:23:59.370000,6203.97,6205,282705,6210,253209,6200,597720,6195,466966
2020-06-03 09:24:00.510000,6203.97,6205,282705,6210,253209,6200,597720,6195,467111
2020-06-03 09:24:01.600000,6203.97,6205,315205,6210,253209,6200,597720,6195,467111
2020-06-03 09:24:02.200000,6203.97,6205,285485,6210,253209,6200,597720,6195,467111
2020-06-03 09:24:03.180000,6203.97,6205,285485,6210,253209,6200,591920,6195,467111
2020-06-03 09:24:04.760000,6203.97,6205,285485,6210,253209,6200,592420,6195,467111
2020-06-03 09:24:05.590000,6203.97,6205,284485,6210,253209,6200,591820,6195,467111
2020-06-03 09:24:06.400000,6203.97,6205,284485,6210,253209,6200,592060,6195,467111
2020-06-03 09:24:07.380000,6205.12,6205,281156,6210,253209,6200,592060,6195,467111
2020-06-03 09:24:08.430000,6205.12,6205,283490,6210,253209,6200,592070,6195,467111
2020-06-03 09:24:08.730000,6205.12,6205,283490,6210,253209,6200,593531,6195,467131
2020-06-03 09:24:10.020000,6205.09,6205,281146,6210,253209,6200,593641,6195,467131
2020-06-03 09:24:10.460000,6205.09,6205,281096,6210,253209,6200,593641,6195,467182
2020-06-03 09:24:11.600000,6205.09,6205,280930,6210,253209,6200,594481,6195,467182
2020-06-03 09:24:12.180000,6205.09,6205,317608,6210,253209,6200,594591,6195,467182
2020-06-03 09:24:13.160000,6205.09,6205,284708,6210,253209,6200,594606,6195,467182
2020-06-03 09:24:14.230000,6205.09,6205,281326,6210,253209,6200,593913,6195,457182
2020-06-03 09:24:14.660000,6205.09,6205,281098,6210,253209,6200,593913,6195,457182
2020-06-03 09:24:15.490000,6205.09,6205,281115,6210,253209,6200,594452,6195,457182
2020-06-03 09:24:16.160000,6205.12,6205,280565,6210,253209,6200,596113,6195,456792
2020-06-03 09:24:17.380000,6203.97,6205,282565,6210,253209,6200,596113,6195,456813
2020-06-03 09:24:18.460000,6204.0,6205,282565,6210,253209,6200,596172,6195,456813
2020-06-03 09:24:19.500000,6204.0,6205,282565,6210,290472,6200,596647,6195,456813
2020-06-03 09:24:19.970000,6204.0,6205,285724,6210,290472,6200,596647,6195,456813
2020-06-03 09:24:21.050000,6204.0,6205,285095,6210,290472,6200,596647,6195,456813
2020-06-03 09:24:21.570000,6204.0,6205,285095,6210,290472,6200,611599,6195,456813
2020-06-03 09:24:22.640000,6204.0,6205,285090,6210,290472,6200,611599,6195,456813
2020-06-03 09:24:23.100000,6204.0,6205,281021,6210,290442,6200,611530,6195,456813
2020-06-03 09:24:24.210000,6204.0,6205,277862,6210,290442,6200,613630,6195,456813
2020-06-03 09:24:24.690000,6204.0,6205,282944,6210,290442,6200,613633,6195,456835
2020-06-03 09:24:25.740000,6204.0,6205,282831,6210,290442,6200,613633,6195,456835
2020-06-03 09:24:26.770000,6204.0,6205,282930,6210,290442,6200,613773,6195,456835
2020-06-03 09:24:26.990000,6204.0,6205,282915,6210,290442,6200,613773,6195,456835
2020-06-03 09:24:27.860000,6205.12,6205,282915,6210,290442,6200,614073,6195,456835
2020-06-03 09:24:28.360000,6205.12,6205,282915,6210,290442,6200,615073,6195,456835
2020-06-03 09:24:29.050000,6205.09,6205,280179,6210,293172,6200,614973,6195,456835
2020-06-03 09:24:29.940000,6205.09,6205,280179,6210,293172,6200,614973,6195,456835
2020-06-03 09:24:31.020000,6205.09,6205,280179,6210,293172,6200,616463,6195,456835
2020-06-03 09:24:31.500000,6205.09,6205,280179,6210,293172,6200,616563,6195,456835
2020-06-03 09:24:32.560000,6205.09,6205,309705,6210,293172,6200,616299,6195,456835
2020-06-03 09:24:33.590000,6205.09,6205,276890,6210,293172,6200,616299,6195,456835
2020-06-03 09:24:34.160000,6205.09,6205,276890,6210,293172,6200,616299,6195,456935
2020-06-03 09:24:35.140000,6205.09,6205,271332,6210,290472,6200,618699,6195,456935
2020-06-03 09:24:36.190000,6205.09,6205,271332,6210,290472,6200,618699,6195,456935
2020-06-03 09:24:36.770000,6203.97,6205,270359,6210,290492,6200,618699,6195,456935
2020-06-03 09:24:37.750000,6205.09,6205,270304,6210,290492,6200,616349,6195,456880
2020-06-03 09:24:38.220000,6204.0,6205,265960,6210,290492,6200,616349,6195,456865
2020-06-03 09:24:39.260000,6205.12,6205,265810,6210,290692,6200,616933,6195,456865
2020-06-03 09:24:39.890000,6205.12,6205,265810,6210,290692,6200,616733,6195,456765
2020-06-03 09:24:40.830000,6205.12,6205,265010,6210,290692,6200,616734,6195,458046
2020-06-03 09:24:41.920000,6205.12,6205,263999,6210,290692,6200,616834,6195,458046
2020-06-03 09:24:42.360000,6205.12,6205,269010,6210,290642,6200,601832,6195,458046
2020-06-03 09:24:43.200000,6205.12,6205,268010,6210,290642,6200,603832,6195,456046
2020-06-03 09:24:44.010000,6205.12,6205,268010,6210,290642,6200,605832,6195,456046
2020-06-03 09:24:45.040000,6205.12,6205,268010,6210,290642,6200,605987,6195,456046
2020-06-03 09:24:45.500000,6205.12,6205,268010,6210,290642,6200,606515,6195,456046
2020-06-03 09:24:46.260000,6205.12,6205,268010,6210,290642,6200,607015,6195,456046
2020-06-03 09:24:47.060000,6204.03,6205,273990,6210,290642,6200,608090,6195,456046
2020-06-03 09:24:48.210000,6203.97,6205,273990,6210,290642,6200,608090,6195,456046
2020-06-03 09:24:48.620000,6203.97,6205,273990,6210,290642,6200,608091,6195,456046
2020-06-03 09:24:49.760000,6205.09,6205,274571,6210,290642,6200,600038,6195,456546
2020-06-03 09:24:50.780000,6205.09,6205,274581,6210,290642,6200,600043,6195,456546
2020-06-03 09:24:50.990000,6205.09,6205,275114,6210,290642,6200,600043,6195,456547
2020-06-03 09:24:51.870000,6205.09,6205,275114,6210,290642,6200,608198,6195,456547
2020-06-03 09:24:52.870000,6205.09,6205,225114,6210,290642,6200,606878,6195,456547
2020-06-03 09:24:53.900000,6205.09,6205,225114,6210,290642,6200,606878,6195,456552
2020-06-03 09:24:54.400000,6205.09,6205,225088,6210,290627,6200,606888,6195,456552
2020-06-03 09:24:55.460000,6205.09,6205,225038,6210,290627,6200,606888,6195,456552
2020-06-03 09:24:56.020000,6205.09,6205,225838,6210,290627,6200,606888,6195,456652
2020-06-03 09:24:57.060000,6205.12,6205,225838,6210,290627,6200,607451,6195,456657
2020-06-03 09:24:57.520000,6205.12,6205,225838,6210,290627,6200,607451,6195,456657
2020-06-03 09:24:58.650000,6205.12,6205,37027,6210,380424,6200,607451,6195,456657
2020-06-03 09:24:59.660000,6205.12,6205,37007,6210,380424,6200,610451,6195,456657
2020-06-03 09:25:00.100000,6205.12,6205,40211,6210,380424,6200,612451,6195,456657
2020-06-03 09:25:01.240000,6205.12,6205,40317,6210,380424,6200,612451,6195,456657
2020-06-03 09:25:02.290000,6205.12,6205,234756,6210,290627,6200,612451,6195,456657
2020-06-03 09:25:03.320000,6205.12,6205,234526,6210,290627,6200,612321,6195,456657
2020-06-03 09:25:04.380000,6205.12,6205,235296,6210,290627,6200,612311,6195,456657
2020-06-03 09:25:04.870000,6205.12,6205,227540,6210,290627,6200,613311,6195,456657
2020-06-03 09:25:05.960000,6205.12,6205,227540,6210,290627,6200,613811,6195,456157
2020-06-03 09:25:06.970000,6206.24,6205,194801,6210,290627,6200,613821,6195,456157
2020-06-03 09:25:07.570000,6204.0,6205,206080,6210,290627,6200,613846,6195,456157
2020-06-03 09:25:08.580000,6204.0,6205,204614,6210,290627,6200,614346,6195,456157
2020-06-03 09:25:09.650000,6205.15,6205,13618,6210,379906,6200,613407,6195,466157
2020-06-03 09:25:10.690000,6205.15,6205,82261,6210,314542,6200,613407,6195,466157
2020-06-03 09:25:11.750000,6205.15,6205,207807,6210,290627,6200,613492,6195,466157
2020-06-03 09:25:12.270000,6205.15,6205,212018,6210,290627,6200,613492,6195,466157
2020-06-03 09:25:13.100000,6205.15,6205,212018,6210,290627,6200,614492,6195,466157
2020-06-03 09:25:13.890000,6205.15,6205,244318,6210,290627,6200,613728,6195,466187
2020-06-03 09:25:14.920000,6205.15,6205,243309,6210,291627,6200,613838,6195,466187
2020-06-03 09:25:15.970000,6205.15,6205,210499,6210,291627,6200,613938,6195,466287
2020-06-03 09:25:16.420000,6205.09,6205,210499,6210,291627,6200,633544,6195,466287
2020-06-03 09:25:17.490000,6205.12,6205,208499,6210,291627,6200,633644,6195,466287
2020-06-03 09:25:18.060000,6203.97,6205,208000,6210,291627,6200,633737,6195,466438
2020-06-03 09:25:19.110000,6204.0,6205,208303,6210,291627,6200,633739,6195,466438
2020-06-03 09:25:20.170000,6204.0,6205,241603,6210,291627,6200,633739,6195,466438
2020-06-03 09:25:20.630000,6204.0,6205,244127,6210,291627,6200,511059,6195,531790
2020-06-03 09:25:21.740000,6204.0,6205,245538,6210,291627,6200,619068,6195,466438
2020-06-03 09:25:22.750000,6204.0,6205,245538,6210,291627,6200,627069,6195,466438
2020-06-03 09:25:23.360000,6204.0,6205,245538,6210,291627,6200,627169,6195,466438
2020-06-03 09:25:24.390000,6204.0,6205,245588,6210,291627,6200,527169,6195,466438
2020-06-03 09:25:25.450000,6204.0,6205,246004,6210,291627,6200,531919,6195,466438
2020-06-03 09:25:26.500000,6203.97,6205,246004,6210,291627,6200,632293,6195,466438
2020-06-03 09:25:26.890000,6202.83,6205,246004,6210,291627,6200,632293,6195,466438
2020-06-03 09:25:28.060000,6202.86,6205,245241,6210,291627,6200,516941,6195,531790
2020-06-03 09:25:28.500000,6202.83,6205,244941,6210,291627,6200,516831,6195,531790
2020-06-03 09:25:29.610000,6201.71,6205,244941,6210,291627,6200,517731,6195,531490
2020-06-03 09:25:30.670000,6201.71,6205,249556,6210,291627,6200,444936,6195,571490
2020-06-03 09:25:31.720000,6201.71,6205,249542,6210,291627,6200,517736,6195,531490
2020-06-03 09:25:32.200000,6201.71,6205,249732,6210,291627,6200,346596,6195,571490
2020-06-03 09:25:33.290000,6201.71,6205,249622,6210,292043,6200,346601,6195,570990
2020-06-03 09:25:34.360000,6201.71,6205,249622,6210,292043,6200,339178,6195,570990
2020-06-03 09:25:34.860000,6201.71,6205,242891,6210,292043,6200,289178,6195,570991
2020-06-03 09:25:35.930000,6201.71,6205,242891,6210,292043,6200,289190,6195,571191
2020-06-03 09:25:36.460000,6201.71,6205,242819,6210,292043,6200,289038,6195,571191
2020-06-03 09:25:37.290000,6201.71,6205,242809,6210,292043,6200,411328,6195,531191
2020-06-03 09:25:38.060000,6200.59,6205,242708,6210,292043,6200,411327,6195,531191
2020-06-03 09:25:39.150000,6201.71,6205,242708,6210,292043,6200,411327,6195,531192
2020-06-03 09:25:39.560000,6201.71,6205,242708,6210,292343,6200,338094,6195,571192
2020-06-03 09:25:40.730000,6201.71,6205,242708,6210,292343,6200,339114,6195,571172
2020-06-03 09:25:41.790000,6201.71,6205,242707,6210,292343,6200,410074,6195,531192
2020-06-03 09:25:42.320000,6201.71,6205,244455,6210,292343,6200,410074,6195,531202
2020-06-03 09:25:43.350000,6201.71,6205,244454,6210,292343,6200,410589,6195,531202
2020-06-03 09:25:44.400000,6201.71,6205,244454,6210,292343,6200,411789,6195,529921
2020-06-03 09:25:44.670000,6201.71,6205,244454,6210,292343,6200,411789,6195,529921
2020-06-03 09:25:45.450000,6201.71,6205,241125,6210,292343,6200,626652,6195,464569
2020-06-03 09:25:46.510000,6201.71,6205,245404,6210,291343,6200,411300,6195,529931
2020-06-03 09:25:47.020000,6201.71,6205,245404,6210,291343,6200,413291,6195,529931
2020-06-03 09:25:48.090000,6201.71,6205,245004,6210,291343,6200,414698,6195,529937
2020-06-03 09:25:48.490000,6202.86,6205,245004,6210,291343,6200,417936,6195,529937
2020-06-03 09:25:49.690000,6202.83,6205,244904,6210,291343,6200,417986,6195,529938
2020-06-03 09:25:50.160000,6202.83,6205,244893,6210,291343,6200,417986,6195,529938
2020-06-03 09:25:51.260000,6202.83,6205,244793,6210,291343,6200,418087,6195,529938
2020-06-03 09:25:52.290000,6202.83,6205,244693,6210,291343,6200,418092,6195,529938
2020-06-03 09:25:52.790000,6202.83,6205,244693,6210,291343,6200,418102,6195,529938
2020-06-03 09:25:53.880000,6202.83,6205,244693,6210,291343,6200,417022,6195,529945
2020-06-03 09:25:54.930000,6202.83,6205,244693,6210,291343,6200,418084,6195,529945
2020-06-03 09:25:55.260000,6202.83,6205,249564,6210,291343,6200,418084,6195,529950
2020-06-03 09:25:56.460000,6201.71,6205,248514,6210,291343,6200,418184,6195,530050
2020-06-03 09:25:56.880000,6201.68,6205,245332,6210,291313,6200,368134,6195,530050
2020-06-03 09:25:57.600000,6201.71,6205,245332,6210,291313,6200,368144,6195,530050
2020-06-03 09:25:58.570000,6202.83,6205,245232,6210,291313,6200,368254,6195,530052
2020-06-03 09:25:59.630000,6202.83,6205,245232,6210,291313,6200,295554,6195,570052
2020-06-03 09:26:00.690000,6202.83,6205,287806,6210,291323,6200,178234,6195,570052
2020-06-03 09:26:01.720000,6202.83,6205,237806,6210,241323,6200,183513,6195,520062
2020-06-03 09:26:02.820000,6202.83,6205,236443,6210,241323,6200,181927,6195,520062
2020-06-03 09:26:03.860000,6201.71,6205,170991,6210,239323,6200,76620,6195,520062
2020-06-03 09:26:04.890000,6201.71,6205,170991,6210,239323,6200,78562,6195,454715
2020-06-03 09:26:05.920000,6201.71,6205,169991,6210,239323,6200,86462,6195,454715
2020-06-03 09:26:06.330000,6201.68,6200,2699,6205,167291,6195,454715,6190,377431
2020-06-03 09:26:07.490000,6201.68,6200,51899,6205,127291,6195,454715,6190,377431
2020-06-03 09:26:07.880000,6200.56,6205,167291,6210,242333,6200,106634,6195,446715
2020-06-03 09:26:09.050000,6200.56,6200,36262,6205,127291,6195,447015,6190,377431
2020-06-03 09:26:10.080000,6200.56,6200,66724,6205,127341,6195,447050,6190,377431
2020-06-03 09:26:10.500000,6200.56,6200,160013,6205,134732,6195,447050,6190,377531
2020-06-03 09:26:11.690000,6200.56,6200,180738,6205,182208,6195,497550,6190,427532
2020-06-03 09:26:12.690000,6200.56,6200,182114,6205,182208,6195,497550,6190,427532
2020-06-03 09:26:13.750000,6200.56,6200,182114,6205,182208,6195,497558,6190,427532
2020-06-03 09:26:14.760000,6200.56,6200,208140,6205,182208,6195,562910,6190,427532
2020-06-03 09:26:15.090000,6200.56,6200,248914,6205,185208,6195,563243,6190,427532
2020-06-03 09:26:15.890000,6200.56,6200,312890,6205,185208,6195,563243,6190,427532
2020-06-03 09:26:16.870000,6199.42,6200,312890,6205,185208,6195,563244,6190,427532
2020-06-03 09:26:17.390000,6199.45,6200,311890,6205,190718,6195,558234,6190,427532
2020-06-03 09:26:18.510000,6199.39,6200,247914,6205,191228,6195,558234,6190,427532
2020-06-03 09:26:19.000000,6199.39,6200,249914,6205,191228,6195,558334,6190,427532
2020-06-03 09:26:20.060000,6199.42,6200,237731,6205,204259,6195,558534,6190,427572
2020-06-03 09:26:20.560000,6199.42,6200,237731,6205,203340,6195,558453,6190,427572
2020-06-03 09:26:21.390000,6199.42,6200,237681,6205,203620,6195,558453,6190,427572
2020-06-03 09:26:22.260000,6199.42,6200,239681,6205,205620,6195,558453,6190,430155
2020-06-03 09:26:23.130000,6199.42,6200,251694,6205,195618,6195,558458,6190,432155
2020-06-03 09:26:24.290000,6199.42,6200,239611,6205,207731,6195,558558,6190,432155
2020-06-03 09:26:24.790000,6199.42,6200,239611,6205,207731,6195,558568,6190,432155
2020-06-03 09:26:25.850000,6199.42,6200,34179,6205,363083,6195,558591,6190,432155
2020-06-03 09:26:26.910000,6199.42,6200,192783,6205,257731,6195,558723,6190,431655
2020-06-03 09:26:27.250000,6200.53,6200,204911,6205,245618,6195,559807,6190,431655
2020-06-03 09:26:28.460000,6200.53,6200,203811,6205,245618,6195,559907,6190,431655
2020-06-03 09:26:28.720000,6200.53,6200,191678,6205,260298,6195,591351,6190,431760
2020-06-03 09:26:29.490000,6200.53,6200,203791,6205,248185,6195,591351,6190,431761
2020-06-03 09:26:30.520000,6200.53,6200,203781,6205,248185,6195,591351,6190,431761
2020-06-03 09:26:31.550000,6200.53,6200,203781,6205,248185,6195,591521,6190,431761
2020-06-03 09:26:31.990000,6200.53,6200,267759,6205,248185,6195,591469,6190,431761
2020-06-03 09:26:33.110000,6200.53,6200,267698,6205,248185,6195,591469,6190,431761
2020-06-03 09:26:34.160000,6200.53,6200,203722,6205,248185,6195,591349,6190,431761
2020-06-03 09:26:34.690000,6200.53,6200,203722,6205,248185,6195,603617,6190,431761
2020-06-03 09:26:35.780000,6200.53,6200,203722,6205,248185,6195,603627,6190,431761
2020-06-03 09:26:36.810000,6200.53,6200,267698,6205,248185,6195,603647,6190,431761
2020-06-03 09:26:37.850000,6199.39,6200,267698,6205,248185,6195,603647,6190,431786
2020-06-03 09:26:38.160000,6199.39,6200,267267,6205,248185,6195,603647,6190,431786
2020-06-03 09:26:38.940000,6199.39,6200,267167,6205,248185,6195,603647,6190,431786
2020-06-03 09:26:39.970000,6199.39,6200,266844,6205,248185,6195,603747,6190,431737
2020-06-03 09:26:40.970000,6199.39,6200,266844,6205,248185,6195,603772,6190,431737
2020-06-03 09:26:41.270000,6199.39,6200,266844,6205,248185,6195,603872,6190,431737
2020-06-03 09:26:42.560000,6199.39,6200,266834,6205,248185,6195,603922,6190,431737
2020-06-03 09:26:42.970000,6199.39,6200,266844,6205,248185,6195,603922,6190,431737
2020-06-03 09:26:43.860000,6199.39,6200,268704,6205,248185,6195,488570,6190,497089
2020-06-03 09:26:44.760000,6199.39,6200,268694,6205,248185,6195,603932,6190,431737
2020-06-03 09:26:45.670000,6199.39,6200,267699,6205,248185,6195,604132,6190,431836
2020-06-03 09:26:46.370000,6199.39,6200,267699,6205,248235,6195,604132,6190,431836
2020-06-03 09:26:47.200000,6198.27,6200,271196,6205,248235,6195,606709,6190,431836
2020-06-03 09:26:48.340000,6198.24,6200,271196,6205,248335,6195,606709,6190,431836
2020-06-03 09:26:49.350000,6198.24,6200,270686,6205,248335,6195,606709,6190,431836
2020-06-03 09:26:49.560000,6199.39,6200,270686,6205,248335,6195,606709,6190,431836
2020-06-03 09:26:50.460000,6199.39,6200,270678,6205,248335,6195,606709,6190,431836
2020-06-03 09:26:51.480000,6199.39,6200,270778,6205,248335,6195,606712,6190,431837
2020-06-03 09:26:52.520000,6199.39,6200,270778,6205,248435,6195,606916,6190,431837
2020-06-03 09:26:52.900000,6199.39,6200,270878,6205,248435,6195,606916,6190,431837
2020-06-03 09:26:53.660000,6199.39,6200,239763,6205,248435,6195,606916,6190,431840
2020-06-03 09:26:54.620000,6199.39,6200,240117,6205,249435,6195,606916,6190,431840
2020-06-03 09:26:55.660000,6199.39,6200,272916,6205,249435,6195,606921,6190,431840
2020-06-03 09:26:56.690000,6199.39,6200,208718,6205,249435,6195,606921,6190,431840
2020-06-03 09:26:56.990000,6199.39,6200,208778,6205,249155,6195,606921,6190,431840
2020-06-03 09:26:57.760000,6199.39,6200,208828,6205,249155,6195,607821,6190,431840
2020-06-03 09:26:58.290000,6199.39,6200,208828,6205,249155,6195,607821,6190,432840
2020-06-03 09:26:59.360000,6200.5,6200,208818,6205,249155,6195,607821,6190,432840
2020-06-03 09:26:59.860000,6200.5,6200,208818,6205,249155,6195,607821,6190,433090
2020-06-03 09:27:00.900000,6200.5,6200,273102,6205,249155,6195,607619,6190,433090
2020-06-03 09:27:01.930000,6200.5,6200,273252,6205,249155,6195,607619,6190,433091
2020-06-03 09:27:02.970000,6200.5,6200,274091,6205,249155,6195,607954,6190,433391
2020-06-03 09:27:03.360000,6200.5,6200,210345,6205,249155,6195,607954,6190,433391
2020-06-03 09:27:04.070000,6200.5,6200,210262,6205,249155,6195,607954,6190,433491
2020-06-03 09:27:06.100000,6200.5,6200,209960,6205,249155,6195,611954,6190,433691
2020-06-03 09:27:06.320000,6198.27,6200,197892,6205,249155,6195,599886,6190,433691
2020-06-03 09:27:07.270000,6199.39,6200,197822,6205,249155,6195,599886,6190,433691
2020-06-03 09:27:08.160000,6199.42,6200,203213,6205,249155,6195,599886,6190,433691
2020-06-03 09:27:09.240000,6199.42,6200,207664,6205,249155,6195,599886,6190,433691
2020-06-03 09:27:09.740000,6199.39,6200,207664,6205,249155,6195,599886,6190,433691
2020-06-03 09:27:10.830000,6199.39,6200,207816,6205,249155,6195,600086,6190,433691
2020-06-03 09:27:11.270000,6199.39,6200,208166,6205,249155,6195,600097,6190,433691
2020-06-03 09:27:12.160000,6199.39,6200,272132,6205,249155,6195,600097,6190,433691
2020-06-03 09:27:13.060000,6199.39,6200,272032,6205,249665,6195,601097,6190,433691
2020-06-03 09:27:13.890000,6199.39,6200,272032,6205,249665,6195,601097,6190,433691
2020-06-03 09:27:15.090000,6199.39,6200,272022,6205,249665,6195,616062,6190,433691
2020-06-03 09:27:15.390000,6199.39,6200,272022,6205,249665,6195,616062,6190,433691
2020-06-03 09:27:16.620000,6199.39,6200,271825,6205,249665,6195,616062,6190,433691
2020-06-03 09:27:17.060000,6199.39,6200,270724,6205,249665,6195,616062,6190,433691
2020-06-03 09:27:17.820000,6199.39,6200,206728,6205,249665,6195,616062,6190,433691
2020-06-03 09:27:18.740000,6199.39,6200,206358,6205,249665,6195,616062,6190,433651
2020-06-03 09:27:19.790000,6199.39,6200,206208,6205,249665,6195,616062,6190,433651
2020-06-03 09:27:20.200000,6199.39,6200,272542,6205,249665,6195,616062,6190,433701
2020-06-03 09:27:21.350000,6199.39,6200,272542,6205,249665,6195,716162,6190,433701
2020-06-03 09:27:22.410000,6199.39,6200,272532,6205,249665,6195,716162,6190,433751
2020-06-03 09:27:22.900000,6199.39,6200,208556,6205,251665,6195,716162,6190,433751
2020-06-03 09:27:24.020000,6199.39,6200,208514,6205,251665,6195,716162,6190,433751
2020-06-03 09:27:25.050000,6199.39,6200,194918,6205,263778,6195,716345,6190,433751
2020-06-03 09:27:25.490000,6199.39,6200,194918,6205,263778,6195,716345,6190,433751
2020-06-03 09:27:26.630000,6199.39,6200,209031,6205,251665,6195,716345,6190,433755
2020-06-03 09:27:27.160000,6199.42,6200,210518,6205,251665,6195,716355,6190,433755
2020-06-03 09:27:28.100000,6199.39,6200,209218,6205,251665,6195,716355,6190,433755
2020-06-03 09:27:29.260000,6199.39,6200,208768,6205,251665,6195,716355,6190,433755
2020-06-03 09:27:29.690000,6199.42,6200,208708,6205,251665,6195,716355,6190,433755
2020-06-03 09:27:30.490000,6199.42,6200,208208,6205,251665,6195,716356,6190,433755
2020-06-03 09:27:31.160000,6199.42,6200,206433,6205,251665,6195,716356,6190,434755
2020-06-03 09:27:32.350000,6199.42,6200,206430,6205,252165,6195,716356,6190,434755
2020-06-03 09:27:32.900000,6199.42,6200,197257,6205,264278,6195,716356,6190,434755
2020-06-03 09:27:33.960000,6199.42,6200,196392,6205,264278,6195,716357,6190,434755
2020-06-03 09:27:34.990000,6199.42,6200,196461,6205,264278,6195,716388,6190,434755
2020-06-03 09:27:36.270000,6199.42,6200,196441,6205,264278,6195,716368,6190,434755
2020-06-03 09:27:37.080000,6200.5,6200,196386,6205,264278,6195,716373,6190,434755
2020-06-03 09:27:38.110000,6200.53,6200,196386,6205,276610,6195,716363,6190,434755
2020-06-03 09:27:38.520000,6200.53,6200,196352,6205,276610,6195,716363,6190,434755
2020-06-03 09:27:39.270000,6200.53,6200,196352,6205,273508,6195,716373,6190,434755
2020-06-03 09:27:40.250000,6200.53,6200,196352,6205,273508,6195,716383,6190,435807
2020-06-03 09:27:40.600000,6200.53,6200,35248,6205,378860,6195,716583,6190,435807
2020-06-03 09:27:41.830000,6200.53,6200,41248,6205,378860,6195,717083,6190,435807
2020-06-03 09:27:42.220000,6200.53,6200,41248,6205,378860,6195,717083,6190,435807
2020-06-03 09:27:43.410000,6200.53,6200,33579,6205,379160,6195,717083,6190,435807
2020-06-03 09:27:43.690000,6200.53,6200,33579,6205,379160,6195,717083,6190,435807
2020-06-03 09:27:44.390000,6200.53,6200,33547,6205,379160,6195,702118,6190,450772
2020-06-03 09:27:45.450000,6200.53,6200,202761,6205,274031,6195,701899,6190,450783
2020-06-03 09:27:45.950000,6200.53,6200,202253,6205,274031,6195,701909,6190,450783
2020-06-03 09:27:46.720000,6200.53,6200,202253,6205,274032,6195,701909,6190,450783
2020-06-03 09:27:47.520000,6200.53,6200,202146,6205,274032,6195,701909,6190,450783
2020-06-03 09:27:48.580000,6200.53,6200,210100,6205,261919,6195,701829,6190,450783
2020-06-03 09:27:48.780000,6200.53,6200,189546,6205,274032,6195,701829,6190,450783
2020-06-03 09:27:49.640000,6200.53,6200,189526,6205,274032,6195,701829,6190,450783
2020-06-03 09:27:50.120000,6200.53,6200,201599,6205,261919,6195,701829,6190,450793
2020-06-03 09:27:51.170000,6200.53,6200,191234,6205,274032,6195,701829,6190,450793
2020-06-03 09:27:52.250000,6200.53,6200,191184,6205,275685,6195,700176,6190,450793
2020-06-03 09:27:52.690000,6200.53,6200,38834,6205,381037,6195,700181,6190,450798
2020-06-03 09:27:53.390000,6200.53,6200,38834,6205,381037,6195,700181,6190,452198
2020-06-03 09:27:54.360000,6200.53,6200,32902,6205,381037,6195,700181,6190,452148
2020-06-03 09:27:54.860000,6200.56,6200,32521,6205,381037,6195,699181,6190,452148
2020-06-03 09:27:55.590000,6200.56,6205,381037,6210,328063,6200,168291,6195,667181
2020-06-03 09:27:56.470000,6200.53,6205,381037,6210,328063,6200,176291,6195,667181
2020-06-03 09:27:57.510000,6200.56,6205,381037,6210,328063,6200,239570,6195,667181
2020-06-03 09:27:57.920000,6200.56,6205,381037,6210,328063,6200,239670,6195,667181
2020-06-03 09:27:59.060000,6202.8,6205,381037,6210,328063,6200,356123,6195,601829
2020-06-03 09:27:59.500000,6202.8,6205,381037,6210,328063,6200,236301,6195,667751
2020-06-03 09:28:00.650000,6202.83,6205,381037,6210,328063,6200,236301,6195,667418
2020-06-03 09:28:01.670000,6202.83,6205,381037,6210,328063,6200,236301,6195,667718
2020-06-03 09:28:02.170000,6202.83,6205,381036,6210,328063,6200,159121,6195,707719
2020-06-03 09:28:03.260000,6202.83,6205,381036,6210,328063,6200,162415,6195,707719
2020-06-03 09:28:04.290000,6202.83,6205,381036,6210,328063,6200,69766,6195,709333
2020-06-03 09:28:04.760000,6202.83,6200,135076,6205,275684,6195,709395,6190,452110
2020-06-03 09:28:05.840000,6202.83,6205,360760,6210,328063,6200,10,6195,701392
2020-06-03 09:28:06.850000,6202.83,6205,360760,6210,328063,6195,701394,6190,451810
2020-06-03 09:28:07.260000,6201.71,6200,155179,6205,263571,6195,701211,6190,451810
2020-06-03 09:28:09.520000,6199.42,6200,220834,6205,263571,6195,701211,6190,452310
2020-06-03 09:28:10.590000,6199.42,6200,220834,6205,263621,6195,700211,6190,452310
2020-06-03 09:28:11.200000,6199.42,6200,157103,6205,265621,6195,700211,6190,452310
2020-06-03 09:28:12.200000,6199.42,6200,157103,6205,265621,6195,698216,6190,452310
2020-06-03 09:28:13.230000,6199.42,6200,153824,6205,265621,6195,698216,6190,452310
2020-06-03 09:28:14.290000,6199.42,6200,220131,6205,265621,6195,698216,6190,452310
2020-06-03 09:28:14.690000,6199.42,6200,220131,6205,265621,6195,698216,6190,451310
2020-06-03 09:28:15.850000,6199.42,6200,220091,6205,270621,6195,698216,6190,451310
2020-06-03 09:28:16.290000,6199.42,6200,222699,6205,270621,6195,698216,6190,451310
2020-06-03 09:28:17.160000,6199.42,6200,222749,6205,270621,6195,698882,6190,451310
2020-06-03 09:28:17.930000,6199.39,6200,213892,6205,270621,6195,698982,6190,451310
2020-06-03 09:28:18.970000,6198.27,6200,213802,6205,270621,6195,698982,6190,451310
2020-06-03 09:28:19.400000,6199.39,6200,213802,6205,270621,6195,698982,6190,451310
2020-06-03 09:28:20.610000,6199.39,6200,213802,6205,270621,6195,697928,6190,451310
2020-06-03 09:28:21.070000,6199.39,6200,218813,6205,270621,6195,697928,6190,451310
2020-06-03 09:28:22.210000,6199.39,6200,217813,6205,270621,6195,582578,6190,516662
2020-06-03 09:28:23.250000,6199.39,6200,219313,6205,270121,6195,582578,6190,516666
2020-06-03 09:28:24.290000,6199.39,6200,218713,6205,270121,6195,583963,6190,517332
2020-06-03 09:28:24.820000,6199.39,6200,218713,6205,270121,6195,583963,6190,517332
2020-06-03 09:28:25.850000,6199.39,6200,217213,6205,270121,6195,583963,6190,517332
2020-06-03 09:28:26.880000,6198.27,6200,218208,6205,270121,6195,583963,6190,517832
2020-06-03 09:28:27.460000,6197.13,6200,248208,6205,270121,6195,583963,6190,517832
2020-06-03 09:28:28.410000,6197.1,6200,248198,6205,270121,6195,583963,6190,517832
2020-06-03 09:28:28.960000,6197.1,6200,235020,6205,270121,6195,583963,6190,517832
2020-06-03 09:28:29.660000,6198.21,6200,234740,6205,270121,6195,583764,6190,517832
2020-06-03 09:28:30.530000,6198.21,6200,234810,6205,270121,6195,583794,6190,517832
2020-06-03 09:28:31.600000,6198.21,6200,234683,6205,270121,6195,583837,6190,517933
2020-06-03 09:28:32.610000,6198.21,6200,234683,6205,270121,6195,699189,6190,452581
2020-06-03 09:28:33.020000,6198.21,6200,234683,6205,270121,6195,699090,6190,452581
2020-06-03 09:28:34.220000,6198.21,6200,234683,6205,270121,6195,699090,6190,452581
2020-06-03 09:28:34.590000,6198.21,6200,234683,6205,270121,6195,699092,6190,452581
2020-06-03 09:28:35.800000,6198.21,6200,170707,6205,270121,6195,699093,6190,452581
2020-06-03 09:28:36.190000,6198.24,6200,168445,6205,270121,6195,699093,6190,452581
2020-06-03 09:28:37.340000,6198.24,6200,167328,6205,270121,6195,699093,6190,452581
2020-06-03 09:28:37.860000,6199.39,6200,167328,6205,270121,6195,699213,6190,452581
2020-06-03 09:28:38.590000,6200.5,6200,155215,6205,282234,6195,697943,6190,453866
2020-06-03 09:28:39.440000,6200.5,6200,169328,6205,270121,6195,698185,6190,453866
2020-06-03 09:28:39.920000,6200.5,6200,171329,6205,270121,6195,700185,6190,454866
2020-06-03 09:28:40.560000,6200.5,6200,171322,6205,270121,6195,700385,6190,454867
2020-06-03 09:28:41.590000,6200.5,6200,238333,6205,270121,6195,585001,6190,520251
2020-06-03 09:28:42.640000,6200.5,6200,238233,6205,270121,6195,700353,6190,454900
2020-06-03 09:28:43.090000,6200.5,6200,238232,6205,270121,6195,700353,6190,454900
2020-06-03 09:28:44.220000,6200.5,6200,238232,6205,270121,6195,700353,6190,454900
2020-06-03 09:28:44.700000,6200.5,6200,238232,6205,270121,6195,701353,6190,454901
2020-06-03 09:28:45.790000,6200.5,6200,238232,6205,270121,6195,701353,6190,454901
2020-06-03 09:28:46.290000,6200.53,6200,238232,6205,270121,6195,586001,6190,520273
2020-06-03 09:28:47.360000,6199.39,6200,233502,6205,270121,6195,586021,6190,520273
2020-06-03 09:28:48.390000,6198.27,6200,233402,6205,270121,6195,586011,6190,520274
2020-06-03 09:28:50.010000,6196.01,6200,233402,6205,270121,6195,513211,6190,560304
2020-06-03 09:28:50.500000,6196.01,6200,233351,6205,270121,6195,415716,6190,560304
2020-06-03 09:28:51.620000,6196.01,6200,230351,6205,270121,6195,328924,6190,560405
2020-06-03 09:28:52.640000,6196.01,6200,229901,6205,270121,6195,327215,6190,560355
2020-06-03 09:28:53.140000,6196.01,6200,229881,6205,270121,6195,327215,6190,560355
2020-06-03 09:28:54.230000,6196.01,6200,229881,6205,270121,6195,313855,6190,560356
2020-06-03 09:28:54.560000,6196.01,6200,229781,6205,270121,6195,313865,6190,560456
2020-06-03 09:28:55.290000,6196.01,6200,230781,6205,270121,6195,312165,6190,560456
2020-06-03 09:28:56.320000,6197.1,6200,233781,6205,270121,6195,312165,6190,545491
2020-06-03 09:28:57.370000,6195.98,6200,234781,6205,270121,6195,312476,6190,545491
2020-06-03 09:28:57.870000,6197.1,6200,238206,6205,270121,6195,315976,6190,545491
2020-06-03 09:28:58.960000,6197.1,6200,236706,6205,270121,6195,316976,6190,545592
2020-06-03 09:29:00.020000,6197.1,6200,236706,6205,270121,6195,312526,6190,545542
2020-06-03 09:29:00.400000,6197.1,6200,197706,6205,270121,6195,159328,6190,545542
2020-06-03 09:29:01.600000,6197.1,6200,197656,6205,270121,6195,159328,6190,548821
2020-06-03 09:29:02.190000,6197.1,6200,202706,6205,270221,6195,77939,6190,548821
2020-06-03 09:29:03.130000,6197.1,6195,2461,6200,202706,6190,549012,6185,454154
2020-06-03 09:29:04.190000,6197.1,6195,13077,6200,201706,6190,549162,6185,454154
2020-06-03 09:29:05.260000,6197.1,6195,12367,6200,201706,6190,549162,6185,454154
2020-06-03 09:29:05.520000,6197.1,6200,242206,6205,270221,6195,150412,6190,517162
2020-06-03 09:29:06.440000,6195.95,6200,242731,6205,270221,6195,200062,6190,517262
2020-06-03 09:29:07.300000,6194.86,6200,242731,6205,270221,6195,127263,6190,557478
2020-06-03 09:29:08.480000,6197.13,6200,202736,6205,373321,6190,556193,6185,455439
2020-06-03 09:29:08.920000,6197.13,6200,242736,6205,373321,6190,555203,6185,455439
2020-06-03 09:29:10.050000,6195.95,6195,47543,6200,207220,6190,547423,6185,455439
2020-06-03 09:29:11.060000,6195.95,6195,47971,6200,207220,6190,549424,6185,455439
2020-06-03 09:29:11.390000,6195.95,6195,43074,6200,208894,6190,549423,6185,455490
2020-06-03 09:29:12.290000,6195.95,6195,43074,6200,212194,6190,549423,6185,455490
2020-06-03 09:29:13.090000,6195.95,6195,43073,6200,212194,6190,549423,6185,455490
2020-06-03 09:29:14.290000,6195.95,6200,242230,6205,370321,6195,103100,6190,549579
2020-06-03 09:29:14.790000,6195.95,6200,241405,6205,370321,6195,101,6190,549579
2020-06-03 09:29:15.840000,6195.95,6200,241405,6205,370321,6195,106174,6190,557599
2020-06-03 09:29:16.870000,6195.95,6200,241706,6205,371121,6195,106204,6190,557599
2020-06-03 09:29:17.260000,6194.86,6200,241706,6205,371221,6195,237005,6190,517599
2020-06-03 09:29:18.430000,6195.98,6200,241676,6205,371521,6195,239588,6190,517700
2020-06-03 09:29:19.970000,6195.98,6200,241676,6205,371521,6195,239594,6190,517800
2020-06-03 09:29:20.600000,6195.98,6200,241666,6205,371531,6195,233456,6190,517800
2020-06-03 09:29:21.520000,6195.98,6200,241666,6205,371572,6195,233656,6190,517800
2020-06-03 09:29:22.610000,6195.98,6200,241730,6205,371572,6195,233656,6190,517850
2020-06-03 09:29:23.160000,6195.98,6200,241730,6205,372948,6195,233761,6190,517900
2020-06-03 09:29:24.130000,6195.98,6200,241830,6205,372948,6195,233961,6190,517920
2020-06-03 09:29:25.180000,6195.98,6200,241810,6205,372948,6195,234961,6190,518120
2020-06-03 09:29:25.490000,6197.13,6200,243810,6205,372948,6195,159779,6190,558108
2020-06-03 09:29:26.270000,6197.13,6200,241810,6205,372948,6195,159879,6190,558108
2020-06-03 09:29:27.320000,6197.1,6200,241715,6205,373535,6195,160167,6190,557608
2020-06-03 09:29:27.720000,6197.13,6200,241715,6205,374535,6195,160467,6190,557608
2020-06-03 09:29:28.860000,6197.13,6200,241715,6205,374535,6195,160467,6190,557610
2020-06-03 09:29:29.270000,6197.13,6200,241714,6205,374535,6195,160503,6190,557610
2020-06-03 09:29:30.420000,6197.13,6200,241714,6205,374535,6195,234295,6190,517611
2020-06-03 09:29:30.910000,6197.13,6200,241714,6205,374535,6195,234555,6190,517641
2020-06-03 09:29:32.030000,6197.13,6200,241714,6205,374535,6195,157325,6190,557641
2020-06-03 09:29:33.080000,6197.13,6200,241714,6205,374535,6195,157325,6190,557641
2020-06-03 09:29:33.500000,6197.13,6200,246924,6205,374535,6195,230225,6190,517841
2020-06-03 09:29:34.640000,6197.13,6200,249413,6205,374535,6195,230405,6190,517841
2020-06-03 09:29:35.660000,6197.13,6200,249413,6205,374535,6195,395763,6190,452489
2020-06-03 09:29:36.020000,6197.13,6200,249413,6205,374535,6195,230512,6190,517841
2020-06-03 09:29:37.270000,6197.13,6200,249413,6205,374535,6195,213879,6190,517861
2020-06-03 09:29:37.560000,6197.16,6200,249413,6205,374535,6195,214131,6190,517861
2020-06-03 09:29:38.360000,6197.13,6200,249913,6205,374035,6195,217361,6190,517861
2020-06-03 09:29:39.390000,6197.1,6200,249913,6205,374035,6195,217361,6190,519861
2020-06-03 09:29:39.770000,6197.1,6200,249913,6205,374035,6195,217361,6190,519861
2020-06-03 09:29:40.510000,6197.1,6200,249909,6205,374035,6195,217407,6190,519861
2020-06-03 09:29:41.320000,6197.1,6200,254155,6205,374035,6195,216907,6190,519861
2020-06-03 09:29:42.600000,6197.1,6200,254155,6205,374035,6195,144208,6190,559981
2020-06-03 09:29:43.060000,6197.1,6200,254155,6205,374035,6195,217017,6190,520091
2020-06-03 09:29:44.180000,6197.1,6200,254155,6205,374035,6195,144217,6190,560091
2020-06-03 09:29:45.230000,6197.1,6200,254155,6205,374035,6195,145124,6190,560091
2020-06-03 09:29:45.460000,6197.1,6200,254105,6205,374035,6195,146125,6190,560091
2020-06-03 09:29:46.260000,6197.13,6200,254099,6205,374035,6195,146125,6190,560087
2020-06-03 09:29:47.070000,6197.13,6200,254097,6205,374035,6195,146123,6190,560137
2020-06-03 09:29:47.830000,6196.01,6200,255208,6205,374035,6195,145623,6190,560237
2020-06-03 09:29:48.910000,6197.13,6200,255208,6205,374035,6195,145723,6190,560240
2020-06-03 09:29:49.280000,6197.13,6200,255208,6205,374035,6195,181055,6190,560340
2020-06-03 09:29:50.490000,6197.13,6200,255208,6205,374035,6195,181055,6190,560640
2020-06-03 09:29:50.810000,6197.13,6200,255208,6205,374035,6195,181455,6190,560645
2020-06-03 09:29:52.050000,6197.13,6200,255308,6205,374035,6195,181455,6190,560645
2020-06-03 09:29:52.390000,6197.13,6200,255308,6205,374035,6195,181455,6190,560645
2020-06-03 09:29:53.660000,6197.13,6200,258618,6205,374035,6195,181555,6190,560745
2020-06-03 09:29:53.950000,6197.13,6200,258618,6205,374035,6195,181055,6190,560928
2020-06-03 09:29:54.770000,6197.13,6200,258618,6205,374035,6195,181085,6190,560929
2020-06-03 09:29:55.750000,6197.13,6200,258618,6205,374035,6195,181152,6190,560931
2020-06-03 09:29:56.800000,6197.1,6200,258456,6205,374035,6195,181977,6190,560931
2020-06-03 09:29:57.390000,6197.13,6200,258456,6205,375035,6195,181984,6190,560931
2020-06-03 09:29:58.340000,6196.01,6200,258456,6205,375035,6195,181994,6190,560931
2020-06-03 09:29:58.660000,6196.01,6200,257957,6205,375035,6195,181994,6190,560931
2020-06-03 09:29:59.410000,6197.13,6200,258457,6205,375035,6195,181994,6190,560932
2020-06-03 09:30:00.440000,6197.13,6200,258457,6205,375035,6195,25538,6190,560932
2020-06-03 09:30:01.470000,6197.13,6200,259083,6205,375035,6195,27162,6190,560932
2020-06-03 09:30:01.980000,6197.13,6195,2050,6200,259083,6190,552932,6185,466514
2020-06-03 09:30:03.060000,6197.13,6200,259083,6205,374529,6195,99312,6190,552945
2020-06-03 09:30:04.090000,6197.13,6200,257847,6205,374529,6195,4086,6190,552945
2020-06-03 09:30:05.150000,6197.13,6200,256736,6205,374529,6195,2497,6190,552945
2020-06-03 09:30:06.180000,6197.13,6200,256786,6205,374529,6195,6883,6190,552946
2020-06-03 09:30:06.680000,6194.83,6195,8000,6200,256786,6190,552946,6185,466514
2020-06-03 09:30:07.750000,6195.95,6195,348027,6200,156652,6190,552946,6185,466513
2020-06-03 09:30:08.760000,6194.86,6195,352527,6200,156652,6190,562966,6185,466518
2020-06-03 09:30:09.200000,6194.83,6195,158987,6200,249810,6190,562967,6185,466518
2020-06-03 09:30:10.370000,6194.83,6195,405671,6200,154432,6190,559017,6185,443358
2020-06-03 09:30:11.430000,6194.83,6195,405651,6200,154432,6190,559117,6185,443358
2020-06-03 09:30:11.890000,6194.83,6195,406147,6200,154432,6190,559127,6185,443361
2020-06-03 09:30:13.000000,6194.83,6195,406137,6200,154432,6190,559128,6185,443361
2020-06-03 09:30:13.460000,6194.83,6195,405935,6200,154932,6190,553581,6185,443361
2020-06-03 09:30:14.560000,6194.83,6195,406484,6200,154932,6190,553781,6185,443361
2020-06-03 09:30:15.060000,6194.83,6195,406384,6200,154942,6190,553882,6185,443361
2020-06-03 09:30:16.150000,6194.83,6195,407443,6200,154942,6190,553882,6185,443361
2020-06-03 09:30:16.590000,6194.83,6195,407443,6200,154942,6190,557808,6185,443361
2020-06-03 09:30:17.380000,6193.72,6195,408150,6200,154943,6190,557809,6185,443361
2020-06-03 09:30:18.240000,6194.8,6195,412896,6200,154943,6190,558809,6185,443361
2020-06-03 09:30:19.340000,6194.8,6195,412677,6200,155276,6190,558809,6185,443361
2020-06-03 09:30:19.870000,6194.8,6195,412977,6200,154776,6190,559240,6185,443361
2020-06-03 09:30:20.760000,6194.8,6195,412977,6200,154776,6190,559245,6185,443371
2020-06-03 09:30:21.930000,6194.8,6195,412977,6200,154776,6190,559245,6185,443371
2020-06-03 09:30:23.020000,6194.8,6195,412979,6200,154778,6190,559245,6185,443371
2020-06-03 09:30:23.400000,6194.8,6195,411059,6200,154778,6190,559245,6185,443371
2020-06-03 09:30:24.600000,6194.8,6195,411059,6200,154778,6190,559253,6185,443371
2020-06-03 09:30:25.120000,6194.8,6195,411059,6200,154778,6190,559303,6185,443371
2020-06-03 09:30:26.180000,6194.8,6195,414159,6200,154781,6190,559903,6185,443371
2020-06-03 09:30:26.790000,6193.72,6195,414159,6200,154961,6190,559394,6185,443371
2020-06-03 09:30:27.720000,6193.69,6195,414059,6200,154961,6190,494056,6185,508723
2020-06-03 09:30:28.760000,6193.69,6195,407908,6200,154961,6190,495655,6185,508723
2020-06-03 09:30:29.190000,6193.66,6195,407788,6200,154961,6190,495655,6185,508723
2020-06-03 09:30:30.330000,6193.66,6195,408414,6200,152846,6190,407386,6185,548723
2020-06-03 09:30:31.400000,6193.66,6195,408414,6200,153446,6190,404408,6185,548723
2020-06-03 09:30:31.790000,6193.66,6195,400333,6200,153446,6190,221608,6185,547440
2020-06-03 09:30:32.960000,6193.66,6195,403354,6200,153446,6190,138862,6185,550719
2020-06-03 09:30:34.000000,6193.66,6195,403385,6200,153446,6190,61249,6185,550720
2020-06-03 09:30:34.390000,6193.66,6195,403385,6200,153446,6190,69701,6185,553320
2020-06-03 09:30:35.600000,6193.66,6190,197019,6195,334767,6185,553340,6180,445373
2020-06-03 09:30:36.100000,6193.66,6190,300119,6195,231667,6185,553370,6180,445376
2020-06-03 09:30:37.190000,6191.36,6190,342711,6195,231667,6185,553370,6180,445376
2020-06-03 09:30:37.750000,6190.25,6190,343484,6195,235667,6185,553372,6180,445376
2020-06-03 09:30:39.850000,6189.07,6190,376022,6195,235667,6185,552505,6180,445376
2020-06-03 09:30:40.850000,6189.07,6190,376022,6195,235667,6185,551105,6180,446376
2020-06-03 09:30:41.890000,6189.07,6190,377931,6195,230667,6185,550105,6180,447381
2020-06-03 09:30:42.390000,6189.07,6190,387033,6195,230667,6185,550025,6180,447381
2020-06-03 09:30:43.520000,6189.07,6190,377033,6195,232164,6185,432365,6180,512933
2020-06-03 09:30:44.580000,6189.07,6190,382033,6195,232497,6185,432474,6180,512933
2020-06-03 09:30:44.950000,6189.07,6190,382033,6195,232312,6185,432828,6180,512933
2020-06-03 09:30:45.770000,6189.07,6190,382033,6195,232312,6185,551313,6180,447581
2020-06-03 09:30:46.660000,6187.96,6190,387244,6195,232312,6185,502313,6180,447581
2020-06-03 09:30:47.690000,6186.84,6190,387244,6195,232312,6185,436286,6180,512963
2020-06-03 09:30:48.060000,6187.93,6190,387244,6195,232281,6185,436796,6180,514961
2020-06-03 09:30:48.760000,6187.93,6190,382244,6195,232581,6185,438896,6180,514961
2020-06-03 09:30:49.750000,6187.93,6190,382244,6195,232581,6185,447906,6180,514971
2020-06-03 09:30:50.810000,6187.93,6190,382244,6195,232581,6185,271093,6180,554981
2020-06-03 09:30:51.300000,6187.93,6190,382144,6195,232581,6185,256128,6180,569966
2020-06-03 09:30:52.420000,6187.93,6190,390144,6195,232581,6185,99815,6180,573445
2020-06-03 09:30:53.450000,6187.93,6190,390144,6195,232581,6185,106816,6180,574111
2020-06-03 09:30:53.780000,6187.93,6190,390143,6195,232581,6185,106321,6180,574111
2020-06-03 09:30:54.500000,6187.93,6190,390481,6195,232081,6185,106732,6180,574111
2020-06-03 09:30:55.580000,6187.93,6190,380978,6195,232081,6185,97229,6180,572827
2020-06-03 09:30:56.610000,6186.81,6190,380868,6195,232081,6185,95974,6180,572827
2020-06-03 09:30:56.860000,6185.66,6190,380868,6195,232081,6185,97408,6180,572828
2020-06-03 09:30:57.640000,6185.66,6190,380868,6195,232081,6185,93750,6180,572828
2020-06-03 09:30:58.620000,6186.78,6190,381118,6195,232081,6185,68752,6180,572828
2020-06-03 09:30:59.710000,6185.66,6185,78801,6190,315866,6180,573328,6175,493079
2020-06-03 09:31:00.260000,6185.66,6185,212129,6190,212786,6180,572328,6175,494079
2020-06-03 09:31:01.250000,6185.66,6185,318743,6190,172786,6180,572329,6175,494078
2020-06-03 09:31:02.310000,6185.66,6185,389222,6190,172786,6180,572342,6175,494079
2020-06-03 09:31:03.350000,6185.66,6185,414459,6190,172786,6180,562402,6175,494079
2020-06-03 09:31:03.760000,6185.66,6185,413242,6190,172786,6180,561707,6175,494089
2020-06-03 09:31:04.900000,6185.66,6185,413157,6190,172786,6180,561707,6175,494139
2020-06-03 09:31:05.260000,6185.66,6185,412664,6190,172786,6180,561707,6175,494139
2020-06-03 09:31:05.960000,6185.66,6185,412520,6190,173086,6180,561707,6175,494139
2020-06-03 09:31:06.700000,6183.4,6185,412416,6190,173618,6180,443383,6175,559491
2020-06-03 09:31:07.520000,6183.37,6185,412416,6190,173618,6180,562414,6175,494195
2020-06-03 09:31:08.590000,6183.37,6185,412364,6190,173638,6180,446062,6175,559547
2020-06-03 09:31:08.990000,6183.37,6185,412364,6190,173638,6180,445433,6175,559550
2020-06-03 09:31:09.700000,6183.37,6185,411264,6190,173638,6180,372655,6175,599550
2020-06-03 09:31:10.660000,6183.37,6185,411114,6190,173638,6180,443485,6175,559760
2020-06-03 09:31:11.730000,6183.37,6185,411314,6190,173638,6180,441576,6175,559761
2020-06-03 09:31:12.770000,6183.37,6185,406084,6190,173638,6180,363583,6175,600361
2020-06-03 09:31:13.160000,6183.37,6185,406284,6190,173638,6180,421728,6175,575326
2020-06-03 09:31:14.350000,6183.37,6185,407783,6190,173638,6180,422280,6175,575326
2020-06-03 09:31:14.730000,6183.37,6185,407783,6190,173638,6180,415409,6175,575326
2020-06-03 09:31:15.900000,6183.37,6185,407283,6190,173638,6180,413397,6175,575826
2020-06-03 09:31:16.120000,6182.25,6185,407283,6190,173638,6180,236951,6175,616326
2020-06-03 09:31:16.960000,6183.37,6185,406283,6190,173638,6180,309981,6175,576326
2020-06-03 09:31:17.970000,6182.25,6185,406283,6190,173638,6180,283738,6175,575044
2020-06-03 09:31:18.490000,6182.19,6185,406283,6190,173638,6180,277731,6175,575044
2020-06-03 09:31:19.520000,6182.22,6185,406249,6190,173638,6180,276788,6175,576662
2020-06-03 09:31:20.020000,6182.22,6185,440425,6190,211601,6180,276588,6175,576663
2020-06-03 09:31:21.070000,6182.22,6185,433025,6190,211601,6180,269288,6175,576263
2020-06-03 09:31:21.600000,6182.22,6185,433025,6190,211601,6180,270483,6175,576263
2020-06-03 09:31:22.660000,6182.22,6185,435609,6190,211601,6180,197713,6175,616263
2020-06-03 09:31:23.680000,6182.22,6185,435609,6190,211601,6180,198000,6175,616263
2020-06-03 09:31:24.100000,6182.22,6185,435599,6190,211601,6180,198183,6175,616263
2020-06-03 09:31:25.240000,6182.22,6185,435599,6190,212601,6180,199016,6175,616263
2020-06-03 09:31:25.600000,6182.22,6185,435599,6190,212601,6180,273316,6175,576283
2020-06-03 09:31:26.850000,6182.22,6185,435489,6190,212601,6180,277545,6175,576283
2020-06-03 09:31:27.140000,6182.22,6185,435288,6190,212601,6180,277545,6175,576283
2020-06-03 09:31:27.890000,6183.34,6185,438237,6190,212601,6180,275148,6175,576283
2020-06-03 09:31:28.940000,6183.34,6185,438237,6190,212601,6180,275140,6175,576283
2020-06-03 09:31:29.300000,6182.19,6185,438237,6190,212601,6180,276140,6175,576283
2020-06-03 09:31:29.920000,6182.19,6185,438837,6190,212601,6180,276141,6175,576284
2020-06-03 09:31:31.020000,6182.19,6185,437837,6190,212601,6180,275401,6175,576315
2020-06-03 09:31:31.390000,6182.19,6185,437837,6190,212601,6180,203711,6175,616345
2020-06-03 09:31:32.590000,6182.19,6185,437837,6190,212601,6180,206539,6175,616445
2020-06-03 09:31:33.090000,6182.19,6185,442537,6190,217085,6180,284370,6175,576445
2020-06-03 09:31:34.160000,6182.19,6185,442487,6190,217085,6180,220020,6175,616445
2020-06-03 09:31:35.200000,6182.19,6185,442487,6190,217085,6180,224006,6175,616455
2020-06-03 09:31:35.720000,6182.19,6185,442487,6190,217085,6180,224139,6175,616516
2020-06-03 09:31:36.750000,6182.19,6185,442287,6190,224266,6180,224149,6175,616546
2020-06-03 09:31:37.190000,6182.19,6185,442287,6190,224266,6180,224254,6175,616546
2020-06-03 09:31:38.000000,6182.19,6185,442287,6190,224266,6180,185364,6175,615546
2020-06-03 09:31:38.840000,6182.19,6185,440941,6190,224266,6180,184245,6175,615646
2020-06-03 09:31:39.860000,6181.11,6185,440931,6190,224266,6180,186355,6175,615646
2020-06-03 09:31:40.390000,6181.11,6185,440768,6190,224266,6180,186855,6175,615646
2020-06-03 09:31:41.450000,6181.11,6185,439968,6190,224266,6180,183727,6175,618925
2020-06-03 09:31:41.980000,6181.11,6185,439968,6190,224266,6180,272993,6175,618945
2020-06-03 09:31:42.970000,6181.11,6185,439968,6190,224266,6180,271016,6175,619065
2020-06-03 09:31:43.390000,6181.11,6185,439968,6190,224266,6180,271216,6175,619065
2020-06-03 09:31:44.060000,6181.11,6185,439968,6190,224266,6180,271429,6175,619065
2020-06-03 09:31:45.070000,6181.11,6185,439927,6190,224266,6180,271641,6175,619065
2020-06-03 09:31:45.500000,6181.11,6185,439927,6190,224266,6180,183178,6175,619117
2020-06-03 09:31:46.670000,6181.08,6185,439927,6190,224266,6180,181867,6175,619117
2020-06-03 09:31:47.170000,6181.08,6185,439427,6190,224266,6180,182067,6175,619217
2020-06-03 09:31:47.960000,6181.08,6185,379327,6190,224266,6180,122067,6175,619217
2020-06-03 09:31:48.850000,6181.08,6185,339834,6190,184803,6180,122067,6175,619217
2020-06-03 09:31:49.550000,6181.05,6185,338224,6190,184803,6180,115127,6175,619167
2020-06-03 09:31:50.860000,6181.05,6180,25723,6185,289146,6175,553916,6170,445916
2020-06-03 09:31:51.900000,6181.05,6180,28398,6185,289146,6175,553916,6170,445616
2020-06-03 09:31:52.160000,6181.05,6180,38702,6185,289146,6175,553921,6170,445616
2020-06-03 09:31:52.990000,6181.05,6180,200,6185,289146,6175,561932,6170,445616
2020-06-03 09:31:54.020000,6181.05,6180,8196,6185,289146,6175,561932,6170,445617
2020-06-03 09:31:54.430000,6181.05,6180,123580,6185,186643,6175,553932,6170,445617
2020-06-03 09:31:55.630000,6181.05,6180,3245,6185,289178,6175,538968,6170,460582
2020-06-03 09:31:55.930000,6181.05,6180,12162,6185,289178,6175,539068,6170,460582
2020-06-03 09:31:57.190000,6179.93,6180,17848,6185,289178,6175,538068,6170,461082
2020-06-03 09:31:57.520000,6179.93,6180,9848,6185,289178,6175,538733,6170,461082
2020-06-03 09:31:58.770000,6179.9,6180,19051,6185,283178,6175,538414,6170,461094
2020-06-03 09:31:59.100000,6179.93,6180,26880,6185,285178,6175,536334,6170,461194
2020-06-03 09:32:00.360000,6179.93,6180,172471,6185,245678,6175,536331,6170,461194
2020-06-03 09:32:00.750000,6179.93,6180,334655,6185,143143,6175,602784,6170,461199
2020-06-03 09:32:01.690000,6179.93,6180,18852,6185,351030,6175,602805,6170,461219
2020-06-03 09:32:02.590000,6179.93,6180,19626,6185,351030,6175,602826,6170,461219
2020-06-03 09:32:03.390000,6179.93,6180,16310,6185,351030,6175,602665,6170,461219
2020-06-03 09:32:04.620000,6179.93,6180,8436,6185,351050,6175,602567,6170,461219
2020-06-03 09:32:04.920000,6179.93,6180,25099,6185,351050,6175,602776,6170,461819
2020-06-03 09:32:05.700000,6179.93,6180,341762,6185,143163,6175,602776,6170,461849
2020-06-03 09:32:06.740000,6179.93,6180,341562,6185,143163,6175,602796,6170,461849
2020-06-03 09:32:07.170000,6179.9,6180,341562,6185,143163,6175,602896,6170,461850
2020-06-03 09:32:08.320000,6179.9,6180,341368,6185,143163,6175,602901,6170,462050
2020-06-03 09:32:08.620000,6179.9,6180,344356,6185,138463,6175,603001,6170,462080
2020-06-03 09:32:09.490000,6179.9,6180,342355,6185,138463,6175,603150,6170,462081
2020-06-03 09:32:10.220000,6179.9,6180,342250,6185,138463,6175,603347,6170,462081
2020-06-03 09:32:11.500000,6179.9,6180,346265,6185,138463,6175,538134,6170,528433
2020-06-03 09:32:11.990000,6179.9,6180,340912,6185,138463,6175,538134,6170,528733
2020-06-03 09:32:13.100000,6179.9,6180,340812,6185,138463,6175,537837,6170,528933
2020-06-03 09:32:13.630000,6179.9,6180,340712,6185,138463,6175,539804,6170,528934
2020-06-03 09:32:14.640000,6179.9,6180,339712,6185,138463,6175,543137,6170,528934
2020-06-03 09:32:14.960000,6179.9,6180,339712,6185,138463,6175,541637,6170,528934
2020-06-03 09:32:15.690000,6178.78,6180,339412,6185,138463,6175,541639,6170,528934
2020-06-03 09:32:16.690000,6177.67,6180,339567,6185,138463,6175,541739,6170,528934
2020-06-03 09:32:17.160000,6177.67,6180,341320,6185,138463,6175,569702,6170,529134
2020-06-03 09:32:17.990000,6177.61,6180,341500,6185,138463,6175,569702,6170,529159
2020-06-03 09:32:18.840000,6178.75,6180,341500,6185,138463,6175,564995,6170,529164
2020-06-03 09:32:19.880000,6178.78,6180,341572,6185,138463,6175,564995,6170,529208
2020-06-03 09:32:20.920000,6178.78,6180,341472,6185,138463,6175,563545,6170,529220
2020-06-03 09:32:21.300000,6178.78,6180,341572,6185,137863,6175,564153,6170,529236
2020-06-03 09:32:22.500000,6178.78,6180,341572,6185,137863,6175,564163,6170,529236
2020-06-03 09:32:22.750000,6178.78,6180,344187,6185,135263,6175,565163,6170,529236
2020-06-03 09:32:23.510000,6178.78,6180,344887,6185,135263,6175,563370,6170,529236
2020-06-03 09:32:24.610000,6178.78,6180,344887,6185,135263,6175,564320,6170,529256
2020-06-03 09:32:24.980000,6178.78,6180,344887,6185,135263,6175,562721,6170,529256
2020-06-03 09:32:26.190000,6178.78,6180,347836,6185,132314,6175,467531,6170,569266
2020-06-03 09:32:26.590000,6177.64,6180,347836,6185,132314,6175,467531,6170,569531
2020-06-03 09:32:27.700000,6177.64,6180,347796,6185,132314,6175,460321,6170,569531
2020-06-03 09:32:28.080000,6177.61,6180,347796,6185,132314,6175,460000,6170,569780
2020-06-03 09:32:29.310000,6177.61,6180,344796,6185,132314,6175,460020,6170,569980
2020-06-03 09:32:29.450000,6177.61,6180,344746,6185,132314,6175,460020,6170,569980
2020-06-03 09:32:30.310000,6177.61,6180,347846,6185,132314,6175,460020,6170,569980
2020-06-03 09:32:30.860000,6177.61,6180,347866,6185,132314,6175,461330,6170,570180
2020-06-03 09:32:31.620000,6177.61,6180,347866,6185,133425,6175,461351,6170,570380
2020-06-03 09:32:32.450000,6177.61,6180,347966,6185,133425,6175,462353,6170,570270
2020-06-03 09:32:32.970000,6177.61,6180,347966,6185,133425,6175,462452,6170,570470
2020-06-03 09:32:34.010000,6177.61,6180,347966,6185,133425,6175,461652,6170,570470
2020-06-03 09:32:34.320000,6177.61,6180,374579,6185,133425,6175,469667,6170,570470
2020-06-03 09:32:35.540000,6177.61,6180,374579,6185,133425,6175,470202,6170,570470
2020-06-03 09:32:35.790000,6176.52,6180,374579,6185,133425,6175,470239,6170,570480
2020-06-03 09:32:36.670000,6176.52,6180,377579,6185,133425,6175,487440,6170,570480
2020-06-03 09:32:37.670000,6176.52,6180,377559,6185,133425,6175,577987,6170,530181
2020-06-03 09:32:38.090000,6177.61,6180,377509,6185,133425,6175,490987,6170,570182
2020-06-03 09:32:38.760000,6177.61,6180,377509,6185,133425,6175,490987,6170,570232
2020-06-03 09:32:39.460000,6177.61,6180,427509,6185,133425,6175,304908,6170,570242
2020-06-03 09:32:40.340000,6177.61,6180,427509,6185,133425,6175,308192,6170,571237
2020-06-03 09:32:41.400000,6177.61,6180,427909,6185,133425,6175,308192,6170,571337
2020-06-03 09:32:42.450000,6177.61,6180,427704,6185,133425,6175,205611,6170,574616
2020-06-03 09:32:43.510000,6177.61,6180,427694,6185,133393,6175,202519,6170,574718
2020-06-03 09:32:43.880000,6177.61,6180,424645,6185,133393,6175,268284,6170,574718
2020-06-03 09:32:45.050000,6177.61,6180,424645,6185,133393,6175,153392,6170,574718
2020-06-03 09:32:46.120000,6177.61,6175,13731,6180,400693,6170,582718,6165,386074
2020-06-03 09:32:46.590000,6176.46,6180,350793,6185,98495,6175,107063,6170,535718
2020-06-03 09:32:47.690000,6175.32,6180,343636,6185,98495,6175,110035,6170,535618
2020-06-03 09:32:48.270000,6176.46,6180,394122,6185,148495,6175,12423,6170,585618
2020-06-03 09:32:49.260000,6175.38,6180,394122,6185,148495,6175,19244,6170,585618
2020-06-03 09:32:50.300000,6175.38,6175,450,6180,385552,6170,585618,6165,409329
2020-06-03 09:32:50.820000,6175.38,6175,233455,6180,200998,6170,586628,6165,409329
2020-06-03 09:32:51.870000,6175.38,6175,233314,6180,200998,6170,564854,6165,409332
2020-06-03 09:32:52.930000,6175.38,6175,234912,6180,221342,6170,565313,6165,409332
2020-06-03 09:32:53.290000,6175.38,6175,269238,6180,221542,6170,565463,6165,409362
2020-06-03 09:32:54.470000,6175.38,6175,269127,6180,226026,6170,565403,6165,409362
2020-06-03 09:32:54.770000,6175.38,6175,265816,6180,226026,6170,563293,6165,411362
2020-06-03 09:32:55.550000,6175.38,6175,266381,6180,226026,6170,564305,6165,411362
2020-06-03 09:32:56.550000,6175.38,6175,266360,6180,225939,6170,563305,6165,411362
2020-06-03 09:32:56.890000,6175.32,6175,266240,6180,225939,6170,563925,6165,411362
2020-06-03 09:32:57.570000,6174.2,6175,266240,6180,225939,6170,548960,6165,426327
2020-06-03 09:32:58.660000,6173.08,6175,233440,6180,225939,6170,552061,6165,426327
2020-06-03 09:32:59.020000,6174.17,6175,265240,6180,225779,6170,550661,6165,426327
2020-06-03 09:33:00.210000,6174.17,6175,267256,6180,220874,6170,434621,6165,491684
2020-06-03 09:33:00.570000,6174.17,6175,267246,6180,220874,6170,338424,6165,531684
2020-06-03 09:33:01.750000,6174.17,6175,293892,6180,194228,6170,236841,6165,531651
2020-06-03 09:33:02.770000,6174.17,6175,293502,6180,194228,6170,180570,6165,531651
2020-06-03 09:33:03.190000,6174.17,6175,192394,6180,144228,6170,1,6165,492985
2020-06-03 09:33:04.350000,6174.17,6170,39682,6175,186150,6165,427643,6160,319438
2020-06-03 09:33:05.410000,6174.17,6170,39580,6175,194588,6165,427623,6160,319438
2020-06-03 09:33:05.750000,6174.17,6170,92109,6175,245098,6165,471299,6160,369438
2020-06-03 09:33:06.920000,6171.85,6170,245942,6175,179826,6165,439844,6160,369438
2020-06-03 09:33:07.420000,6170.76,6170,284566,6175,169871,6165,441345,6160,369438
2020-06-03 09:33:08.590000,6170.73,6170,286407,6175,169871,6165,391346,6160,369438
2020-06-03 09:33:09.630000,6167.35,6170,286297,6175,187538,6165,342452,6160,369538
2020-06-03 09:33:10.670000,6167.35,6170,286187,6175,187738,6165,342358,6160,369538
2020-06-03 09:33:11.060000,6167.35,6170,286187,6175,192738,6165,297359,6160,409538
2020-06-03 09:33:12.250000,6167.35,6170,282739,6175,192988,6165,215643,6160,409588
2020-06-03 09:33:12.760000,6167.35,6170,287950,6175,192988,6165,222125,6160,421089
2020-06-03 09:33:13.810000,6167.35,6170,388150,6175,157904,6165,142853,6160,486441
2020-06-03 09:33:14.300000,6167.35,6170,388004,6175,157904,6165,44830,6160,486541
2020-06-03 09:33:15.330000,6167.35,6170,390692,6175,157904,6165,72992,6160,491030
2020-06-03 09:33:16.420000,6167.35,6165,273533,6170,220850,6160,492047,6155,359696
2020-06-03 09:33:16.720000,6166.21,6165,52869,6170,427982,6160,492048,6155,359696
2020-06-03 09:33:17.970000,6166.18,6170,427982,6175,185027,6165,129532,6160,500238
2020-06-03 09:33:19.000000,6165.03,6170,427982,6175,185227,6165,129847,6160,500355
2020-06-03 09:33:19.390000,6165.03,6170,427982,6175,185727,6165,118489,6160,500461
2020-06-03 09:33:20.570000,6165.03,6170,427982,6175,185727,6165,119092,6160,500471
2020-06-03 09:33:21.150000,6165.03,6170,427982,6175,190428,6165,11763,6160,500872
2020-06-03 09:33:22.180000,6165.03,6170,427982,6175,190428,6165,147669,6160,501172
2020-06-03 09:33:23.230000,6165.03,6170,433931,6175,190428,6165,8870,6160,501772
2020-06-03 09:33:23.500000,6165.03,6170,433931,6175,190428,6165,735,6160,501472
2020-06-03 09:33:24.290000,6165.03,6165,274433,6170,257198,6160,493474,6155,359706
2020-06-03 09:33:25.350000,6165.03,6165,328195,6170,257198,6160,493479,6155,359707
2020-06-03 09:33:25.790000,6165.03,6165,281393,6170,307309,6160,334558,6155,465059
2020-06-03 09:33:26.920000,6166.15,6165,316741,6170,277575,6160,493234,6155,359796
2020-06-03 09:33:27.980000,6163.85,6165,318528,6170,278449,6160,492954,6155,360096
2020-06-03 09:33:28.490000,6162.77,6165,318526,6170,278449,6160,491570,6155,362036
2020-06-03 09:33:29.560000,6162.77,6165,311026,6170,278452,6160,492503,6155,362041
2020-06-03 09:33:30.600000,6162.77,6165,294275,6170,278452,6160,344124,6155,467393
2020-06-03 09:33:31.090000,6162.77,6165,294275,6170,278452,6160,496556,6155,362042
2020-06-03 09:33:32.210000,6162.77,6165,297264,6170,275503,6160,341218,6155,467714
2020-06-03 09:33:32.700000,6162.77,6165,292753,6170,275503,6160,341130,6155,467714
2020-06-03 09:33:33.800000,6162.77,6165,297654,6170,275505,6160,341053,6155,467715
2020-06-03 09:33:34.230000,6162.77,6165,297054,6170,275705,6160,240442,6155,467715
2020-06-03 09:33:35.370000,6162.77,6165,306473,6170,272664,6160,132872,6155,467718
2020-06-03 09:33:36.410000,6162.74,6165,300665,6170,272664,6160,44538,6155,469001
2020-06-03 09:33:36.990000,6161.62,6165,300665,6170,272464,6160,171389,6155,472290
2020-06-03 09:33:37.990000,6161.59,6165,298981,6170,242880,6160,142888,6155,472861
2020-06-03 09:33:39.050000,6161.56,6165,298881,6170,243080,6160,192294,6155,472866
2020-06-03 09:33:40.100000,6162.71,6165,298881,6170,243080,6160,446406,6155,433181
2020-06-03 09:33:40.620000,6162.71,6165,299081,6170,243954,6160,430739,6155,433188
2020-06-03 09:33:41.680000,6162.71,6165,296132,6170,243954,6160,427080,6155,433189
2020-06-03 09:33:42.740000,6162.71,6165,292853,6170,243954,6160,444175,6155,433188
2020-06-03 09:33:43.770000,6162.71,6165,294412,6170,243954,6160,444177,6155,431139
2020-06-03 09:33:44.190000,6162.71,6165,295579,6170,243954,6160,444297,6155,431140
2020-06-03 09:33:45.350000,6162.71,6165,134567,6170,319261,6160,444300,6155,431140
2020-06-03 09:33:45.790000,6162.71,6165,296827,6170,213554,6160,444700,6155,431252
2020-06-03 09:33:46.940000,6163.88,6165,63693,6170,363388,6160,444185,6155,431252
2020-06-03 09:33:47.390000,6165.0,6165,53517,6170,363388,6160,449248,6155,431252
2020-06-03 09:33:48.520000,6166.15,6165,53217,6170,363388,6160,449673,6155,429924
2020-06-03 09:33:48.960000,6166.15,6165,53534,6170,363388,6160,450278,6155,429924
2020-06-03 09:33:49.780000,6165.0,6165,54314,6170,363388,6160,451008,6155,430225
2020-06-03 09:33:50.630000,6165.0,6165,53152,6170,363388,6160,451288,6155,430225
2020-06-03 09:33:51.660000,6165.0,6170,363388,6175,190928,6165,208349,6160,453289
2020-06-03 09:33:52.710000,6165.0,6170,355388,6175,190928,6165,517466,6160,348147
2020-06-03 09:33:53.190000,6165.0,6170,355388,6175,294028,6165,500588,6160,349148
2020-06-03 09:33:54.250000,6165.0,6170,355388,6175,294028,6165,500664,6160,350658
2020-06-03 09:33:55.280000,6165.0,6170,312633,6175,303983,6165,504643,6160,350658
2020-06-03 09:33:56.300000,6165.0,6170,360427,6175,294028,6165,504544,6160,350678
2020-06-03 09:33:56.590000,6167.26,6170,313583,6175,303983,6165,452449,6160,350708
2020-06-03 09:33:57.420000,6170.7,6170,313583,6175,303983,6165,453099,6160,351208
2020-06-03 09:33:58.180000,6169.58,6170,313584,6175,303983,6165,456123,6160,351209
2020-06-03 09:33:59.480000,6169.58,6170,239057,6175,303983,6165,456206,6160,351210
2020-06-03 09:33:59.790000,6170.7,6170,214394,6175,303983,6165,456806,6160,352520
2020-06-03 09:34:01.070000,6170.7,6170,18499,6175,369335,6165,463707,6160,352520
2020-06-03 09:34:02.100000,6170.7,6175,369335,6180,264909,6170,85085,6165,463428
2020-06-03 09:34:02.700000,6170.7,6175,369335,6180,264909,6170,17522,6165,463404
2020-06-03 09:34:03.680000,6170.7,6175,369335,6180,264909,6170,25771,6165,463433
2020-06-03 09:34:04.120000,6170.7,6175,369335,6180,264909,6170,25771,6165,464433
2020-06-03 09:34:05.240000,6170.7,6175,369335,6180,264909,6170,26041,6165,464183
2020-06-03 09:34:05.520000,6170.7,6175,369335,6180,264909,6170,239818,6165,424484
2020-06-03 09:34:06.310000,6171.85,6175,369335,6180,264909,6170,238903,6165,425984
2020-06-03 09:34:07.350000,6171.85,6175,369336,6180,264909,6170,239923,6165,428919
2020-06-03 09:34:07.700000,6171.88,6175,369336,6180,264909,6170,241901,6165,429019
2020-06-03 09:34:08.900000,6172.99,6175,369336,6180,264909,6170,244610,6165,426210
2020-06-03 09:34:09.190000,6173.02,6175,371836,6180,264909,6170,236236,6165,426211
2020-06-03 09:34:10.030000,6173.02,6175,371836,6180,264909,6170,236236,6165,439529
2020-06-03 09:34:10.990000,6173.02,6175,371836,6180,264909,6170,237836,6165,444984
2020-06-03 09:34:12.110000,6173.02,6175,372391,6180,264909,6170,453788,6165,379832
2020-06-03 09:34:13.130000,6173.02,6175,339488,6180,264909,6170,453799,6165,379624
2020-06-03 09:34:13.660000,6173.02,6175,373188,6180,264909,6170,456693,6165,380824
2020-06-03 09:34:14.720000,6173.02,6175,340495,6180,264909,6170,460367,6165,380824
2020-06-03 09:34:15.750000,6173.02,6175,373295,6180,264909,6170,461399,6165,380974
2020-06-03 09:34:16.190000,6173.02,6175,368502,6180,264909,6170,458691,6165,380974
2020-06-03 09:34:17.310000,6174.2,6175,368482,6180,264909,6170,463696,6165,380974
