time,nav,sell1,sell1_cnt,sell2,sell2_cnt,buy1,buy1_cnt,buy2,buy2_cnt
2020-06-05 08:47:04.270000,0.0,5960,1,5965,2,5955,13660,5950,11977
2020-06-05 08:47:04.470000,0.0,5960,1,5965,2,5955,13660,5950,11977
2020-06-05 08:47:05.290000,0.0,5960,1,5965,2,5955,13680,5950,11977
2020-06-05 08:47:05.360000,0.0,5960,1,5965,2,5955,13680,5950,11977
2020-06-05 08:47:06.680000,0.0,5960,1,5965,2,5955,13681,5950,11977
2020-06-05 08:47:07.270000,0.0,5960,1,5965,2,5955,13684,5950,11977
2020-06-05 08:47:07.880000,0.0,5960,1,5965,2,5955,13704,5950,11977
2020-06-05 08:47:08.070000,0.0,5960,1,5965,2,5955,13704,5950,11977
2020-06-05 08:47:09.380000,0.0,5960,1,5965,2,5955,13704,5950,11977
2020-06-05 08:47:09.470000,0.0,5960,1,5965,2,5955,13704,5950,11977
2020-06-05 08:47:09.770000,0.0,5960,1,5965,2,5955,21979,5950,11977
2020-06-05 08:47:10.070000,0.0,5960,1,5965,2,5955,21753,5950,11977
2020-06-05 08:47:10.270000,0.0,5960,1,5965,2,5955,21753,5950,11977
2020-06-05 08:47:10.470000,0.0,5960,1,5965,2,5955,21754,5950,11977
2020-06-05 08:47:10.570000,0.0,5960,1,5965,2,5955,21974,5950,11977
2020-06-05 08:47:10.770000,0.0,5960,1,5965,2,5955,22074,5950,11977
2020-06-05 08:47:11.270000,0.0,5960,1,5965,2,5955,22074,5950,11977
2020-06-05 08:47:11.770000,0.0,5960,1,5965,2,5955,22074,5950,12077
2020-06-05 08:47:12.380000,0.0,5960,1,5965,2,5955,22174,5950,12077
2020-06-05 08:47:13.180000,0.0,5960,1,5965,2,5955,22174,5950,12077
2020-06-05 08:47:13.270000,0.0,5960,1,5965,2,5955,22174,5950,12077
2020-06-05 08:47:13.470000,0.0,5960,1,5965,2,5955,22174,5950,12077
2020-06-05 08:47:13.500000,0.0,5960,1,5965,2,5955,22175,5950,12077
2020-06-05 08:47:13.880000,0.0,5960,1,5965,2,5955,22175,5950,12077
2020-06-05 08:47:13.970000,0.0,5960,1,5965,2,5955,22475,5950,12077
2020-06-05 08:47:14.100000,0.0,5960,1,5965,2,5955,22475,5950,12077
2020-06-05 08:47:14.470000,0.0,5960,1,5965,2,5955,22475,5950,12077
2020-06-05 08:47:14.600000,0.0,5960,1,5965,2,5955,22475,5950,12077
2020-06-05 08:47:15.070000,0.0,5960,1,5965,2,5955,22475,5950,12077
2020-06-05 08:47:15.180000,0.0,5960,1,5965,2,5955,22875,5950,12077
2020-06-05 08:47:15.570000,0.0,5960,1,5965,2,5955,23375,5950,12077
2020-06-05 08:47:15.680000,0.0,5960,1,5965,2,5955,23375,5950,12077
2020-06-05 08:47:16.270000,0.0,5960,1,5965,2,5955,23375,5950,12077
2020-06-05 08:47:16.770000,0.0,5960,1,5965,2,5955,23375,5950,12077
2020-06-05 08:47:16.880000,0.0,5960,1,5965,2,5955,23375,5950,12077
2020-06-05 08:47:16.910000,0.0,5960,1,5965,2,5955,23375,5950,12082
2020-06-05 08:47:17.070000,0.0,5960,1,5965,2,5955,23375,5950,12082
2020-06-05 08:47:17.470000,0.0,5960,1,5965,2,5955,23375,5950,12082
2020-06-05 08:47:17.770000,0.0,5960,1,5965,2,5955,23375,5950,12195
2020-06-05 08:47:18.770000,0.0,5960,1,5965,2,5955,23488,5950,12195
2020-06-05 08:47:19.070000,0.0,5960,1,5965,2,5955,23488,5950,12495
2020-06-05 08:47:20.070000,0.0,5960,1,5965,2,5955,23488,5950,12495
2020-06-05 08:47:20.180000,0.0,5960,1,5965,2,5955,23488,5950,12495
2020-06-05 08:47:21.470000,0.0,5960,1,5965,2,5955,23588,5950,12495
2020-06-05 08:47:21.910000,0.0,5960,1,5965,2,5955,23588,5950,12495
2020-06-05 08:47:22.570000,0.0,5960,1,5965,2,5955,24088,5950,12495
2020-06-05 08:47:23.380000,0.0,5960,1,5965,2,5955,28388,5950,12495
2020-06-05 08:47:23.410000,0.0,5960,1,5965,2,5955,28388,5950,12495
2020-06-05 08:47:23.770000,0.0,5960,1,5965,2,5955,28388,5950,12495
2020-06-05 08:47:24.180000,0.0,5965,2,5970,3,5960,1278,5955,33344
2020-06-05 08:47:24.680000,0.0,5965,2,5970,3,5960,1278,5955,33344
2020-06-05 08:47:25.680000,0.0,5965,2,5970,3,5960,784,5955,33344
2020-06-05 08:47:26.880000,0.0,5965,2,5970,3,5960,784,5955,33344
2020-06-05 08:47:27.270000,0.0,5965,2,5970,3,5960,784,5955,33344
2020-06-05 08:47:28.720000,0.0,5965,2,5970,3,5960,784,5955,33344
2020-06-05 08:47:28.970000,0.0,5965,2,5970,3,5960,784,5955,33344
2020-06-05 08:47:29.410000,0.0,5965,2,5970,3,5960,784,5955,33344
2020-06-05 08:47:30.220000,0.0,5965,2,5970,3,5960,734,5955,33344
2020-06-05 08:47:30.280000,0.0,5965,2,5970,3,5960,734,5955,33346
2020-06-05 08:47:31.970000,0.0,5965,2,5970,3,5960,2734,5955,33346
2020-06-05 08:47:32.410000,0.0,5965,2,5970,3,5960,2734,5955,33346
2020-06-05 08:47:32.470000,0.0,5965,2,5970,3,5960,2735,5955,33346
2020-06-05 08:47:32.970000,0.0,5965,2,5970,3,5960,2735,5955,33396
2020-06-05 08:47:34.170000,0.0,5965,2,5970,3,5960,2735,5955,33396
2020-06-05 08:47:36.060000,0.0,5965,2,5970,3,5960,2635,5955,33396
2020-06-05 08:47:36.600000,0.0,5965,2,5970,3,5960,2635,5955,33396
2020-06-05 08:47:36.690000,0.0,5965,2,5970,3,5960,2635,5955,33396
2020-06-05 08:47:37.770000,0.0,5965,2,5970,3,5960,2721,5955,33396
2020-06-05 08:47:37.970000,0.0,5965,2,5970,3,5960,2721,5955,33396
2020-06-05 08:47:38.080000,0.0,5965,2,5970,3,5960,2721,5955,33396
2020-06-05 08:47:38.140000,0.0,5965,2,5970,3,5960,2721,5955,33396
2020-06-05 08:47:38.380000,0.0,5965,2,5970,3,5960,2821,5955,33396
2020-06-05 08:47:38.470000,0.0,5965,2,5970,3,5960,2821,5955,33396
2020-06-05 08:47:38.580000,0.0,5965,2,5970,3,5960,3121,5955,33396
2020-06-05 08:47:38.670000,0.0,5965,2,5970,3,5960,9987,5955,33396
2020-06-05 08:47:39.800000,0.0,5965,2,5970,3,5960,9987,5955,33396
2020-06-05 08:47:39.830000,0.0,5965,2,5970,3,5960,9987,5955,33396
2020-06-05 08:47:39.890000,0.0,5965,2,5970,3,5960,10087,5955,33396
2020-06-05 08:47:39.920000,0.0,5965,2,5970,3,5960,10087,5955,33396
2020-06-05 08:47:40.380000,0.0,5965,2,5970,3,5960,11087,5955,33396
2020-06-05 08:47:41.870000,0.0,5965,2,5970,3,5960,11087,5955,33396
2020-06-05 08:47:42.370000,0.0,5965,2,5970,3,5960,11112,5955,33396
2020-06-05 08:47:44.010000,0.0,5965,2,5970,3,5960,11112,5955,33396
2020-06-05 08:47:44.040000,0.0,5965,2,5970,3,5960,11653,5955,33396
2020-06-05 08:47:44.070000,0.0,5965,2,5970,3,5960,11653,5955,33396
2020-06-05 08:47:45.150000,0.0,5965,2,5970,3,5960,11653,5955,33396
2020-06-05 08:47:45.780000,0.0,5965,2,5970,3,5960,11653,5955,33396
2020-06-05 08:47:47.200000,0.0,5965,2,5970,3,5960,11653,5955,33396
2020-06-05 08:47:47.280000,0.0,5965,2,5970,3,5960,11653,5955,33396
2020-06-05 08:47:48.370000,0.0,5965,2,5970,3,5960,11603,5955,33396
2020-06-05 08:47:48.870000,0.0,5965,2,5970,3,5960,11603,5955,33396
2020-06-05 08:47:49.230000,0.0,5965,2,5970,3,5960,11603,5955,33396
2020-06-05 08:47:50.270000,0.0,5965,2,5970,3,5960,11603,5955,33396
2020-06-05 08:47:50.570000,0.0,5965,2,5970,3,5960,11603,5955,33397
2020-06-05 08:47:50.980000,0.0,5965,2,5970,3,5960,11603,5955,33397
2020-06-05 08:47:51.680000,0.0,5965,2,5970,3,5960,11603,5955,33397
2020-06-05 08:47:51.770000,0.0,5965,2,5970,3,5960,11803,5955,33397
2020-06-05 08:47:51.790000,0.0,5965,2,5970,3,5960,12063,5955,33397
2020-06-05 08:47:52.270000,0.0,5965,2,5970,3,5960,12063,5955,33397
2020-06-05 08:47:52.430000,0.0,5965,2,5970,3,5960,12064,5955,33397
2020-06-05 08:47:52.660000,0.0,5965,2,5970,3,5960,12064,5955,33397
2020-06-05 08:47:52.770000,0.0,5965,2,5970,3,5960,12064,5955,33397
2020-06-05 08:47:52.870000,0.0,5965,2,5970,3,5960,12064,5955,33397
2020-06-05 08:47:52.900000,0.0,5965,2,5970,3,5960,12064,5955,33397
2020-06-05 08:47:53.370000,0.0,5965,2,5970,3,5960,12064,5955,33397
2020-06-05 08:47:53.400000,0.0,5965,2,5970,3,5960,12064,5955,33397
2020-06-05 08:47:53.480000,0.0,5965,2,5970,3,5960,12064,5955,33397
2020-06-05 08:47:54.980000,0.0,5965,2,5970,3,5960,12064,5955,33397
2020-06-05 08:47:55.480000,0.0,5965,2,5970,3,5960,12064,5955,33399
2020-06-05 08:47:55.570000,0.0,5965,2,5970,3,5960,12064,5955,33399
2020-06-05 08:47:56.180000,0.0,5965,2,5970,3,5960,12064,5955,33399
2020-06-05 08:47:56.270000,0.0,5965,2,5970,3,5960,12074,5955,33399
2020-06-05 08:47:57.160000,0.0,5965,2,5970,3,5960,12074,5955,33399
2020-06-05 08:47:57.190000,0.0,5965,2,5970,3,5960,12074,5955,33399
2020-06-05 08:47:57.570000,0.0,5965,2,5970,3,5960,12074,5955,33399
2020-06-05 08:47:57.870000,0.0,5965,2,5970,3,5960,12074,5955,33399
2020-06-05 08:47:58.370000,0.0,5965,2,5970,3,5960,12075,5955,33399
2020-06-05 08:47:59.070000,0.0,5965,2,5970,3,5960,12211,5955,33399
2020-06-05 08:47:59.470000,0.0,5965,2,5970,3,5960,12211,5955,33399
2020-06-05 08:47:59.880000,0.0,5965,2,5970,3,5960,12211,5955,33399
2020-06-05 08:48:00.360000,0.0,5965,2,5970,3,5960,12211,5955,33399
2020-06-05 08:48:00.680000,0.0,5965,2,5970,3,5960,12211,5955,33399
2020-06-05 08:48:01.380000,0.0,5965,2,5970,3,5960,17211,5955,33399
2020-06-05 08:48:01.680000,0.0,5965,2,5970,3,5960,17211,5955,33399
2020-06-05 08:48:02.860000,0.0,5965,2,5970,3,5960,17221,5955,33399
2020-06-05 08:48:03.270000,0.0,5965,2,5970,3,5960,17221,5955,33399
2020-06-05 08:48:03.680000,0.0,5965,2,5970,3,5960,17221,5955,33399
2020-06-05 08:48:04.000000,0.0,5965,2,5970,3,5960,17221,5955,33399
2020-06-05 08:48:04.080000,0.0,5965,2,5970,3,5960,17221,5955,33399
2020-06-05 08:48:04.570000,0.0,5965,2,5970,3,5960,17221,5955,33399
2020-06-05 08:48:05.080000,0.0,5965,2,5970,3,5960,17221,5955,33399
2020-06-05 08:48:05.270000,0.0,5965,2,5970,3,5960,17221,5955,33399
2020-06-05 08:48:06.140000,0.0,5965,2,5970,3,5960,17221,5955,33399
2020-06-05 08:48:07.210000,0.0,5965,2,5970,3,5960,17321,5955,33399
2020-06-05 08:48:07.240000,0.0,5965,2,5970,3,5960,17331,5955,33399
2020-06-05 08:48:09.300000,0.0,5965,2,5970,3,5960,17331,5955,33399
2020-06-05 08:48:10.410000,0.0,5965,2,5970,3,5960,17331,5955,33399
2020-06-05 08:48:11.390000,0.0,5965,2,5970,3,5960,17331,5955,33399
2020-06-05 08:48:11.740000,0.0,5965,2,5970,3,5960,17331,5955,33399
2020-06-05 08:48:11.770000,0.0,5965,2,5970,3,5960,17195,5955,33399
2020-06-05 08:48:11.970000,0.0,5965,2,5970,3,5960,17195,5955,33399
2020-06-05 08:48:12.440000,0.0,5965,2,5970,3,5960,17195,5955,33399
2020-06-05 08:48:12.470000,0.0,5965,2,5970,3,5960,17205,5955,33399
2020-06-05 08:48:12.530000,0.0,5965,2,5970,3,5960,17245,5955,33399
2020-06-05 08:48:12.560000,0.0,5970,3,6000,210,5965,22064,5960,25179
2020-06-05 08:48:12.770000,0.0,5970,3,6000,210,5965,22064,5960,25179
2020-06-05 08:48:13.590000,0.0,5970,3,6000,210,5965,22064,5960,25179
2020-06-05 08:48:13.630000,0.0,5970,3,6000,210,5965,22064,5960,25179
2020-06-05 08:48:13.670000,0.0,5970,3,6000,210,5965,22064,5960,25179
2020-06-05 08:48:14.270000,0.0,5970,3,6000,210,5965,22064,5960,25179
2020-06-05 08:48:14.880000,0.0,5970,3,6000,210,5965,22064,5960,25179
2020-06-05 08:48:15.080000,0.0,5970,3,6000,210,5965,22064,5960,25179
2020-06-05 08:48:15.660000,0.0,5970,3,6000,210,5965,22064,5960,25179
2020-06-05 08:48:15.690000,0.0,5970,3,6000,210,5965,22064,5960,25179
2020-06-05 08:48:15.720000,0.0,5970,3,6000,210,5965,22079,5960,25179
2020-06-05 08:48:16.170000,0.0,5970,3,6000,210,5965,22079,5960,25179
2020-06-05 08:48:16.660000,0.0,5970,3,6000,210,5965,22079,5960,25179
2020-06-05 08:48:16.970000,0.0,5970,3,6000,210,5965,22379,5960,25179
2020-06-05 08:48:17.170000,0.0,5970,3,6000,210,5965,22389,5960,25179
2020-06-05 08:48:17.270000,0.0,5970,3,6000,210,5965,22389,5960,25179
2020-06-05 08:48:17.300000,0.0,5970,3,6000,210,5965,22389,5960,25179
2020-06-05 08:48:17.480000,0.0,5970,3,6000,210,5965,22389,5960,28179
2020-06-05 08:48:18.250000,0.0,5970,3,6000,210,5965,22389,5960,28179
2020-06-05 08:48:18.670000,0.0,5970,3,6000,210,5965,22389,5960,28179
2020-06-05 08:48:18.780000,0.0,5970,3,6000,210,5965,22389,5960,28179
2020-06-05 08:48:19.580000,0.0,5970,3,6000,210,5965,22389,5960,28179
2020-06-05 08:48:20.360000,0.0,5970,3,6000,210,5965,22389,5960,28179
2020-06-05 08:48:20.420000,0.0,5970,3,6000,210,5965,22389,5960,28179
2020-06-05 08:48:20.450000,0.0,5970,3,6000,210,5965,22390,5960,28179
2020-06-05 08:48:20.480000,0.0,5970,3,6000,210,5965,15524,5960,28179
2020-06-05 08:48:20.580000,0.0,5970,3,6000,210,5965,15524,5960,28179
2020-06-05 08:48:21.400000,0.0,5970,3,6000,210,5965,15527,5960,28179
2020-06-05 08:48:22.470000,0.0,5970,3,6000,210,5965,15527,5960,28179
2020-06-05 08:48:22.810000,0.0,5970,3,6000,210,5965,15527,5960,28179
2020-06-05 08:48:24.570000,0.0,5970,3,6000,210,5965,15527,5960,28199
2020-06-05 08:48:24.870000,0.0,5970,3,6000,210,5965,15537,5960,28199
2020-06-05 08:48:25.770000,0.0,5970,3,6000,210,5965,15537,5960,28199
2020-06-05 08:48:25.870000,0.0,5970,3,6000,210,5965,15547,5960,28199
2020-06-05 08:48:26.070000,0.0,5970,3,6000,210,5965,15547,5960,28199
2020-06-05 08:48:26.180000,0.0,5970,3,6000,210,5965,15547,5960,28199
2020-06-05 08:48:26.800000,0.0,5970,3,6000,210,5965,15547,5960,28199
2020-06-05 08:48:26.870000,0.0,5970,3,6000,210,5965,15548,5960,28199
2020-06-05 08:48:27.710000,0.0,5970,3,6000,210,5965,15549,5960,28199
2020-06-05 08:48:27.980000,0.0,5970,3,6000,210,5965,15549,5960,28199
2020-06-05 08:48:28.270000,0.0,5970,3,6000,210,5965,15550,5960,28199
2020-06-05 08:48:29.070000,0.0,5970,3,6000,210,5965,15551,5960,28199
2020-06-05 08:48:29.370000,0.0,5970,3,6000,210,5965,15551,5960,19924
2020-06-05 08:48:29.970000,0.0,5970,3,6000,210,5965,15551,5960,19924
2020-06-05 08:48:30.370000,0.0,5970,3,6000,210,5965,15551,5960,19924
2020-06-05 08:48:30.880000,0.0,5970,3,6000,210,5965,15551,5960,19924
2020-06-05 08:48:31.410000,0.0,5970,3,6000,210,5965,15566,5960,19924
2020-06-05 08:48:31.470000,0.0,5970,3,6000,210,5965,15573,5960,19924
2020-06-05 08:48:31.510000,0.0,5970,3,6000,210,5965,15573,5960,19924
2020-06-05 08:48:31.540000,0.0,5970,3,6000,210,5965,15573,5960,19924
2020-06-05 08:48:31.570000,0.0,5970,3,6000,210,5965,15573,5960,19924
2020-06-05 08:48:31.600000,0.0,5970,3,6000,210,5965,15573,5960,19924
2020-06-05 08:48:31.630000,0.0,5970,3,6000,210,5965,15576,5960,19924
2020-06-05 08:48:32.070000,0.0,5970,3,6000,210,5965,15559,5960,19944
2020-06-05 08:48:32.460000,0.0,5970,3,6000,210,5965,15559,5960,19944
2020-06-05 08:48:32.550000,0.0,5970,3,6000,210,5965,15559,5960,19944
2020-06-05 08:48:33.540000,0.0,5970,3,6000,210,5965,15539,5960,19944
2020-06-05 08:48:33.570000,0.0,5970,3,6000,210,5965,15489,5960,19944
2020-06-05 08:48:33.680000,0.0,5970,3,6000,210,5965,15489,5960,19944
2020-06-05 08:48:33.770000,0.0,5970,3,6000,210,5965,15489,5960,19964
2020-06-05 08:48:35.190000,0.0,5970,3,6000,210,5965,15489,5960,19964
2020-06-05 08:48:35.870000,0.0,5970,3,6000,210,5965,15489,5960,19964
2020-06-05 08:48:36.010000,0.0,5970,3,6000,210,5965,15489,5960,19964
2020-06-05 08:48:37.290000,0.0,5970,3,6000,210,5965,15489,5960,19964
2020-06-05 08:48:37.420000,0.0,5970,3,6000,210,5965,15589,5960,19964
2020-06-05 08:48:37.430000,0.0,5970,3,6000,210,5965,15589,5960,19964
2020-06-05 08:48:37.620000,0.0,5970,3,6000,210,5965,15589,5960,19964
2020-06-05 08:48:38.340000,0.0,5970,3,6000,210,5965,15589,5960,19964
2020-06-05 08:48:38.870000,0.0,5970,3,6000,210,5965,15589,5960,19964
2020-06-05 08:48:39.780000,0.0,5970,3,6000,210,5965,15589,5960,19964
2020-06-05 08:48:40.670000,0.0,5970,3,6000,210,5965,15639,5960,19964
2020-06-05 08:48:41.000000,0.0,5970,3,6000,210,5965,15739,5960,19964
2020-06-05 08:48:41.060000,0.0,5970,3,6000,210,5965,15739,5960,19964
2020-06-05 08:48:42.040000,0.0,5970,3,6000,210,5965,15749,5960,19964
2020-06-05 08:48:42.070000,0.0,5970,3,6000,210,5965,15749,5960,19964
2020-06-05 08:48:42.400000,0.0,5970,3,6000,210,5965,15759,5960,19964
2020-06-05 08:48:42.870000,0.0,5970,3,6000,210,5965,15769,5960,19964
2020-06-05 08:48:43.070000,0.0,5970,3,6000,210,5965,16269,5960,19964
2020-06-05 08:48:43.280000,0.0,5970,3,6000,210,5965,16269,5960,19964
2020-06-05 08:48:43.460000,0.0,5970,3,6000,210,5965,16279,5960,19964
2020-06-05 08:48:44.120000,0.0,5970,3,6000,210,5965,16289,5960,19964
2020-06-05 08:48:44.670000,0.0,5970,3,6000,210,5965,16289,5960,19964
2020-06-05 08:48:45.180000,0.0,5970,3,6000,210,5965,16289,5960,20364
2020-06-05 08:48:45.210000,0.0,5970,3,6000,210,5965,16289,5960,20364
2020-06-05 08:48:45.240000,0.0,5970,3,6000,210,5965,16299,5960,20364
2020-06-05 08:48:45.290000,0.0,5970,3,6000,210,5965,16310,5960,20364
2020-06-05 08:48:46.260000,0.0,5970,3,6000,210,5965,16310,5960,20364
2020-06-05 08:48:46.320000,0.0,5970,3,6000,210,5965,16320,5960,20364
2020-06-05 08:48:47.430000,0.0,5970,3,6000,210,5965,16020,5960,20364
2020-06-05 08:48:47.460000,0.0,5970,3,6000,210,5965,16020,5960,20364
2020-06-05 08:48:47.780000,0.0,5970,3,6000,210,5965,16030,5960,20364
2020-06-05 08:48:48.480000,0.0,5970,3,6000,10,5965,16030,5960,20364
2020-06-05 08:48:49.060000,0.0,5970,3,6000,10,5965,16030,5960,20364
2020-06-05 08:48:49.410000,0.0,5970,3,6000,10,5965,16030,5960,20364
2020-06-05 08:48:49.470000,0.0,5970,3,6000,10,5965,16030,5960,20364
2020-06-05 08:48:49.770000,0.0,5970,3,6000,10,5965,16230,5960,20364
2020-06-05 08:48:50.560000,0.0,5970,3,6000,10,5965,16230,5960,20364
2020-06-05 08:48:50.880000,0.0,5970,3,6000,10,5965,16230,5960,20364
2020-06-05 08:48:51.060000,0.0,5970,3,6000,10,5965,16231,5960,20364
2020-06-05 08:48:51.280000,0.0,5970,3,6000,10,5965,18747,5960,20364
2020-06-05 08:48:52.570000,0.0,5970,3,6000,10,5965,18747,5960,20364
2020-06-05 08:48:52.780000,0.0,5970,3,6000,10,5965,18747,5960,20364
2020-06-05 08:48:54.150000,0.0,5970,3,6000,10,5965,18747,5960,20364
2020-06-05 08:48:54.400000,0.0,5970,3,6000,10,5965,18747,5960,20364
2020-06-05 08:48:54.630000,0.0,5970,3,6000,10,5965,18747,5960,20364
2020-06-05 08:48:54.960000,0.0,5970,3,6000,10,5965,19147,5960,20364
2020-06-05 08:48:55.430000,0.0,5970,3,6000,10,5965,19147,5960,20364
2020-06-05 08:48:55.460000,0.0,5970,3,6000,10,5965,19147,5960,20364
2020-06-05 08:48:55.520000,0.0,5970,3,6000,10,5965,19147,5960,20364
2020-06-05 08:48:55.990000,0.0,5970,3,6000,10,5965,19809,5960,20364
2020-06-05 08:48:56.510000,0.0,5970,3,6000,10,5965,19819,5960,20364
2020-06-05 08:48:56.540000,0.0,5970,3,6000,10,5965,17303,5960,20364
2020-06-05 08:48:57.270000,0.0,5970,3,6000,10,5965,17303,5960,20364
2020-06-05 08:48:57.570000,0.0,5970,3,6000,10,5965,17303,5960,20364
2020-06-05 08:48:57.660000,0.0,5970,3,6000,10,5965,17304,5960,20364
2020-06-05 08:48:58.010000,0.0,5970,3,6000,10,5965,17304,5960,20365
2020-06-05 08:48:58.210000,0.0,5970,3,6000,10,5965,17304,5960,20365
2020-06-05 08:48:58.400000,0.0,5970,3,6000,10,5965,17304,5960,20365
2020-06-05 08:48:58.590000,0.0,5970,3,6000,10,5965,17304,5960,20365
2020-06-05 08:48:59.680000,0.0,5970,3,6000,10,5965,17304,5960,20365
2020-06-05 08:49:01.270000,0.0,5970,3,6000,10,5965,17304,5960,20365
2020-06-05 08:49:01.500000,0.0,5970,3,6000,10,5965,17806,5960,20365
2020-06-05 08:49:01.670000,0.0,5970,3,6000,10,5965,17806,5960,20366
2020-06-05 08:49:01.770000,0.0,5970,3,6000,10,5965,17806,5960,20366
2020-06-05 08:49:02.060000,0.0,5970,3,6000,10,5965,17806,5960,20566
2020-06-05 08:49:02.380000,0.0,5970,3,6000,10,5965,17816,5960,20566
2020-06-05 08:49:04.060000,0.0,5970,3,6000,10,5965,17826,5960,20566
2020-06-05 08:49:04.470000,0.0,5970,3,6000,10,5965,17926,5960,20566
2020-06-05 08:49:04.770000,0.0,5970,3,6000,10,5965,22226,5960,20566
2020-06-05 08:49:04.970000,0.0,5970,3,6000,10,5965,22226,5960,20566
2020-06-05 08:49:05.830000,0.0,5970,3,6000,10,5965,22236,5960,20566
2020-06-05 08:49:06.000000,0.0,5970,3,6000,10,5965,22236,5960,20566
2020-06-05 08:49:06.520000,0.0,5970,3,6000,10,5965,22236,5960,20566
2020-06-05 08:49:06.590000,0.0,5970,3,6000,10,5965,22246,5960,20566
2020-06-05 08:49:06.630000,0.0,5970,3,6000,10,5965,22246,5960,20566
2020-06-05 08:49:06.780000,0.0,5970,3,6000,10,5965,22241,5960,20566
2020-06-05 08:49:07.560000,0.0,5970,3,6000,10,5965,22242,5960,20566
2020-06-05 08:49:07.590000,0.0,5970,3,6000,10,5965,22242,5960,20566
2020-06-05 08:49:07.890000,0.0,5970,3,6000,10,5965,22242,5960,20566
2020-06-05 08:49:08.800000,0.0,5970,3,6000,10,5965,22242,5960,20566
2020-06-05 08:49:10.190000,0.0,5970,3,6000,10,5965,22242,5960,20566
2020-06-05 08:49:10.250000,0.0,5970,3,6000,10,5965,22242,5960,20566
2020-06-05 08:49:11.250000,0.0,5970,3,6000,10,5965,22242,5960,20566
2020-06-05 08:49:11.280000,0.0,5970,3,6000,10,5965,22242,5960,20576
2020-06-05 08:49:11.310000,0.0,5970,3,6000,10,5965,22242,5960,20576
2020-06-05 08:49:12.580000,0.0,5970,3,6000,10,5965,22245,5960,20576
2020-06-05 08:49:12.670000,0.0,5970,3,6000,10,5965,22265,5960,20576
2020-06-05 08:49:13.360000,0.0,5970,3,6000,10,5965,22315,5960,20576
2020-06-05 08:49:13.390000,0.0,5970,3,6000,10,5965,22315,5960,20576
2020-06-05 08:49:13.580000,0.0,5970,3,6000,10,5965,22515,5960,20576
2020-06-05 08:49:13.780000,0.0,5970,3,6000,10,5965,22815,5960,20576
2020-06-05 08:49:14.080000,0.0,5970,3,6000,10,5965,22815,5960,20776
2020-06-05 08:49:14.420000,0.0,5970,3,6000,10,5965,23015,5960,20776
2020-06-05 08:49:15.170000,0.0,5970,3,6000,10,5965,23035,5960,20776
2020-06-05 08:49:15.470000,0.0,5970,3,6000,10,5965,23036,5960,20776
2020-06-05 08:49:15.560000,0.0,5970,3,6000,10,5965,23036,5960,20776
2020-06-05 08:49:15.590000,0.0,5970,3,6000,10,5965,23038,5960,20776
2020-06-05 08:49:15.970000,0.0,5970,3,6000,10,5965,23039,5960,20776
2020-06-05 08:49:16.280000,0.0,5970,3,6000,10,5965,23039,5960,20776
2020-06-05 08:49:16.480000,0.0,5970,3,6000,10,5965,23039,5960,20776
2020-06-05 08:49:16.970000,0.0,5970,3,6000,10,5965,23049,5960,20776
2020-06-05 08:49:17.470000,0.0,5970,3,6000,10,5965,23049,5960,20776
2020-06-05 08:49:17.560000,0.0,5970,3,6000,10,5965,23049,5960,20778
2020-06-05 08:49:17.670000,0.0,5970,3,6000,10,5965,23049,5960,20778
2020-06-05 08:49:17.780000,0.0,5970,3,6000,10,5965,23069,5960,20778
2020-06-05 08:49:18.610000,0.0,5970,3,6000,10,5965,23070,5960,20778
2020-06-05 08:49:18.870000,0.0,5970,3,6000,10,5965,23071,5960,20778
2020-06-05 08:49:19.070000,0.0,5970,3,6000,10,5965,24071,5960,20778
2020-06-05 08:49:19.170000,0.0,5970,3,6000,10,5965,24071,5960,20778
2020-06-05 08:49:19.960000,0.0,5970,3,6000,10,5965,24071,5960,20778
2020-06-05 08:49:20.370000,0.0,5970,3,6000,10,5965,24091,5960,20778
2020-06-05 08:49:20.760000,0.0,5970,3,6000,10,5965,29294,5960,20778
2020-06-05 08:49:20.960000,0.0,5970,3,6000,10,5965,29394,5960,20778
2020-06-05 08:49:21.070000,0.0,5970,3,6000,10,5965,29394,5960,20778
2020-06-05 08:49:21.280000,0.0,5970,3,6000,10,5965,29395,5960,20778
2020-06-05 08:49:21.780000,0.0,5970,3,6000,10,5965,29345,5960,20778
2020-06-05 08:49:22.000000,0.0,5970,4,6000,10,5965,29345,5960,20778
2020-06-05 08:49:22.820000,0.0,5970,4,6000,10,5965,29345,5960,20813
2020-06-05 08:49:22.850000,0.0,5970,4,5975,1,5965,29345,5960,20813
2020-06-05 08:49:22.920000,0.0,5970,4,5975,1,5965,29345,5960,20813
2020-06-05 08:49:22.980000,0.0,5970,4,5975,1,5965,29360,5960,20813
2020-06-05 08:49:23.170000,0.0,5970,4,5975,1,5965,29360,5960,20813
2020-06-05 08:49:23.680000,0.0,5970,4,5975,1,5965,29360,5960,20813
2020-06-05 08:49:23.960000,0.0,5970,4,5975,1,5965,29380,5960,20813
2020-06-05 08:49:24.170000,0.0,5970,4,5975,1,5965,29380,5960,20813
2020-06-05 08:49:24.570000,0.0,5970,4,5975,1,5965,29380,5960,20813
2020-06-05 08:49:24.930000,0.0,5970,4,5975,1,5965,29380,5960,20813
2020-06-05 08:49:25.170000,0.0,5970,4,5975,1,5965,29380,5960,20814
2020-06-05 08:49:25.370000,0.0,5970,4,5975,1,5965,29380,5960,20814
2020-06-05 08:49:25.990000,0.0,5970,4,5975,1,5965,29381,5960,20814
2020-06-05 08:49:26.030000,0.0,5970,4,5975,1,5965,29281,5960,20814
2020-06-05 08:49:26.060000,0.0,5970,4,5975,1,5965,29281,5960,20814
2020-06-05 08:49:26.090000,0.0,5970,4,5975,1,5965,29281,5960,20814
2020-06-05 08:49:26.120000,0.0,5970,4,5975,1,5965,30281,5960,20814
2020-06-05 08:49:26.150000,0.0,5970,4,5975,1,5965,30281,5960,20814
2020-06-05 08:49:26.180000,0.0,5970,4,5975,1,5965,30281,5960,20814
2020-06-05 08:49:26.480000,0.0,5970,4,5975,1,5965,30301,5960,20814
2020-06-05 08:49:27.070000,0.0,5970,4,5975,1,5965,30301,5960,20814
2020-06-05 08:49:27.130000,0.0,5970,4,5975,1,5965,30302,5960,20815
2020-06-05 08:49:27.210000,0.0,5970,4,5975,1,5965,30302,5960,20815
2020-06-05 08:49:27.370000,0.0,5970,4,5975,1,5965,30305,5960,20815
2020-06-05 08:49:28.130000,0.0,5970,4,5975,1,5965,30305,5960,20815
2020-06-05 08:49:28.480000,0.0,5970,4,5975,1,5965,30307,5960,20815
2020-06-05 08:49:28.980000,0.0,5970,4,5975,1,5965,30307,5960,20835
2020-06-05 08:49:30.260000,0.0,5970,4,5975,1,5965,30307,5960,20835
2020-06-05 08:49:30.510000,0.0,5970,4,5975,1,5965,30307,5960,20835
2020-06-05 08:49:31.370000,0.0,5970,4,5975,1,5965,30307,5960,20835
2020-06-05 08:49:31.480000,0.0,5970,4,5975,1,5965,30307,5960,20835
2020-06-05 08:49:32.370000,0.0,5970,4,5975,1,5965,30307,5960,20835
2020-06-05 08:49:32.400000,0.0,5970,4,5975,1,5965,30307,5960,20835
2020-06-05 08:49:32.460000,0.0,5970,4,5975,1,5965,30308,5960,20835
2020-06-05 08:49:32.660000,0.0,5970,4,5975,1,5965,30308,5960,20835
2020-06-05 08:49:33.870000,0.0,5970,4,5975,1,5965,30318,5960,20835
2020-06-05 08:49:34.070000,0.0,5970,4,5975,1,5965,30318,5960,20835
2020-06-05 08:49:34.460000,0.0,5970,4,5975,1,5965,30318,5960,20835
2020-06-05 08:49:35.480000,0.0,5970,4,5975,1,5965,30318,5960,20835
2020-06-05 08:49:35.870000,0.0,5970,4,5975,1,5965,30318,5960,20835
2020-06-05 08:49:36.070000,0.0,5970,4,5975,1,5965,31087,5960,20835
2020-06-05 08:49:36.580000,0.0,5970,4,5975,1,5965,31087,5960,20835
2020-06-05 08:49:36.620000,0.0,5970,4,5975,1,5965,31087,5960,20935
2020-06-05 08:49:37.270000,0.0,5970,4,5975,1,5965,31487,5960,20935
2020-06-05 08:49:37.650000,0.0,5970,4,5975,1,5965,31488,5960,20935
2020-06-05 08:49:37.680000,0.0,5970,4,5975,1,5965,29791,5960,20935
2020-06-05 08:49:38.710000,0.0,5970,4,5975,1,5965,29793,5960,20935
2020-06-05 08:49:38.740000,0.0,5970,4,5975,1,5965,29793,5960,20935
2020-06-05 08:49:38.770000,0.0,5970,4,5975,1,5965,30093,5960,20935
2020-06-05 08:49:38.830000,0.0,5970,4,5975,1,5965,31293,5960,20935
2020-06-05 08:49:39.270000,0.0,5970,4,5975,1,5965,31293,5960,20935
2020-06-05 08:49:40.570000,0.0,5975,1,5980,1,5970,7387,5965,31818
2020-06-05 08:49:40.830000,0.0,5975,1,5980,1,5970,7387,5965,31818
2020-06-05 08:49:40.900000,0.0,5975,1,5980,1,5970,7387,5965,31818
2020-06-05 08:49:40.930000,0.0,5975,1,5980,1,5970,9387,5965,31818
2020-06-05 08:49:41.770000,0.0,5975,2,5980,3,5970,9390,5965,31818
2020-06-05 08:49:41.900000,0.0,5975,2,5980,3,5970,9393,5965,31818
2020-06-05 08:49:42.190000,0.0,5975,2,5980,3,5970,9393,5965,31818
2020-06-05 08:49:43.180000,0.0,5975,2,5980,3,5970,9395,5965,31818
2020-06-05 08:49:43.880000,0.0,5975,2,5980,3,5970,9405,5965,31818
2020-06-05 08:49:44.360000,0.0,5975,2,5980,3,5970,9905,5965,31818
2020-06-05 08:49:44.770000,0.0,5975,2,5980,3,5970,9905,5965,31818
2020-06-05 08:49:45.080000,0.0,5975,2,5980,3,5970,9905,5965,31818
2020-06-05 08:49:45.570000,0.0,5975,2,5980,3,5970,9905,5965,31818
2020-06-05 08:49:46.100000,0.0,5975,2,5980,3,5970,9905,5965,31818
2020-06-05 08:49:46.130000,0.0,5975,2,5980,3,5970,9905,5965,32018
2020-06-05 08:49:46.880000,0.0,5975,2,5980,3,5970,9305,5965,32018
2020-06-05 08:49:47.160000,0.0,5975,2,5980,3,5970,9305,5965,32018
2020-06-05 08:49:47.190000,0.0,5975,2,5980,3,5970,9305,5965,32018
2020-06-05 08:49:47.220000,0.0,5975,2,5980,3,5970,9305,5965,32018
2020-06-05 08:49:47.490000,0.0,5975,2,5980,3,5970,9305,5965,32168
2020-06-05 08:49:47.690000,0.0,5975,2,5980,3,5970,9305,5965,32168
2020-06-05 08:49:48.390000,0.0,5975,2,5980,3,5970,9306,5965,32168
2020-06-05 08:49:48.580000,0.0,5985,4,5990,1,5980,1613,5975,566
2020-06-05 08:49:49.080000,0.0,5985,4,5990,1,5980,1613,5975,566
2020-06-05 08:49:49.990000,0.0,5985,4,5990,1,5980,1613,5975,566
2020-06-05 08:49:50.310000,0.0,5985,4,5990,1,5980,1613,5975,566
2020-06-05 08:49:50.380000,0.0,5985,4,5990,1,5980,1613,5975,666
2020-06-05 08:49:50.770000,0.0,5985,4,5990,1,5980,1663,5975,666
2020-06-05 08:49:51.470000,0.0,5985,4,5990,1,5980,1663,5975,666
2020-06-05 08:49:52.450000,0.0,5985,4,5990,1,5980,1663,5975,666
2020-06-05 08:49:52.520000,0.0,5985,4,5990,1,5980,1663,5975,666
2020-06-05 08:49:53.490000,0.0,5985,4,5990,1,5980,1663,5975,666
2020-06-05 08:49:53.520000,0.0,5985,1,5990,1,5980,1666,5975,666
2020-06-05 08:49:53.550000,0.0,5985,1,5990,1,5980,1667,5975,666
2020-06-05 08:49:53.580000,0.0,5985,1,5990,1,5980,1669,5975,666
2020-06-05 08:49:53.670000,0.0,5985,1,5990,1,5980,1669,5975,2166
2020-06-05 08:49:55.570000,0.0,5985,1,5990,1,5980,1669,5975,2166
2020-06-05 08:49:55.770000,0.0,5985,1,5990,1,5980,1691,5975,2166
2020-06-05 08:49:55.990000,0.0,5985,1,5990,1,5980,1691,5975,2166
2020-06-05 08:49:56.520000,0.0,5985,1,5990,1,5980,1691,5975,2166
2020-06-05 08:49:57.010000,0.0,5985,1,5990,1,5980,1691,5975,2166
2020-06-05 08:49:58.200000,0.0,5990,1,5995,1,5985,26943,5980,4747
2020-06-05 08:49:58.410000,0.0,5990,1,5995,1,5985,26943,5980,4747
2020-06-05 08:49:58.510000,0.0,5990,1,5995,1,5985,27043,5980,4747
2020-06-05 08:49:58.590000,0.0,5990,1,5995,1,5985,27043,5980,4767
2020-06-05 08:49:58.840000,0.0,5990,1,5995,1,5985,27043,5980,4767
2020-06-05 08:49:59.630000,0.0,5990,1,5995,1,5985,27002,5980,4717
2020-06-05 08:49:59.790000,0.0,5990,1,5995,1,5985,27002,5980,4717
2020-06-05 08:49:59.910000,0.0,5990,1,5995,1,5985,27136,5980,4717
2020-06-05 08:50:00.230000,0.0,5990,1,5995,1,5985,27136,5980,4717
2020-06-05 08:50:01.040000,0.0,5990,1,5995,1,5985,27138,5980,4717
2020-06-05 08:50:01.070000,0.0,5990,1,5995,1,5985,27138,5980,4718
2020-06-05 08:50:01.710000,0.0,5990,1,5995,1,5985,27138,5980,4718
2020-06-05 08:50:02.480000,0.0,6010,1,6015,1,6005,11590,6000,33513
2020-06-05 08:50:02.510000,0.0,6010,1,6015,1,6005,11590,6000,33513
2020-06-05 08:50:02.540000,0.0,6010,1,6015,1,6005,11740,6000,33513
2020-06-05 08:50:02.660000,0.0,6010,1,6015,1,6005,11740,6000,33513
2020-06-05 08:50:02.710000,0.0,6010,1,6015,1,6005,11740,6000,33513
2020-06-05 08:50:03.370000,0.0,6010,1,6015,1,6005,11740,6000,33513
2020-06-05 08:50:03.930000,0.0,6010,1,6015,1,6005,11740,6000,33513
2020-06-05 08:50:04.510000,0.0,6010,1,6015,1,6005,11740,6000,33513
2020-06-05 08:50:04.660000,0.0,6010,1,6015,1,6005,11740,6000,33513
2020-06-05 08:50:05.400000,0.0,6010,1,6015,1,6005,11740,6000,33513
2020-06-05 08:50:05.490000,0.0,6010,1,6015,1,6005,11740,6000,33513
2020-06-05 08:50:05.820000,0.0,6010,1,6015,1,6005,11740,6000,33513
2020-06-05 08:50:06.990000,0.0,6010,1,6015,1,6005,11740,6000,33513
2020-06-05 08:50:07.180000,0.0,6010,1,6015,1,6005,11741,6000,33513
2020-06-05 08:50:07.290000,0.0,6010,1,6015,1,6005,11741,6000,33513
2020-06-05 08:50:07.400000,0.0,6010,1,6015,1,6005,11741,6000,33513
2020-06-05 08:50:07.410000,0.0,6010,1,6015,1,6005,11741,6000,33513
2020-06-05 08:50:07.490000,0.0,6010,1,6015,1,6005,11741,6000,33513
2020-06-05 08:50:08.180000,0.0,6010,1,6015,1,6005,11241,6000,33513
2020-06-05 08:50:08.290000,0.0,6010,1,6015,1,6005,11241,6000,33513
2020-06-05 08:50:08.770000,0.0,6010,1,6015,1,6005,11241,6000,33513
2020-06-05 08:50:10.070000,0.0,6010,1,6015,1,6005,11241,6000,33513
2020-06-05 08:50:11.160000,0.0,6010,1,6015,1,6005,11241,6000,33513
2020-06-05 08:50:11.390000,0.0,6010,1,6015,1,6005,11242,6000,33513
2020-06-05 08:50:11.470000,0.0,6010,1,6015,1,6005,11242,6000,33513
2020-06-05 08:50:11.860000,0.0,6010,1,6015,1,6005,11242,6000,33513
2020-06-05 08:50:12.330000,0.0,6010,1,6015,1,6005,11247,6000,33513
2020-06-05 08:50:12.570000,0.0,6010,1,6015,1,6005,11247,6000,33513
2020-06-05 08:50:12.860000,0.0,6010,1,6015,1,6005,11247,6000,33513
2020-06-05 08:50:13.270000,0.0,6010,1001,6015,1,6005,11247,6000,33513
2020-06-05 08:50:13.330000,0.0,6010,1001,6015,1,6005,11247,6000,33513
2020-06-05 08:50:13.570000,0.0,6010,1001,6015,1,6005,11247,6000,33513
2020-06-05 08:50:13.680000,0.0,6010,1001,6015,1,6005,11247,6000,33513
2020-06-05 08:50:13.970000,0.0,6010,1001,6015,1,6005,11247,6000,33513
2020-06-05 08:50:14.330000,0.0,6010,1001,6015,1,6005,11247,6000,33513
2020-06-05 08:50:14.970000,0.0,6010,1001,6015,1,6005,11247,6000,33513
2020-06-05 08:50:15.490000,0.0,6015,1,6020,676,6010,27730,6005,12516
2020-06-05 08:50:15.570000,0.0,6015,1,6020,676,6010,27730,6005,12516
2020-06-05 08:50:15.770000,0.0,6015,1,6020,676,6010,27730,6005,12516
2020-06-05 08:50:16.490000,0.0,6015,1,6020,676,6010,27464,6005,12516
2020-06-05 08:50:16.630000,0.0,6015,1,6020,676,6010,27464,6005,12516
2020-06-05 08:50:17.170000,0.0,6015,1,6020,676,6010,27464,6005,12516
2020-06-05 08:50:17.500000,0.0,6015,1,6020,676,6010,27465,6005,12516
2020-06-05 08:50:17.670000,0.0,6015,1,6020,676,6010,27465,6005,12516
2020-06-05 08:50:18.170000,0.0,6015,1,6020,676,6010,27465,6005,12516
2020-06-05 08:50:18.550000,0.0,6015,1,6020,676,6010,27465,6005,12516
2020-06-05 08:50:18.580000,0.0,6015,1,6020,676,6010,27465,6005,12516
2020-06-05 08:50:19.600000,0.0,6015,1,6020,676,6010,27465,6005,12516
2020-06-05 08:50:19.630000,0.0,6015,1,6020,676,6010,27465,6005,12516
2020-06-05 08:50:19.880000,0.0,6015,1,6020,676,6010,27465,6005,12516
2020-06-05 08:50:20.060000,0.0,6015,1,6020,676,6010,27465,6005,12516
2020-06-05 08:50:20.170000,0.0,6015,1,6020,676,6010,27465,6005,12516
2020-06-05 08:50:20.660000,0.0,6015,1,6020,676,6010,27465,6005,12516
2020-06-05 08:50:20.970000,0.0,6015,1,6020,676,6010,27465,6005,12516
2020-06-05 08:50:21.060000,0.0,6015,1,6020,676,6010,27965,6005,12516
2020-06-05 08:50:21.750000,0.0,6015,1,6020,676,6010,27965,6005,12516
2020-06-05 08:50:21.780000,0.0,6015,1,6020,676,6010,27965,6005,12516
2020-06-05 08:50:22.080000,0.0,6015,1,6020,676,6010,27965,6005,12516
2020-06-05 08:50:22.170000,0.0,6015,1,6020,676,6010,27965,6005,12516
2020-06-05 08:50:22.380000,0.0,6015,1,6020,676,6010,27965,6005,12516
2020-06-05 08:50:22.800000,0.0,6015,1,6020,676,6010,27965,6005,12516
2020-06-05 08:50:22.970000,0.0,6015,1,6020,676,6010,27965,6005,12516
2020-06-05 08:50:23.270000,0.0,6015,1,6020,676,6010,27965,6005,12516
2020-06-05 08:50:23.470000,0.0,6015,1,6020,676,6010,27965,6005,12516
2020-06-05 08:50:24.270000,0.0,6015,1,6020,676,6010,27966,6005,12516
2020-06-05 08:50:24.470000,0.0,6015,1,6020,676,6010,27966,6005,12516
2020-06-05 08:50:25.980000,0.0,6015,1,6020,676,6010,27966,6005,12516
2020-06-05 08:50:26.050000,0.0,6015,1,6020,676,6010,27966,6005,12516
2020-06-05 08:50:26.170000,0.0,6020,676,6030,679,6010,27969,6005,12516
2020-06-05 08:50:26.260000,0.0,6020,676,6030,679,6010,27973,6005,12516
2020-06-05 08:50:26.330000,0.0,6020,676,6030,679,6010,27975,6005,12516
2020-06-05 08:50:26.470000,0.0,6020,676,6030,679,6010,27975,6005,12516
2020-06-05 08:50:26.870000,0.0,6020,676,6030,679,6010,27975,6005,12516
2020-06-05 08:50:26.970000,0.0,6020,676,6030,679,6010,27975,6005,12516
2020-06-05 08:50:27.560000,0.0,6020,676,6030,679,6010,27975,6005,12516
2020-06-05 08:50:27.590000,0.0,6020,676,6030,679,6010,28125,6005,12516
2020-06-05 08:50:27.620000,0.0,6020,676,6030,679,6010,28125,6005,12516
2020-06-05 08:50:27.690000,0.0,6020,676,6030,679,6010,28125,6005,12516
2020-06-05 08:50:27.970000,0.0,6020,676,6030,679,6010,28125,6005,12516
2020-06-05 08:50:28.610000,0.0,6020,676,6030,679,6010,28155,6005,12516
2020-06-05 08:50:29.580000,0.0,6020,676,6030,679,6010,28355,6005,12516
2020-06-05 08:50:29.760000,0.0,6020,676,6030,679,6010,28355,6005,12516
2020-06-05 08:50:30.580000,0.0,6020,676,6030,679,6010,28355,6005,12516
2020-06-05 08:50:30.760000,0.0,6020,676,6030,679,6010,28355,6005,12516
2020-06-05 08:50:30.790000,0.0,6020,676,6030,679,6010,28355,6005,12516
2020-06-05 08:50:30.870000,0.0,6020,676,6030,679,6010,28355,6005,12516
2020-06-05 08:50:31.260000,0.0,6020,676,6030,679,6010,28355,6005,12516
2020-06-05 08:50:31.760000,0.0,6020,676,6030,679,6010,28355,6005,12516
2020-06-05 08:50:31.790000,0.0,6020,676,6030,679,6010,28355,6005,12516
2020-06-05 08:50:32.170000,0.0,6020,676,6030,679,6010,28355,6005,12516
2020-06-05 08:50:32.810000,0.0,6020,676,6030,679,6010,28355,6005,12516
2020-06-05 08:50:32.840000,0.0,6020,676,6030,679,6010,28405,6005,12516
2020-06-05 08:50:32.870000,0.0,6020,676,6030,679,6010,28406,6005,12516
2020-06-05 08:50:32.930000,0.0,6020,676,6030,679,6010,28606,6005,12516
2020-06-05 08:50:32.970000,0.0,6020,676,6030,679,6010,28406,6005,12516
2020-06-05 08:50:33.080000,0.0,6015,1000,6020,676,6010,29406,6005,12516
2020-06-05 08:50:34.470000,0.0,6015,1000,6020,676,6010,29406,6005,12516
2020-06-05 08:50:35.000000,0.0,6015,1000,6020,676,6010,29406,6005,12516
2020-06-05 08:50:35.030000,0.0,6015,1000,6020,676,6010,29406,6005,12516
2020-06-05 08:50:35.370000,0.0,6015,1000,6020,676,6010,29406,6005,12516
2020-06-05 08:50:35.980000,0.0,6015,1000,6020,676,6010,29406,6005,12516
2020-06-05 08:50:36.040000,0.0,6015,1000,6020,676,6010,29406,6005,12516
2020-06-05 08:50:36.170000,0.0,6015,1000,6020,676,6010,29506,6005,12516
2020-06-05 08:50:36.370000,0.0,6015,1000,6020,676,6010,29506,6005,12516
2020-06-05 08:50:37.180000,0.0,6015,1000,6020,676,6010,29506,6005,12516
2020-06-05 08:50:37.360000,0.0,6015,1000,6020,676,6010,29506,6005,12516
2020-06-05 08:50:37.470000,0.0,6015,1000,6020,676,6010,29806,6005,12516
2020-06-05 08:50:38.070000,0.0,6015,1000,6020,676,6010,29806,6005,12516
2020-06-05 08:50:38.360000,0.0,6015,1000,6020,676,6010,29806,6005,12516
2020-06-05 08:50:39.180000,0.0,6015,1000,6020,676,6010,29807,6005,12516
2020-06-05 08:50:39.210000,0.0,6015,1000,6020,676,6010,29807,6005,12516
2020-06-05 08:50:39.360000,0.0,6015,1000,6020,676,6010,29807,6005,12516
2020-06-05 08:50:39.680000,0.0,6015,1000,6020,676,6010,29907,6005,12516
2020-06-05 08:50:39.970000,0.0,6015,1000,6020,676,6010,29907,6005,12516
2020-06-05 08:50:40.180000,0.0,6015,1000,6020,676,6010,30167,6005,12516
2020-06-05 08:50:40.270000,0.0,6015,1000,6020,676,6010,30167,6005,12516
2020-06-05 08:50:40.770000,0.0,6015,1000,6020,676,6010,30167,6005,12516
2020-06-05 08:50:40.800000,0.0,6015,1000,6020,676,6010,30167,6005,12516
2020-06-05 08:50:40.860000,0.0,6015,1000,6020,676,6010,30167,6005,12516
2020-06-05 08:50:42.270000,0.0,6015,1000,6020,676,6010,30950,6005,12516
2020-06-05 08:50:42.880000,0.0,6015,1000,6020,676,6010,30950,6005,12516
2020-06-05 08:50:42.910000,0.0,6015,1000,6020,676,6010,31150,6005,12516
2020-06-05 08:50:43.000000,0.0,6015,1000,6020,676,6010,31150,6005,12516
2020-06-05 08:50:43.180000,0.0,6015,1000,6020,676,6010,31150,6005,12516
2020-06-05 08:50:44.010000,0.0,6015,1000,6020,676,6010,31150,6005,12516
2020-06-05 08:50:44.470000,0.0,6015,1000,6020,676,6010,31150,6005,12526
2020-06-05 08:50:44.570000,0.0,6015,1000,6020,676,6010,31150,6005,12526
2020-06-05 08:50:44.670000,0.0,6015,1000,6020,676,6010,31150,6005,12526
2020-06-05 08:50:44.780000,0.0,6015,1000,6020,676,6010,31150,6005,12526
2020-06-05 08:50:45.370000,0.0,6015,1001,6020,676,6010,31150,6005,12526
2020-06-05 08:50:45.570000,0.0,6015,1001,6020,676,6010,31150,6005,12526
2020-06-05 08:50:46.110000,0.0,6015,1001,6020,676,6010,31200,6005,12526
2020-06-05 08:50:46.140000,0.0,6015,1001,6020,676,6010,31300,6005,12526
2020-06-05 08:50:46.170000,0.0,6015,1001,6020,677,6010,31300,6005,12526
2020-06-05 08:50:46.570000,0.0,6015,1001,6020,677,6010,31300,6005,12526
2020-06-05 08:50:47.070000,0.0,6015,1001,6020,677,6010,31300,6005,12526
2020-06-05 08:50:47.170000,0.0,6015,1001,6020,677,6010,31300,6005,12526
2020-06-05 08:50:47.700000,0.0,6015,1001,6020,677,6010,31300,6005,12526
2020-06-05 08:50:47.960000,0.0,6015,1001,6020,677,6010,31300,6005,12526
2020-06-05 08:50:48.070000,0.0,6015,1001,6020,677,6010,31300,6005,12526
2020-06-05 08:50:48.710000,0.0,6015,1001,6020,677,6010,31300,6005,12526
2020-06-05 08:50:48.750000,0.0,6015,1001,6020,677,6010,31300,6005,12526
2020-06-05 08:50:48.870000,0.0,6015,1001,6020,677,6010,31300,6005,12526
2020-06-05 08:50:48.960000,0.0,6015,1001,6020,677,6010,31300,6005,12526
2020-06-05 08:50:49.070000,0.0,6015,1001,6020,677,6010,31300,6005,12526
2020-06-05 08:50:49.280000,0.0,6015,1001,6020,677,6010,31301,6005,12526
2020-06-05 08:50:49.760000,0.0,6015,1001,6020,677,6010,31301,6005,12526
2020-06-05 08:50:50.070000,0.0,6015,1001,6020,677,6010,31301,6005,12526
2020-06-05 08:50:50.820000,0.0,6015,1001,6020,677,6010,31301,6005,12526
2020-06-05 08:50:50.850000,0.0,6015,1001,6020,677,6010,31301,6005,12526
2020-06-05 08:50:51.070000,0.0,6015,1001,6020,677,6010,31301,6005,12526
2020-06-05 08:50:51.170000,0.0,6015,1001,6020,677,6010,32301,6005,12526
2020-06-05 08:50:51.200000,0.0,6015,1001,6020,677,6010,32351,6005,12526
2020-06-05 08:50:51.280000,0.0,6015,1001,6020,677,6010,32351,6005,12536
2020-06-05 08:50:51.460000,0.0,6015,1001,6020,677,6010,32351,6005,12536
2020-06-05 08:50:51.870000,0.0,6015,1001,6020,677,6010,32351,6005,12536
2020-06-05 08:50:52.070000,0.0,6015,1001,6020,677,6010,32351,6005,12536
2020-06-05 08:50:52.370000,0.0,6015,1001,6020,677,6010,32351,6005,12536
2020-06-05 08:50:52.630000,0.0,6015,1001,6020,677,6010,32351,6005,12536
2020-06-05 08:50:52.670000,0.0,6015,1001,6020,677,6010,32351,6005,12536
2020-06-05 08:50:52.980000,0.0,6015,1001,6020,677,6010,32501,6005,12536
2020-06-05 08:50:53.460000,0.0,6015,1001,6020,677,6010,32501,6005,12536
2020-06-05 08:50:53.490000,0.0,6015,1001,6020,677,6010,32501,6005,12536
2020-06-05 08:50:53.520000,0.0,6015,1001,6020,677,6010,32501,6005,12536
2020-06-05 08:50:53.560000,0.0,6015,1001,6020,677,6010,32501,6005,12536
2020-06-05 08:50:53.590000,0.0,6015,1001,6020,677,6010,32501,6005,12536
2020-06-05 08:50:54.090000,0.0,6015,1001,6020,677,6010,32501,6005,12536
2020-06-05 08:50:54.570000,0.0,6015,1001,6020,677,6010,32501,6005,12536
2020-06-05 08:50:54.670000,0.0,6015,1001,6020,677,6010,32501,6005,12536
2020-06-05 08:50:54.770000,0.0,6015,1001,6020,677,6010,32501,6005,12536
2020-06-05 08:50:55.070000,0.0,6015,1001,6020,677,6010,32501,6005,12536
2020-06-05 08:50:55.810000,0.0,6015,1001,6020,677,6010,32501,6005,12536
2020-06-05 08:50:55.870000,0.0,6015,1001,6020,677,6010,32501,6005,12536
2020-06-05 08:50:55.980000,0.0,6015,1,6020,1677,6010,32501,6005,12536
2020-06-05 08:50:57.680000,0.0,6015,1,6020,1677,6010,32501,6005,12536
2020-06-05 08:50:57.770000,0.0,6015,1,6020,1677,6010,32501,6005,12536
2020-06-05 08:50:58.160000,0.0,6015,1,6020,1677,6010,32501,6005,12536
2020-06-05 08:50:58.760000,0.0,6015,1,6020,1677,6010,33039,6005,12536
2020-06-05 08:50:58.820000,0.0,6015,1,6020,1677,6010,33039,6005,12536
2020-06-05 08:50:58.870000,0.0,6015,1,6020,1677,6010,33039,6005,12536
2020-06-05 08:50:59.070000,0.0,6015,1,6020,1677,6010,33039,6005,12537
2020-06-05 08:50:59.480000,0.0,6015,1,6020,1677,6010,33039,6005,12537
2020-06-05 08:51:00.570000,0.0,6015,1,6020,1677,6010,33039,6005,12537
2020-06-05 08:51:00.980000,0.0,6015,1,6020,1677,6010,33039,6005,12537
2020-06-05 08:51:01.960000,0.0,6015,1,6020,1677,6010,33039,6005,12537
2020-06-05 08:51:01.990000,0.0,6015,1,6020,1677,6010,33039,6005,12537
2020-06-05 08:51:02.050000,0.0,6015,1,6020,1677,6010,33044,6005,12537
2020-06-05 08:51:02.970000,0.0,6015,1,6020,1677,6010,33044,6005,12537
2020-06-05 08:51:03.040000,0.0,6015,1,6020,1677,6010,33044,6005,12797
2020-06-05 08:51:03.300000,0.0,6015,1,6020,1677,6010,33044,6005,12797
2020-06-05 08:51:03.370000,0.0,6015,1,6020,1677,6010,33244,6005,12797
2020-06-05 08:51:03.570000,0.0,6015,1,6020,1677,6010,33244,6005,12797
2020-06-05 08:51:04.040000,0.0,6015,1,6020,1677,6010,33244,6005,12797
2020-06-05 08:51:04.370000,0.0,6015,1,6020,1677,6010,33444,6005,12797
2020-06-05 08:51:05.130000,0.0,6015,1,6020,1677,6010,38444,6005,12797
2020-06-05 08:51:05.160000,0.0,6015,1,6020,1677,6010,38444,6005,12797
2020-06-05 08:51:05.220000,0.0,6015,1,6020,1677,6010,38444,6005,12797
2020-06-05 08:51:05.290000,0.0,6015,1,6020,1677,6010,38444,6005,12797
2020-06-05 08:51:05.320000,0.0,6015,1,6020,1677,6010,38444,6005,12797
2020-06-05 08:51:05.680000,0.0,6015,1,6020,1677,6010,38444,6005,12797
2020-06-05 08:51:06.160000,0.0,6015,1,6020,1677,6010,38444,6005,12797
2020-06-05 08:51:06.190000,0.0,6015,1,6020,1677,6010,38566,6005,12797
2020-06-05 08:51:06.220000,0.0,6015,1,6020,1677,6010,38566,6005,12797
2020-06-05 08:51:06.260000,0.0,6015,1,6020,1677,6010,38566,6005,12797
2020-06-05 08:51:06.360000,0.0,6015,1,6020,1677,6010,39366,6005,12797
2020-06-05 08:51:07.210000,0.0,6015,1,6020,1677,6010,39366,6005,12797
2020-06-05 08:51:07.860000,0.0,6015,1,6020,1677,6010,39366,6005,12797
2020-06-05 08:51:08.270000,0.0,6015,1,6020,1777,6010,39366,6005,12797
2020-06-05 08:51:08.330000,0.0,6015,1,6020,1777,6010,40566,6005,12797
2020-06-05 08:51:08.570000,0.0,6015,1,6020,1777,6010,40566,6005,12797
2020-06-05 08:51:09.320000,0.0,6015,1,6020,1777,6010,40566,6005,12797
2020-06-05 08:51:09.350000,0.0,6015,1,6020,1777,6010,40566,6005,12797
2020-06-05 08:51:09.470000,0.0,6015,1,6020,1777,6010,40566,6005,12797
2020-06-05 08:51:09.770000,0.0,6015,1,6020,1777,6010,40566,6005,12797
2020-06-05 08:51:10.410000,0.0,6015,1,6020,1777,6010,40566,6005,12797
2020-06-05 08:51:10.440000,0.0,6015,1,6020,1777,6010,40566,6005,12797
2020-06-05 08:51:10.570000,0.0,6015,1,6020,1777,6010,40566,6005,12797
2020-06-05 08:51:10.680000,0.0,6015,1,6020,1777,6010,40566,6005,12797
2020-06-05 08:51:10.690000,0.0,6015,1,6020,1777,6010,40566,6005,12797
2020-06-05 08:51:10.720000,0.0,6015,1,6020,1777,6010,40566,6005,12797
2020-06-05 08:51:10.750000,0.0,6015,1,6020,1777,6010,40566,6005,12797
2020-06-05 08:51:10.860000,0.0,6015,1,6020,1777,6010,40566,6005,12797
2020-06-05 08:51:10.880000,0.0,6015,1,6020,1777,6010,40566,6005,12797
2020-06-05 08:51:11.210000,0.0,6015,1,6020,1777,6010,40566,6005,12797
2020-06-05 08:51:11.360000,0.0,6015,1,6020,1777,6010,40566,6005,12997
2020-06-05 08:51:12.170000,0.0,6015,1,6020,1777,6010,40566,6005,12997
2020-06-05 08:51:13.080000,0.0,6015,1,6020,1777,6010,40566,6005,12997
2020-06-05 08:51:13.500000,0.0,6015,1,6020,1777,6010,40566,6005,12997
2020-06-05 08:51:14.090000,0.0,6015,1,6020,1777,6010,40576,6005,12997
2020-06-05 08:51:14.120000,0.0,6015,1,6020,1777,6010,40576,6005,12997
2020-06-05 08:51:14.150000,0.0,6015,1,6020,1777,6010,40576,6005,12997
2020-06-05 08:51:14.260000,0.0,6015,1,6020,1777,6010,40316,6005,12997
2020-06-05 08:51:14.580000,0.0,6015,1,6020,1777,6010,40316,6005,12997
2020-06-05 08:51:14.760000,0.0,6015,1,6020,1777,6010,40316,6005,12997
2020-06-05 08:51:14.970000,0.0,6015,1,6020,1777,6010,40316,6005,12997
2020-06-05 08:51:15.670000,0.0,6015,1,6020,1777,6010,40316,6005,12997
2020-06-05 08:51:15.730000,0.0,6015,1,6020,1777,6010,40316,6005,12997
2020-06-05 08:51:15.790000,0.0,6015,1,6020,1777,6010,40316,6005,12997
2020-06-05 08:51:15.830000,0.0,6015,1,6020,1777,6010,40316,6005,12997
2020-06-05 08:51:15.860000,0.0,6015,1,6020,1777,6010,40316,6005,12997
2020-06-05 08:51:15.970000,0.0,6015,1,6020,1777,6010,40315,6005,12997
2020-06-05 08:51:16.170000,0.0,6015,1,6020,1777,6010,40315,6005,12997
2020-06-05 08:51:16.400000,0.0,6015,1,6020,1777,6010,40315,6005,12997
2020-06-05 08:51:16.670000,0.0,6015,1,6020,1777,6010,40315,6005,12997
2020-06-05 08:51:16.760000,0.0,6015,1,6020,1777,6010,40315,6005,12997
2020-06-05 08:51:17.260000,0.0,6015,1,6020,1777,6010,39315,6005,12997
2020-06-05 08:51:17.290000,0.0,6015,1,6020,1777,6010,39315,6005,12997
2020-06-05 08:51:17.330000,0.0,6015,1,6020,1777,6010,39315,6005,12997
2020-06-05 08:51:17.390000,0.0,6015,1,6020,1777,6010,39315,6005,12997
2020-06-05 08:51:17.420000,0.0,6015,1,6020,1777,6010,39315,6005,12997
2020-06-05 08:51:17.470000,0.0,6015,1,6020,1777,6010,39315,6005,12997
2020-06-05 08:51:17.670000,0.0,6015,1,6020,1777,6010,39315,6005,12997
2020-06-05 08:51:17.700000,0.0,6020,1683,6025,1,6015,2921,6010,41299
2020-06-05 08:51:18.310000,0.0,6020,1682,6025,1,6015,2921,6010,41299
2020-06-05 08:51:18.570000,0.0,6020,1682,6025,1,6015,2921,6010,41299
2020-06-05 08:51:18.970000,0.0,6020,1682,6025,1,6015,2922,6010,41299
2020-06-05 08:51:19.430000,0.0,6020,1682,6025,1,6015,2922,6010,41300
2020-06-05 08:51:19.470000,0.0,6020,1682,6025,1,6015,2922,6010,41300
2020-06-05 08:51:19.530000,0.0,6020,1672,6025,1,6015,2922,6010,41300
2020-06-05 08:51:19.670000,0.0,6020,1672,6025,1,6015,2922,6010,41300
2020-06-05 08:51:19.780000,0.0,6020,1671,6025,1,6015,2922,6010,41300
2020-06-05 08:51:20.070000,0.0,6020,1671,6025,1,6015,2922,6010,41300
2020-06-05 08:51:20.420000,0.0,6020,1671,6025,1,6015,2922,6010,41300
2020-06-05 08:51:20.480000,0.0,6020,1671,6025,1,6015,2922,6010,41300
2020-06-05 08:51:20.540000,0.0,6020,1671,6025,1,6015,2922,6010,41300
2020-06-05 08:51:20.670000,0.0,6020,1671,6025,1,6015,2922,6010,41300
2020-06-05 08:51:21.170000,0.0,6020,1671,6025,1,6015,2922,6010,41300
2020-06-05 08:51:21.480000,0.0,6020,1671,6025,1,6015,2922,6010,41300
2020-06-05 08:51:21.510000,0.0,6020,671,6025,1,6015,2922,6010,41300
2020-06-05 08:51:21.570000,0.0,6020,671,6025,1,6015,2922,6010,41300
2020-06-05 08:51:21.780000,0.0,6020,671,6025,1,6015,2922,6010,41300
2020-06-05 08:51:21.960000,0.0,6020,671,6025,1,6015,2922,6010,41300
2020-06-05 08:51:22.620000,0.0,6020,671,6025,1,6015,2922,6010,41300
2020-06-05 08:51:22.710000,0.0,6020,671,6025,1,6015,2922,6010,41302
2020-06-05 08:51:23.170000,0.0,6020,671,6025,1,6015,2922,6010,41302
2020-06-05 08:51:23.670000,0.0,6020,671,6025,1,6015,2922,6010,41302
2020-06-05 08:51:24.070000,0.0,6020,671,6025,1,6015,2922,6010,41302
2020-06-05 08:51:24.370000,0.0,6020,671,6025,1,6015,2922,6010,41302
2020-06-05 08:51:24.700000,0.0,6020,671,6025,1,6015,2922,6010,41302
2020-06-05 08:51:24.780000,0.0,6020,671,6025,1,6015,2922,6010,41302
2020-06-05 08:51:24.810000,0.0,6020,671,6025,1,6015,2922,6010,41302
2020-06-05 08:51:25.280000,0.0,6025,1,6030,680,6020,329,6015,2922
2020-06-05 08:51:25.730000,0.0,6025,1,6030,680,6020,329,6015,2922
2020-06-05 08:51:25.760000,0.0,6025,1,6030,680,6020,329,6015,2922
2020-06-05 08:51:26.790000,0.0,6025,1,6030,680,6020,329,6015,2922
2020-06-05 08:51:27.310000,0.0,6025,1,6030,680,6020,329,6015,2922
2020-06-05 08:51:27.370000,0.0,6025,1,6030,680,6020,829,6015,2922
2020-06-05 08:51:27.570000,0.0,6025,1,6030,680,6020,829,6015,2922
2020-06-05 08:51:28.350000,0.0,6025,1,6030,680,6020,829,6015,2922
2020-06-05 08:51:28.380000,0.0,6025,1,6030,680,6020,829,6015,2922
2020-06-05 08:51:28.420000,0.0,6025,1,6030,680,6020,829,6015,2922
2020-06-05 08:51:29.400000,0.0,6025,1,6030,680,6020,830,6015,2922
2020-06-05 08:51:29.430000,0.0,6025,1,6030,680,6020,830,6015,2922
2020-06-05 08:51:29.870000,0.0,6025,1,6030,680,6020,830,6015,2922
2020-06-05 08:51:30.460000,0.0,6025,1,6030,680,6020,831,6015,2922
2020-06-05 08:51:30.490000,0.0,6025,1,6030,680,6020,519,6015,2922
2020-06-05 08:51:30.520000,0.0,6025,1,6030,680,6020,520,6015,2922
2020-06-05 08:51:30.980000,0.0,6020,280,6025,1,6015,2922,6010,40802
2020-06-05 08:51:31.570000,0.0,6020,280,6025,1,6015,2922,6010,40802
2020-06-05 08:51:32.090000,0.0,6020,280,6025,1,6015,2922,6010,40802
2020-06-05 08:51:32.120000,0.0,6025,1,6030,680,6020,720,6015,2922
2020-06-05 08:51:32.660000,0.0,6025,1,6030,680,6020,720,6015,2922
2020-06-05 08:51:33.270000,0.0,6025,1,6030,680,6020,730,6015,2922
2020-06-05 08:51:33.660000,0.0,6025,1,6030,680,6020,730,6015,2922
2020-06-05 08:51:34.730000,0.0,6025,1,6030,680,6020,730,6015,2922
2020-06-05 08:51:34.760000,0.0,6025,1,6030,680,6020,730,6015,2922
2020-06-05 08:51:34.790000,0.0,6025,1,6030,680,6020,730,6015,2922
2020-06-05 08:51:35.160000,0.0,6025,1,6030,680,6020,730,6015,2922
2020-06-05 08:51:35.190000,0.0,6025,1,6030,680,6020,730,6015,2922
2020-06-05 08:51:35.770000,0.0,6025,1,6030,680,6020,2733,6015,2922
2020-06-05 08:51:36.270000,0.0,6025,1,6030,680,6020,2733,6015,2922
2020-06-05 08:51:36.300000,0.0,6025,1,6030,680,6020,2733,6015,2922
2020-06-05 08:51:36.370000,0.0,6025,1,6030,680,6020,2733,6015,3222
2020-06-05 08:51:36.480000,0.0,6025,1,6030,680,6020,2883,6015,3222
2020-06-05 08:51:36.570000,0.0,6025,1,6030,680,6020,2883,6015,3222
2020-06-05 08:51:36.660000,0.0,6025,1,6030,680,6020,2883,6015,3372
2020-06-05 08:51:37.560000,0.0,6025,1,6030,680,6020,2883,6015,3372
2020-06-05 08:51:37.770000,0.0,6025,1,6030,680,6020,2883,6015,3372
2020-06-05 08:51:38.470000,0.0,6025,1,6030,680,6020,2883,6015,3372
2020-06-05 08:51:38.940000,0.0,6025,1,6030,680,6020,2883,6015,3372
2020-06-05 08:51:39.970000,0.0,6025,1,6030,680,6020,2883,6015,3372
2020-06-05 08:51:40.370000,0.0,6025,1,6030,680,6020,2883,6015,3372
2020-06-05 08:51:40.670000,0.0,6025,1,6030,680,6020,2883,6015,3372
2020-06-05 08:51:41.080000,0.0,6030,680,6035,1,6025,29306,6020,3576
2020-06-05 08:51:41.110000,0.0,6030,680,6035,1,6025,29307,6020,3576
2020-06-05 08:51:41.140000,0.0,6030,680,6035,1,6025,29307,6020,3606
2020-06-05 08:51:41.580000,0.0,6030,680,6035,1,6025,29297,6020,3606
2020-06-05 08:51:42.090000,0.0,6030,680,6035,1,6025,29297,6020,3606
2020-06-05 08:51:42.170000,0.0,6030,680,6035,1,6025,29347,6020,3606
2020-06-05 08:51:43.870000,0.0,6030,680,6035,1,6025,29348,6020,3606
2020-06-05 08:51:44.270000,0.0,6030,680,6035,1,6025,30348,6020,3606
2020-06-05 08:51:44.480000,0.0,6030,680,6035,1,6025,30348,6020,3606
2020-06-05 08:51:45.370000,0.0,6030,680,6035,1,6025,30348,6020,3606
2020-06-05 08:51:45.430000,0.0,6030,680,6035,1,6025,30348,6020,3906
2020-06-05 08:51:45.700000,0.0,6030,680,6035,1,6025,30348,6020,3906
2020-06-05 08:51:46.410000,0.0,6030,680,6035,1,6025,30348,6020,3916
2020-06-05 08:51:46.510000,0.0,6030,680,6035,1,6025,30348,6020,3916
2020-06-05 08:51:46.660000,0.0,6030,680,6035,1,6025,29846,6020,3916
2020-06-05 08:51:47.070000,0.0,6030,680,6035,1,6025,29846,6020,3916
2020-06-05 08:51:47.480000,0.0,6030,680,6035,1,6025,29846,6020,3916
2020-06-05 08:51:47.540000,0.0,6030,680,6035,1,6025,29846,6020,3916
2020-06-05 08:51:47.980000,0.0,6030,680,6035,1,6025,29846,6020,3926
2020-06-05 08:51:49.070000,0.0,6030,680,6035,1,6025,29846,6020,3926
2020-06-05 08:51:50.150000,0.0,6030,680,6035,1,6025,29846,6020,3926
2020-06-05 08:51:50.770000,0.0,6030,680,6035,1,6025,29846,6020,3926
2020-06-05 08:51:51.150000,0.0,6030,680,6035,1,6025,29847,6020,3926
2020-06-05 08:51:51.180000,0.0,6030,680,6035,1,6025,29847,6020,3926
2020-06-05 08:51:51.270000,0.0,6030,680,6035,1,6025,31317,6020,3926
2020-06-05 08:51:51.600000,0.0,6030,680,6035,1,6025,31317,6020,3926
2020-06-05 08:51:51.660000,0.0,6030,680,6035,1,6025,31317,6020,3926
2020-06-05 08:51:52.190000,0.0,6030,680,6035,1,6025,31327,6020,3926
2020-06-05 08:51:52.220000,0.0,6030,680,6035,1,6025,31327,6020,3926
2020-06-05 08:51:52.860000,0.0,6030,680,6035,1,6025,31459,6020,3926
2020-06-05 08:51:53.470000,0.0,6030,680,6035,1,6025,31459,6020,3926
2020-06-05 08:51:53.680000,0.0,6030,680,6035,1,6025,1459,6020,3926
2020-06-05 08:51:54.290000,0.0,6030,680,6035,1,6025,1459,6020,3926
2020-06-05 08:51:54.570000,0.0,6030,680,6035,1,6025,1459,6020,3926
2020-06-05 08:51:54.860000,0.0,6030,680,6035,1,6025,1459,6020,3926
2020-06-05 08:51:55.330000,0.0,6035,1,6040,1,6030,128,6025,7426
2020-06-05 08:51:55.400000,0.0,6035,1,6040,1,6030,128,6025,7426
2020-06-05 08:51:55.430000,0.0,6035,1,6040,1,6030,128,6025,7426
2020-06-05 08:51:55.570000,0.0,6035,1,6040,1,6030,128,6025,7426
2020-06-05 08:51:55.970000,0.0,6035,1,6040,1,6030,133,6025,7426
2020-06-05 08:51:56.440000,0.0,6035,1,6040,1,6030,631,6025,7426
2020-06-05 08:51:57.460000,0.0,6035,1,6040,1,6030,631,6025,7426
2020-06-05 08:51:57.490000,0.0,6035,1,6040,1,6030,641,6025,7426
2020-06-05 08:51:57.680000,0.0,6035,1,6040,1,6030,841,6025,7426
2020-06-05 08:51:57.770000,0.0,6035,1,6040,1,6030,841,6025,7426
2020-06-05 08:51:58.520000,0.0,6035,1,6040,1,6030,1841,6025,7426
2020-06-05 08:51:58.860000,0.0,6035,1,6040,1,6030,1841,6025,7426
2020-06-05 08:51:58.970000,0.0,6035,1,6040,1,6030,1841,6025,7426
2020-06-05 08:51:59.360000,0.0,6035,1,6040,1,6030,1842,6025,7426
2020-06-05 08:51:59.470000,0.0,6035,1,6040,1,6030,1842,6025,7426
2020-06-05 08:52:00.610000,0.0,6035,1,6040,1,6030,1842,6025,7426
2020-06-05 08:52:00.820000,0.0,6035,1,6040,1,6030,1842,6025,7426
2020-06-05 08:52:01.870000,0.0,6035,1,6040,1,6030,1842,6025,7426
2020-06-05 08:52:01.970000,0.0,6035,1,6040,1,6030,1842,6025,7426
2020-06-05 08:52:03.470000,0.0,6035,1,6040,1,6030,1842,6025,7426
2020-06-05 08:52:03.780000,0.0,6035,1,6040,1,6030,1842,6025,7426
2020-06-05 08:52:03.840000,0.0,6035,1,6040,1,6030,1842,6025,7426
2020-06-05 08:52:03.870000,0.0,6035,1,6040,1,6030,1842,6025,7426
2020-06-05 08:52:03.970000,0.0,6035,1,6040,1,6030,1852,6025,7426
2020-06-05 08:52:04.280000,0.0,6035,1,6040,1,6030,1952,6025,7426
2020-06-05 08:52:04.370000,0.0,6035,1,6040,1,6030,2778,6025,7426
2020-06-05 08:52:04.780000,0.0,6035,1,6040,1,6030,2778,6025,7426
2020-06-05 08:52:04.870000,0.0,6035,1,6040,1,6030,2778,6025,7426
2020-06-05 08:52:05.400000,0.0,6035,1,6040,1,6030,2778,6025,7426
2020-06-05 08:52:05.960000,0.0,6035,1,6040,1,6030,2779,6025,7426
2020-06-05 08:52:06.070000,0.0,6035,1,6040,1,6030,2779,6025,7426
2020-06-05 08:52:06.670000,0.0,6035,1,6040,1,6030,2779,6025,7426
2020-06-05 08:52:07.280000,0.0,6035,1,6040,1,6030,2779,6025,7426
2020-06-05 08:52:08.370000,0.0,6035,1,6040,1,6030,2779,6025,7426
2020-06-05 08:52:08.570000,0.0,6035,1,6040,1,6030,2779,6025,7426
2020-06-05 08:52:09.090000,0.0,6035,1,6040,1,6030,2789,6025,7426
2020-06-05 08:52:09.460000,0.0,6035,1,6040,1,6030,7789,6025,7426
2020-06-05 08:52:09.490000,0.0,6035,1,6040,1,6030,7789,6025,7426
2020-06-05 08:52:09.570000,0.0,6035,1,6040,1,6030,7789,6025,7426
2020-06-05 08:52:09.670000,0.0,6035,1,6040,1,6030,7589,6025,7426
2020-06-05 08:52:10.070000,0.0,6035,1,6040,1,6030,7589,6025,7426
2020-06-05 08:52:10.170000,0.0,6035,1,6040,1,6030,7589,6025,7426
2020-06-05 08:52:10.670000,0.0,6035,1,6040,1,6030,7789,6025,7426
2020-06-05 08:52:10.700000,0.0,6035,1,6040,1,6030,7789,6025,7426
2020-06-05 08:52:10.870000,0.0,6035,1,6040,1,6030,7789,6025,7426
2020-06-05 08:52:10.900000,0.0,6035,1,6040,1,6030,7789,6025,7426
2020-06-05 08:52:11.070000,0.0,6035,1,6040,1,6030,7789,6025,7426
2020-06-05 08:52:11.870000,0.0,6035,1,6040,1,6030,7789,6025,7426
2020-06-05 08:52:12.870000,0.0,6035,1,6040,1,6030,2789,6025,7426
2020-06-05 08:52:13.070000,0.0,6035,1,6040,1,6030,2789,6025,7426
2020-06-05 08:52:13.370000,0.0,6035,1,6040,1,6030,2789,6025,8813
2020-06-05 08:52:13.850000,0.0,6035,1,6040,1,6030,2789,6025,8813
2020-06-05 08:52:13.880000,0.0,6035,1,6040,1,6030,2789,6025,8813
2020-06-05 08:52:15.480000,0.0,6035,1,6040,1,6030,2789,6025,8813
2020-06-05 08:52:15.930000,0.0,6035,1,6040,1,6030,2799,6025,8813
2020-06-05 08:52:15.990000,0.0,6035,1,6040,1,6030,2799,6025,8813
2020-06-05 08:52:16.060000,0.0,6035,1,6040,1,6030,2799,6025,8813
2020-06-05 08:52:16.570000,0.0,6035,1,6040,1,6030,2864,6025,8813
2020-06-05 08:52:17.070000,0.0,6035,1,6040,1,6030,2864,6025,8813
2020-06-05 08:52:17.160000,0.0,6035,1,6040,1,6030,2864,6025,8813
2020-06-05 08:52:17.480000,0.0,6035,1,6040,1,6030,2864,6025,8813
2020-06-05 08:52:17.870000,0.0,6035,1,6040,1,6030,2865,6025,8813
2020-06-05 08:52:17.980000,0.0,6035,1,6040,1,6030,2916,6025,8813
2020-06-05 08:52:18.010000,0.0,6035,1,6040,1,6030,2917,6025,8813
2020-06-05 08:52:18.300000,0.0,6035,1,6040,1,6030,3417,6025,8813
2020-06-05 08:52:18.510000,0.0,6035,1,6040,1,6030,3417,6025,8813
2020-06-05 08:52:18.660000,0.0,6035,1,6040,1,6030,3417,6025,8813
2020-06-05 08:52:18.770000,0.0,6035,1,6040,1,6030,3417,6025,8275
2020-06-05 08:52:18.980000,0.0,6035,1,6040,1,6030,3417,6025,8275
2020-06-05 08:52:19.300000,0.0,6035,1,6040,1,6030,3417,6025,8285
2020-06-05 08:52:19.570000,0.0,6035,1,6040,1,6030,3617,6025,8285
2020-06-05 08:52:20.370000,0.0,6035,1,6040,1,6030,3617,6025,8285
2020-06-05 08:52:20.660000,0.0,6035,1,6040,1,6030,3617,6025,8285
2020-06-05 08:52:20.980000,0.0,6035,1,6040,1,6030,3617,6025,8285
2020-06-05 08:52:21.010000,0.0,6035,1,6040,1,6030,3627,6025,8285
2020-06-05 08:52:21.270000,0.0,6035,1,6040,1,6030,3627,6025,8285
2020-06-05 08:52:21.330000,0.0,6035,1,6040,1,6030,3727,6025,8285
2020-06-05 08:52:21.370000,0.0,6035,1,6040,1,6030,3727,6025,8285
2020-06-05 08:52:22.260000,0.0,6035,1,6040,1,6030,3777,6025,8285
2020-06-05 08:52:22.290000,0.0,6035,1,6040,1,6030,3777,6025,8285
2020-06-05 08:52:22.320000,0.0,6035,1,6040,1,6030,3777,6025,8285
2020-06-05 08:52:22.370000,0.0,6035,1,6040,1,6030,4277,6025,8285
2020-06-05 08:52:22.660000,0.0,6035,1,6040,1,6030,4277,6025,8285
2020-06-05 08:52:23.320000,0.0,6035,1,6040,1,6030,4277,6025,8285
2020-06-05 08:52:23.350000,0.0,6035,1,6040,1,6030,4277,6025,8285
2020-06-05 08:52:23.380000,0.0,6035,1,6040,1,6030,5277,6025,8285
2020-06-05 08:52:23.470000,0.0,6035,1,6040,1,6030,5277,6025,8285
2020-06-05 08:52:24.180000,0.0,6035,1,6040,1,6030,5277,6025,8290
2020-06-05 08:52:25.410000,0.0,6035,1,6040,1,6030,5277,6025,8290
2020-06-05 08:52:25.440000,0.0,6035,1,6040,1,6030,5280,6025,8290
2020-06-05 08:52:25.500000,0.0,6035,1,6040,1,6030,5345,6025,8290
2020-06-05 08:52:25.540000,0.0,6035,1,6040,1,6030,5345,6025,8290
2020-06-05 08:52:25.970000,0.0,6035,1,6040,1,6030,4645,6025,8290
2020-06-05 08:52:26.570000,0.0,6035,1,6040,1,6030,4645,6025,8290
2020-06-05 08:52:27.070000,0.0,6035,1,6040,1,6030,4645,6025,8490
2020-06-05 08:52:27.520000,0.0,6035,1,6040,1,6030,4645,6025,8490
2020-06-05 08:52:27.550000,0.0,6035,1,6040,1,6030,4645,6025,8490
2020-06-05 08:52:27.860000,0.0,6035,1,6040,1,6030,5182,6025,8490
2020-06-05 08:52:28.570000,0.0,6035,1,6040,1,6030,5482,6025,8490
2020-06-05 08:52:28.690000,0.0,6035,1,6040,1,6030,5485,6025,8490
2020-06-05 08:52:28.970000,0.0,6035,1,6040,1,6030,5485,6025,8490
2020-06-05 08:52:29.270000,0.0,6035,1,6040,1,6030,5486,6025,8490
2020-06-05 08:52:29.630000,0.0,6035,1,6040,1,6030,5486,6025,8490
2020-06-05 08:52:29.720000,0.0,6035,1,6040,1,6030,5486,6025,8490
2020-06-05 08:52:29.860000,0.0,6035,1,6040,1,6030,5486,6025,8490
2020-06-05 08:52:30.100000,0.0,6035,1,6040,1,6030,5486,6025,8490
2020-06-05 08:52:30.170000,0.0,6035,1,6040,1,6030,18986,6025,8490
2020-06-05 08:52:30.690000,0.0,6035,1,6040,1,6030,18988,6025,8490
2020-06-05 08:52:30.770000,0.0,6035,1,6040,1,6030,18988,6025,8490
2020-06-05 08:52:31.170000,0.0,6035,1,6040,1,6030,18988,6025,8490
2020-06-05 08:52:31.210000,0.0,6035,1,6040,1,6030,18989,6025,8490
2020-06-05 08:52:31.670000,0.0,6035,1,6040,1,6030,18989,6025,8490
2020-06-05 08:52:31.770000,0.0,6035,1,6040,1,6030,18989,6025,8490
2020-06-05 08:52:32.380000,0.0,6035,1,6040,1,6030,19189,6025,8490
2020-06-05 08:52:32.780000,0.0,6035,1,6040,1,6030,22505,6025,8490
2020-06-05 08:52:32.880000,0.0,6035,1,6040,1,6030,22506,6025,8490
2020-06-05 08:52:33.970000,0.0,6035,1,6040,1,6030,22506,6025,8490
2020-06-05 08:52:34.280000,0.0,6035,1,6040,1,6030,22506,6025,8490
2020-06-05 08:52:34.460000,0.0,6035,1,6040,1,6030,22506,6025,8480
2020-06-05 08:52:34.780000,0.0,6035,1,6040,1,6030,22506,6025,8480
2020-06-05 08:52:34.960000,0.0,6035,1,6040,1,6030,22756,6025,8480
2020-06-05 08:52:35.070000,0.0,6035,1,6040,1,6030,22756,6025,8480
2020-06-05 08:52:35.170000,0.0,6035,1,6040,1,6030,22756,6025,8480
2020-06-05 08:52:35.570000,0.0,6035,1,6040,1,6030,22756,6025,8480
2020-06-05 08:52:36.170000,0.0,6035,1,6040,1,6030,22756,6025,8480
2020-06-05 08:52:36.200000,0.0,6035,1,6040,1,6030,22756,6025,8480
2020-06-05 08:52:36.370000,0.0,6035,1,6040,1,6030,22756,6025,8480
2020-06-05 08:52:37.570000,0.0,6035,1,6040,1,6030,22756,6025,7093
2020-06-05 08:52:37.670000,0.0,6035,1,6040,1,6030,22756,6025,7093
2020-06-05 08:52:37.770000,0.0,6035,1,6040,1,6030,22756,6025,7093
2020-06-05 08:52:37.870000,0.0,6035,1,6040,1,6030,22756,6025,7093
2020-06-05 08:52:39.070000,0.0,6035,1,6040,1,6030,22756,6025,7093
2020-06-05 08:52:39.370000,0.0,6035,1,6040,1,6030,22756,6025,7093
2020-06-05 08:52:39.790000,0.0,6035,1,6040,1,6030,22756,6025,7093
2020-06-05 08:52:39.870000,0.0,6035,1,6040,1,6030,22758,6025,7093
2020-06-05 08:52:40.370000,0.0,6035,1,6040,1,6030,22758,6025,7093
2020-06-05 08:52:41.270000,0.0,6035,1,6040,1,6030,22758,6025,7093
2020-06-05 08:52:41.660000,0.0,6035,1,6040,1,6030,22758,6025,7093
2020-06-05 08:52:42.960000,0.0,6035,1,6040,1,6030,22758,6025,7093
2020-06-05 08:52:44.010000,0.0,6035,1,6040,1,6030,22758,6025,7093
2020-06-05 08:52:44.070000,0.0,6035,1,6040,1,6030,22758,6025,7093
2020-06-05 08:52:44.370000,0.0,6035,1,6040,1,6030,22788,6025,7093
2020-06-05 08:52:44.570000,0.0,6035,1,6040,1,6030,22788,6025,7093
2020-06-05 08:52:45.050000,0.0,6035,1,6040,1,6030,22788,6025,7093
2020-06-05 08:52:45.570000,0.0,6040,1,6045,687,6035,9087,6030,23700
2020-06-05 08:52:45.660000,0.0,6040,1,6045,687,6035,9087,6030,23700
2020-06-05 08:52:46.270000,0.0,6040,1,6045,687,6035,9088,6030,23700
2020-06-05 08:52:47.740000,0.0,6040,1,6045,687,6035,9088,6030,23700
2020-06-05 08:52:47.870000,0.0,6040,1,6045,687,6035,9089,6030,23700
2020-06-05 08:52:48.010000,0.0,6040,1,6045,687,6035,9089,6030,23700
2020-06-05 08:52:48.470000,0.0,6040,1,6045,687,6035,9189,6030,23700
2020-06-05 08:52:49.470000,0.0,6040,1,6045,687,6035,9189,6030,23700
2020-06-05 08:52:49.800000,0.0,6040,1,6045,687,6035,9189,6030,23700
2020-06-05 08:52:50.070000,0.0,6040,1,6045,687,6035,9189,6030,23700
2020-06-05 08:52:50.970000,0.0,6040,1,6045,687,6035,9189,6030,23700
2020-06-05 08:52:51.170000,0.0,6040,1,6045,687,6035,9189,6030,23700
2020-06-05 08:52:51.370000,0.0,6040,1,6045,687,6035,9189,6030,23700
2020-06-05 08:52:51.670000,0.0,6040,1,6045,687,6035,9189,6030,23700
2020-06-05 08:52:53.140000,0.0,6040,1,6045,687,6035,9189,6030,23700
2020-06-05 08:52:54.120000,0.0,6040,1,6045,687,6035,9189,6030,23705
2020-06-05 08:52:54.670000,0.0,6040,1,6045,687,6035,9199,6030,23705
2020-06-05 08:52:55.230000,0.0,6040,1,6045,687,6035,9199,6030,23705
2020-06-05 08:52:55.260000,0.0,6040,1,6045,687,6035,9199,6030,23705
2020-06-05 08:52:55.670000,0.0,6040,1,6045,687,6035,9199,6030,23705
2020-06-05 08:52:55.700000,0.0,6040,1,6045,687,6035,9199,6030,23705
2020-06-05 08:52:57.290000,0.0,6040,1,6045,687,6035,9599,6030,23705
2020-06-05 08:52:57.320000,0.0,6040,1,6045,687,6035,9619,6030,23705
2020-06-05 08:52:57.570000,0.0,6040,1,6045,687,6035,9619,6030,23705
2020-06-05 08:52:58.360000,0.0,6040,1,6045,687,6035,9624,6030,23705
2020-06-05 08:52:58.450000,0.0,6040,1,6045,687,6035,9624,6030,23705
2020-06-05 08:52:58.570000,0.0,6040,1,6045,687,6035,9624,6030,23705
2020-06-05 08:52:58.780000,0.0,6040,1,6045,687,6035,9624,6030,23805
2020-06-05 08:52:59.280000,0.0,6040,1,6045,687,6035,9624,6030,23805
2020-06-05 08:52:59.670000,0.0,6040,1,6045,687,6035,9624,6030,23805
2020-06-05 08:52:59.870000,0.0,6040,1,6045,687,6035,9624,6030,23805
2020-06-05 08:53:00.070000,0.0,6040,1,6045,687,6035,9694,6030,23805
2020-06-05 08:53:00.570000,0.0,6040,1,6045,687,6035,9694,6030,23805
2020-06-05 08:53:01.030000,0.0,6040,1,6045,687,6035,9694,6030,23805
2020-06-05 08:53:01.570000,0.0,6040,1,6045,687,6035,9694,6030,23805
2020-06-05 08:53:02.100000,0.0,6040,1,6045,687,6035,9694,6030,23805
2020-06-05 08:53:02.670000,0.0,6040,1,6045,687,6035,9694,6030,23805
2020-06-05 08:53:03.120000,0.0,6040,1,6045,687,6035,9704,6030,23805
2020-06-05 08:53:03.570000,0.0,6040,1,6045,687,6035,9704,6030,23805
2020-06-05 08:53:04.280000,0.0,6040,1,6045,687,6035,10704,6030,23805
2020-06-05 08:53:04.370000,0.0,6040,1,6045,687,6035,10704,6030,23805
2020-06-05 08:53:04.460000,0.0,6040,1,6045,687,6035,10704,6030,23805
2020-06-05 08:53:05.270000,0.0,6040,1,6045,687,6035,10704,6030,23805
2020-06-05 08:53:05.680000,0.0,6040,1,6045,687,6035,10704,6030,23805
2020-06-05 08:53:05.830000,0.0,6040,1,6045,687,6035,10904,6030,23805
2020-06-05 08:53:06.860000,0.0,6040,1,6045,687,6035,10904,6030,23805
2020-06-05 08:53:07.380000,0.0,6040,1,6045,687,6035,10934,6030,23805
2020-06-05 08:53:08.070000,0.0,6040,1,6045,687,6035,10478,6030,23805
2020-06-05 08:53:08.460000,0.0,6040,1,6045,687,6035,10478,6030,23805
2020-06-05 08:53:08.570000,0.0,6040,1,6045,687,6035,10478,6030,23805
2020-06-05 08:53:08.860000,0.0,6040,1,6045,687,6035,10478,6030,23805
2020-06-05 08:53:09.680000,0.0,6040,1,6045,687,6035,10698,6030,23805
2020-06-05 08:53:10.170000,0.0,6040,1,6045,687,6035,11398,6030,23805
2020-06-05 08:53:11.170000,0.0,6040,1,6045,687,6035,11598,6030,23805
2020-06-05 08:53:11.570000,0.0,6040,1,6045,687,6035,11598,6030,23805
2020-06-05 08:53:11.780000,0.0,6040,1,6045,687,6035,11818,6030,23805
2020-06-05 08:53:11.870000,0.0,6040,1,6045,687,6035,11818,6030,23805
2020-06-05 08:53:12.820000,0.0,6045,687,6050,1711,6040,407,6035,12859
2020-06-05 08:53:13.570000,0.0,6045,687,6050,1711,6040,907,6035,12859
2020-06-05 08:53:13.920000,0.0,6045,687,6050,1711,6040,1127,6035,12859
2020-06-05 08:53:13.980000,0.0,6045,687,6050,1711,6040,1127,6035,12859
2020-06-05 08:53:14.280000,0.0,6045,687,6050,1711,6040,1128,6035,12859
2020-06-05 08:53:14.570000,0.0,6045,687,6050,1711,6040,2128,6035,12859
2020-06-05 08:53:15.170000,0.0,6045,687,6050,1711,6040,2128,6035,12859
2020-06-05 08:53:15.370000,0.0,6045,687,6050,1711,6040,2128,6035,12859
2020-06-05 08:53:15.960000,0.0,6045,687,6050,1711,6040,2348,6035,12859
2020-06-05 08:53:17.470000,0.0,6045,687,6050,1711,6040,2348,6035,12859
2020-06-05 08:53:17.970000,0.0,6045,687,6050,1711,6040,3002,6035,12859
2020-06-05 08:53:17.990000,0.0,6045,687,6050,1711,6040,3002,6035,12859
2020-06-05 08:53:18.160000,0.0,6045,687,6050,1711,6040,3002,6035,12859
2020-06-05 08:53:18.570000,0.0,6060,18162,6065,1,6055,1564,6050,15858
2020-06-05 08:53:18.680000,0.0,6060,18162,6065,1,6055,1564,6050,15858
2020-06-05 08:53:19.180000,0.0,6060,18162,6065,1,6055,1564,6050,15858
2020-06-05 08:53:19.210000,0.0,6060,18162,6065,1,6055,1564,6050,15858
2020-06-05 08:53:19.360000,0.0,6060,18162,6065,1,6055,1764,6050,15858
2020-06-05 08:53:19.770000,0.0,6060,18162,6065,1,6055,1764,6050,15858
2020-06-05 08:53:19.860000,0.0,6060,18162,6065,1,6055,1764,6050,15858
2020-06-05 08:53:20.270000,0.0,6060,18162,6065,1,6055,1764,6050,15858
2020-06-05 08:53:20.770000,0.0,6060,18161,6065,1,6055,1764,6050,15858
2020-06-05 08:53:21.360000,0.0,6060,18161,6065,1,6055,1764,6050,15858
2020-06-05 08:53:21.850000,0.0,6060,18161,6065,1,6055,1764,6050,15858
2020-06-05 08:53:21.940000,0.0,6060,18160,6065,1,6055,1764,6050,15858
2020-06-05 08:53:22.180000,0.0,6060,18160,6065,1,6055,1764,6050,15858
2020-06-05 08:53:22.570000,0.0,6060,18160,6065,1,6055,1764,6050,15858
2020-06-05 08:53:23.070000,0.0,6060,18159,6065,1,6055,1764,6050,15858
2020-06-05 08:53:23.180000,0.0,6060,18159,6065,1,6055,1764,6050,15858
2020-06-05 08:53:23.890000,0.0,6060,18159,6065,1,6055,1764,6050,15858
2020-06-05 08:53:23.930000,0.0,6060,18159,6065,1,6055,1764,6050,15858
2020-06-05 08:53:23.990000,0.0,6060,18159,6065,1,6055,1764,6050,15858
2020-06-05 08:53:24.970000,0.0,6060,18159,6065,1,6055,1764,6050,15858
2020-06-05 08:53:25.010000,0.0,6060,18159,6065,1,6055,1764,6050,15858
2020-06-05 08:53:25.370000,0.0,6060,18159,6065,1,6055,1764,6050,15858
2020-06-05 08:53:25.580000,0.0,6060,18159,6065,1,6055,1764,6050,13409
2020-06-05 08:53:25.970000,0.0,6060,18159,6065,1,6055,1764,6050,13409
2020-06-05 08:53:26.870000,0.0,6060,18159,6065,1,6055,1764,6050,13409
2020-06-05 08:53:27.070000,0.0,6060,18159,6065,1,6055,1764,6050,13409
2020-06-05 08:53:27.110000,0.0,6060,18159,6065,1,6055,1764,6050,13409
2020-06-05 08:53:27.170000,0.0,6060,18159,6065,1,6055,1764,6050,13409
2020-06-05 08:53:27.180000,0.0,6060,18159,6065,1,6055,1764,6050,13409
2020-06-05 08:53:27.590000,0.0,6060,17959,6065,1,6055,1764,6050,13409
2020-06-05 08:53:27.970000,0.0,6060,17424,6065,1,6055,1764,6050,13409
2020-06-05 08:53:28.070000,0.0,6060,17424,6065,1,6055,1764,6050,13409
2020-06-05 08:53:28.170000,0.0,6060,17424,6065,1,6055,1764,6050,13409
2020-06-05 08:53:28.670000,0.0,6060,17424,6065,1,6055,1765,6050,13409
2020-06-05 08:53:28.700000,0.0,6060,17424,6065,1,6055,1765,6050,13409
2020-06-05 08:53:29.370000,0.0,6060,17524,6065,1,6055,1765,6050,13409
2020-06-05 08:53:29.400000,0.0,6060,17524,6065,1,6055,1765,6050,13409
2020-06-05 08:53:29.670000,0.0,6060,17524,6065,1,6055,1765,6050,13409
2020-06-05 08:53:30.470000,0.0,6060,17573,6065,1,6055,1765,6050,13409
2020-06-05 08:53:30.770000,0.0,6060,17573,6065,1,6055,1765,6050,13409
2020-06-05 08:53:31.570000,0.0,6060,17573,6065,1,6055,1765,6050,13409
2020-06-05 08:53:31.860000,0.0,6060,17563,6065,1,6055,1765,6050,13409
2020-06-05 08:53:32.500000,0.0,6060,17563,6065,1,6055,1765,6050,13409
2020-06-05 08:53:32.680000,0.0,6060,17563,6065,1,6055,1765,6050,13409
2020-06-05 08:53:32.860000,0.0,6060,17562,6065,1,6055,1765,6050,13409
2020-06-05 08:53:32.970000,0.0,6060,17562,6065,1,6055,1765,6050,13409
2020-06-05 08:53:33.180000,0.0,6060,17812,6065,1,6055,1765,6050,13409
2020-06-05 08:53:33.210000,0.0,6060,17812,6065,1,6055,1765,6050,13409
2020-06-05 08:53:33.500000,0.0,6060,17812,6065,1,6055,1765,6050,13409
2020-06-05 08:53:33.890000,0.0,6060,17812,6065,1,6055,1765,6050,13409
2020-06-05 08:53:34.070000,0.0,6060,17812,6065,1,6055,1765,6050,13409
2020-06-05 08:53:34.580000,0.0,6060,17811,6065,1,6055,1765,6050,13409
2020-06-05 08:53:34.610000,0.0,6060,17811,6065,1,6055,1765,6050,13409
2020-06-05 08:53:35.180000,0.0,6060,17811,6065,1,6055,1765,6050,13409
2020-06-05 08:53:35.770000,0.0,6060,17811,6065,1,6055,1765,6050,13409
2020-06-05 08:53:36.770000,0.0,6060,17810,6065,1,6055,1765,6050,13409
2020-06-05 08:53:37.070000,0.0,6060,17810,6065,1,6055,1765,6050,13409
2020-06-05 08:53:37.270000,0.0,6060,17810,6065,1,6055,1765,6050,13409
2020-06-05 08:53:37.720000,0.0,6060,17810,6065,1,6055,1765,6050,13409
2020-06-05 08:53:38.060000,0.0,6060,17810,6065,1,6055,1765,6050,13409
2020-06-05 08:53:38.810000,0.0,6060,17810,6065,1,6055,1765,6050,13409
2020-06-05 08:53:38.880000,0.0,6060,17810,6065,1,6055,1775,6050,13409
2020-06-05 08:53:39.270000,0.0,6060,17810,6065,1,6055,1775,6050,13409
2020-06-05 08:53:39.360000,0.0,6060,17810,6065,1,6055,1775,6050,13409
2020-06-05 08:53:40.380000,0.0,6060,17810,6065,1,6055,1775,6050,13409
2020-06-05 08:53:40.770000,0.0,6060,17800,6065,1,6055,1775,6050,13409
2020-06-05 08:53:40.970000,0.0,6060,17800,6065,1,6055,1775,6050,13409
2020-06-05 08:53:41.420000,0.0,6060,17800,6065,1,6055,1775,6050,13410
2020-06-05 08:53:41.450000,0.0,6060,17800,6065,1,6055,1775,6050,13410
2020-06-05 08:53:41.490000,0.0,6060,17800,6065,1,6055,1775,6050,13410
2020-06-05 08:53:41.670000,0.0,6060,17800,6065,1,6055,1775,6050,13410
2020-06-05 08:53:42.450000,0.0,6060,17800,6065,1,6055,1775,6050,13410
2020-06-05 08:53:42.490000,0.0,6060,17800,6065,1,6055,1775,6050,13410
2020-06-05 08:53:42.670000,0.0,6060,17580,6065,1,6055,1775,6050,13410
2020-06-05 08:53:43.060000,0.0,6060,17580,6065,1,6055,1775,6050,13410
2020-06-05 08:53:43.530000,0.0,6060,17580,6065,1,6055,1775,6050,13410
2020-06-05 08:53:43.560000,0.0,6060,17580,6065,1,6055,1775,6050,13410
2020-06-05 08:53:43.590000,0.0,6060,17580,6065,1,6055,1805,6050,13410
2020-06-05 08:53:43.880000,0.0,6060,17580,6065,1,6055,1805,6050,13710
2020-06-05 08:53:44.970000,0.0,6060,17580,6065,1,6055,1805,6050,13710
2020-06-05 08:53:45.560000,0.0,6060,17280,6065,1,6055,1805,6050,13710
2020-06-05 08:53:46.700000,0.0,6060,17280,6065,1,6055,1805,6050,13720
2020-06-05 08:53:46.770000,0.0,6060,14843,6065,1,6055,1805,6050,13720
2020-06-05 08:53:46.870000,0.0,6060,14843,6065,1,6055,1805,6050,13720
2020-06-05 08:53:47.370000,0.0,6060,14843,6065,1,6055,1805,6050,13720
2020-06-05 08:53:48.170000,0.0,6060,14843,6065,1,6055,1805,6050,13720
2020-06-05 08:53:48.300000,0.0,6060,14843,6065,1,6055,1805,6050,13720
2020-06-05 08:53:48.370000,0.0,6060,14843,6065,1,6055,1805,6050,13720
2020-06-05 08:53:49.060000,0.0,6060,14843,6065,1,6055,1805,6050,13720
2020-06-05 08:53:49.340000,0.0,6060,14844,6065,1,6055,1805,6050,13720
2020-06-05 08:53:49.580000,0.0,6060,14894,6065,1,6055,1805,6050,13720
2020-06-05 08:53:49.700000,0.0,6060,14894,6065,1,6055,1805,6050,13720
2020-06-05 08:53:49.870000,0.0,6060,14894,6065,1,6055,1805,6050,13720
2020-06-05 08:53:52.070000,0.0,6060,14894,6065,1,6055,1805,6050,13720
2020-06-05 08:53:52.480000,0.0,6060,14894,6065,1,6055,1805,6050,13720
2020-06-05 08:53:52.570000,0.0,6060,14894,6065,1,6055,1805,6050,13720
2020-06-05 08:53:52.660000,0.0,6060,14894,6065,1,6055,1805,6050,13720
2020-06-05 08:53:52.690000,0.0,6060,14894,6065,1,6055,1805,6050,13720
2020-06-05 08:53:53.070000,0.0,6060,14894,6065,1,6055,1805,6050,13720
2020-06-05 08:53:53.680000,0.0,6060,14894,6065,1,6055,1805,6050,13720
2020-06-05 08:53:53.870000,0.0,6060,14894,6065,1,6055,1805,6050,13720
2020-06-05 08:53:54.160000,0.0,6060,14894,6065,1,6055,1805,6050,13720
2020-06-05 08:53:54.370000,0.0,6060,14894,6065,1,6055,1805,6050,13720
2020-06-05 08:53:54.470000,0.0,6060,14894,6065,1,6055,1805,6050,13721
2020-06-05 08:53:54.570000,0.0,6060,14894,6065,1,6055,1805,6050,13721
2020-06-05 08:53:55.470000,0.0,6060,14894,6065,1,6055,1805,6050,13721
2020-06-05 08:53:56.770000,0.0,6060,14894,6065,1,6055,1805,6050,13721
2020-06-05 08:53:56.860000,0.0,6060,14794,6065,1,6055,1805,6050,13721
2020-06-05 08:53:57.400000,0.0,6060,14794,6065,1,6055,1805,6050,13721
2020-06-05 08:53:57.470000,0.0,6060,14793,6065,1,6055,1805,6050,13721
2020-06-05 08:53:58.180000,0.0,6060,14793,6065,1,6055,1805,6050,13721
2020-06-05 08:53:58.290000,0.0,6060,14593,6065,1,6055,1805,6050,13721
2020-06-05 08:53:58.470000,0.0,6060,14593,6065,1,6055,1805,6050,13721
2020-06-05 08:53:58.940000,0.0,6060,11193,6065,1,6055,1805,6050,13721
2020-06-05 08:53:58.970000,0.0,6060,11193,6065,1,6055,1805,6050,13721
2020-06-05 08:53:59.680000,0.0,6060,11193,6065,1,6055,1805,6050,13721
2020-06-05 08:53:59.990000,0.0,6060,11193,6065,1,6055,1805,6050,13721
2020-06-05 08:54:00.070000,0.0,6060,11193,6065,1,6055,1805,6050,13721
2020-06-05 08:54:01.970000,0.0,6060,11192,6065,1,6055,1805,6050,13721
2020-06-05 08:54:02.630000,0.0,6060,11197,6065,1,6055,1805,6050,13721
2020-06-05 08:54:03.180000,0.0,6060,11197,6065,1,6055,1805,6050,13721
2020-06-05 08:54:03.690000,0.0,6060,11182,6065,1,6055,1805,6050,13721
2020-06-05 08:54:04.360000,0.0,6060,11182,6065,1,6055,1805,6050,13721
2020-06-05 08:54:04.740000,0.0,6060,11182,6065,1,6055,1805,6050,13721
2020-06-05 08:54:05.270000,0.0,6060,11182,6065,1,6055,1805,6050,13721
2020-06-05 08:54:07.110000,0.0,6060,11182,6065,1,6055,1805,6050,13721
2020-06-05 08:54:07.670000,0.0,6060,11182,6065,1,6055,1805,6050,13731
2020-06-05 08:54:07.870000,0.0,6060,11182,6065,1,6055,1805,6050,13731
2020-06-05 08:54:08.170000,0.0,6060,11182,6065,1,6055,1805,6050,13731
2020-06-05 08:54:08.260000,0.0,6060,6182,6065,1,6055,1805,6050,13731
2020-06-05 08:54:08.570000,0.0,6060,6182,6065,1,6055,1805,6050,13731
2020-06-05 08:54:08.870000,0.0,6060,6182,6065,1,6055,4805,6050,13731
2020-06-05 08:54:09.780000,0.0,6060,6182,6065,1,6055,4805,6050,13731
2020-06-05 08:54:11.100000,0.0,6060,6182,6065,1,6055,4805,6050,13731
2020-06-05 08:54:12.370000,0.0,6060,6182,6065,1,6055,4805,6050,13731
2020-06-05 08:54:12.820000,0.0,6060,6182,6065,1,6055,4805,6050,13731
2020-06-05 08:54:12.850000,0.0,6060,6182,6065,1,6055,4805,6050,13731
2020-06-05 08:54:12.880000,0.0,6060,7182,6065,1,6055,4805,6050,13731
2020-06-05 08:54:12.920000,0.0,6060,7182,6065,1,6055,4805,6050,13731
2020-06-05 08:54:13.870000,0.0,6060,7182,6065,1,6055,4805,6050,13731
2020-06-05 08:54:13.900000,0.0,6060,7182,6065,1,6055,4805,6050,13731
2020-06-05 08:54:14.070000,0.0,6060,7182,6065,1,6055,4805,6050,13731
2020-06-05 08:54:15.570000,0.0,6060,7182,6065,1,6055,4805,6050,13731
2020-06-05 08:54:15.980000,0.0,6060,7182,6065,1,6055,4805,6050,13731
2020-06-05 08:54:18.090000,0.0,6060,7182,6065,1,6055,4805,6050,13731
2020-06-05 08:54:18.270000,0.0,6060,7182,6065,1,6055,4805,6050,5231
2020-06-05 08:54:18.380000,0.0,6060,7182,6065,1,6055,4805,6050,5231
2020-06-05 08:54:19.070000,0.0,6060,7182,6065,1,6055,4805,6050,5231
2020-06-05 08:54:19.270000,0.0,6060,9619,6065,1,6055,4805,6050,5231
2020-06-05 08:54:19.370000,0.0,6060,9619,6065,1,6055,4805,6050,5231
2020-06-05 08:54:19.660000,0.0,6060,9619,6065,1,6055,4805,6050,5231
2020-06-05 08:54:20.180000,0.0,6060,9614,6065,1,6055,4805,6050,5231
2020-06-05 08:54:21.070000,0.0,6060,9609,6065,1,6055,4805,6050,5231
2020-06-05 08:54:22.070000,0.0,6060,9609,6065,1,6055,4805,6050,5231
2020-06-05 08:54:22.290000,0.0,6060,9609,6065,1,6055,4805,6050,5231
2020-06-05 08:54:22.350000,0.0,6060,9609,6065,1,6055,4805,6050,5231
2020-06-05 08:54:22.770000,0.0,6060,9609,6065,1,6055,4805,6050,5231
2020-06-05 08:54:23.370000,0.0,6060,9609,6065,1,6055,4805,6050,5231
2020-06-05 08:54:23.400000,0.0,6060,9609,6065,1,6055,4805,6050,5231
2020-06-05 08:54:23.770000,0.0,6060,5409,6065,1,6055,4805,6050,5231
2020-06-05 08:54:24.070000,0.0,6060,5409,6065,1,6055,4805,6050,5231
2020-06-05 08:54:24.430000,0.0,6060,5409,6065,1,6055,4805,6050,5231
2020-06-05 08:54:24.460000,0.0,6060,5409,6065,1,6055,4805,6050,5231
2020-06-05 08:54:24.490000,0.0,6060,5409,6065,1,6055,4805,6050,5231
2020-06-05 08:54:24.660000,0.0,6060,5404,6065,1,6055,4805,6050,5231
2020-06-05 08:54:25.160000,0.0,6060,5404,6065,1,6055,4805,6050,5231
2020-06-05 08:54:25.490000,0.0,6060,5404,6065,1,6055,4805,6050,5231
2020-06-05 08:54:25.660000,0.0,6060,5399,6065,1,6055,4805,6050,5231
2020-06-05 08:54:25.800000,0.0,6060,5399,6065,1,6055,4805,6050,5231
2020-06-05 08:54:26.470000,0.0,6060,5399,6065,1,6055,4805,6050,5231
2020-06-05 08:54:26.660000,0.0,6060,5299,6065,1,6055,4805,6050,5231
2020-06-05 08:54:27.270000,0.0,6060,5299,6065,1,6055,4805,6050,5231
2020-06-05 08:54:28.110000,0.0,6060,5294,6065,1,6055,4805,6050,5231
2020-06-05 08:54:28.150000,0.0,6060,5294,6065,1,6055,4805,6050,5231
2020-06-05 08:54:29.160000,0.0,6060,5291,6065,1,6055,4805,6050,5231
2020-06-05 08:54:29.190000,0.0,6060,5251,6065,1,6055,4805,6050,5231
2020-06-05 08:54:29.250000,0.0,6060,5246,6065,1,6055,4805,6050,5231
2020-06-05 08:54:29.290000,0.0,6060,4846,6065,1,6055,4805,6050,5231
2020-06-05 08:54:29.680000,0.0,6060,3846,6065,1,6055,4805,6050,5231
2020-06-05 08:54:30.210000,0.0,6060,2180,6065,1,6055,4805,6050,5231
2020-06-05 08:54:30.240000,0.0,6060,2180,6065,1,6055,4805,6050,5231
2020-06-05 08:54:30.270000,0.0,6060,2180,6065,1,6055,4805,6050,5231
2020-06-05 08:54:30.570000,0.0,6060,2180,6065,1,6055,4805,6050,5231
2020-06-05 08:54:31.270000,0.0,6060,2180,6065,1,6055,4805,6050,5231
2020-06-05 08:54:31.300000,0.0,6060,2180,6065,1,6055,4805,6050,5231
2020-06-05 08:54:31.360000,0.0,6060,2180,6065,1,6055,4805,6050,5231
2020-06-05 08:54:31.770000,0.0,6060,2180,6065,1,6055,4805,6050,5231
2020-06-05 08:54:31.970000,0.0,6060,2180,6065,1,6055,4805,6050,5231
2020-06-05 08:54:32.850000,0.0,6060,2180,6065,1,6055,4805,6050,5231
2020-06-05 08:54:32.880000,0.0,6060,2180,6065,1,6055,4805,6050,5481
2020-06-05 08:54:33.360000,0.0,6060,1518,6065,1,6055,4805,6050,5481
2020-06-05 08:54:33.970000,0.0,6060,1518,6065,1,6055,4805,6050,5481
2020-06-05 08:54:34.440000,0.0,6060,1518,6065,1,6055,4805,6050,5481
2020-06-05 08:54:34.500000,0.0,6060,1518,6065,1,6055,4805,6050,5481
2020-06-05 08:54:35.070000,0.0,6060,1518,6065,1,6055,4805,6050,5481
2020-06-05 08:54:35.860000,0.0,6060,1518,6065,1,6055,4805,6050,5481
2020-06-05 08:54:36.560000,0.0,6060,1518,6065,1,6055,4805,6050,5481
2020-06-05 08:54:36.600000,0.0,6060,1518,6065,1,6055,4805,6050,5481
2020-06-05 08:54:36.630000,0.0,6060,1518,6065,1,6055,4805,6050,5481
2020-06-05 08:54:36.660000,0.0,6060,1518,6065,1,6055,4805,6050,5481
2020-06-05 08:54:37.660000,0.0,6060,1518,6065,1,6055,4805,6050,5481
2020-06-05 08:54:37.800000,0.0,6065,1,6070,1779,6060,8350,6055,4805
2020-06-05 08:54:38.020000,0.0,6065,1,6070,1779,6060,8350,6055,4805
2020-06-05 08:54:38.690000,0.0,6065,1,6070,1779,6060,8350,6055,4805
2020-06-05 08:54:39.800000,0.0,6065,1,6070,1779,6060,8350,6055,4805
2020-06-05 08:54:40.060000,0.0,6065,1,6070,1779,6060,8350,6055,4805
2020-06-05 08:54:40.490000,0.0,6065,1,6070,1779,6060,8360,6055,4805
2020-06-05 08:54:40.970000,0.0,6065,1,6070,1779,6060,8488,6055,4805
2020-06-05 08:54:41.970000,0.0,6065,1,6070,1779,6060,8488,6055,4805
2020-06-05 08:54:42.420000,0.0,6065,1,6070,1779,6060,8488,6055,4805
2020-06-05 08:54:42.470000,0.0,6065,1,6070,1779,6060,8488,6055,4805
2020-06-05 08:54:42.560000,0.0,6065,1,6070,1779,6060,8488,6055,4805
2020-06-05 08:54:42.880000,0.0,6065,1,6070,1779,6060,8498,6055,4805
2020-06-05 08:54:44.170000,0.0,6065,1,6070,1779,6060,8498,6055,4805
2020-06-05 08:54:44.470000,0.0,6065,1,6070,1779,6060,8498,6055,4805
2020-06-05 08:54:45.000000,0.0,6065,1,6070,1779,6060,8498,6055,4805
2020-06-05 08:54:45.170000,0.0,6065,1,6070,1779,6060,8498,6055,4805
2020-06-05 08:54:45.200000,0.0,6065,1,6070,1779,6060,8508,6055,4805
2020-06-05 08:54:45.470000,0.0,6065,1,6070,1779,6060,8508,6055,4805
2020-06-05 08:54:45.670000,0.0,6065,1,6070,1779,6060,9008,6055,4805
2020-06-05 08:54:46.120000,0.0,6065,1,6070,1779,6060,9008,6055,4805
2020-06-05 08:54:46.160000,0.0,6065,1,6070,1779,6060,9008,6055,4805
2020-06-05 08:54:47.110000,0.0,6065,1,6070,1779,6060,9008,6055,4805
2020-06-05 08:54:47.260000,0.0,6065,1,6070,1779,6060,9090,6055,4805
2020-06-05 08:54:47.670000,0.0,6065,1,6070,1779,6060,9090,6055,4805
2020-06-05 08:54:48.220000,0.0,6065,1,6070,1779,6060,9090,6055,4805
2020-06-05 08:54:49.230000,0.0,6065,1,6070,1779,6060,9090,6055,4805
2020-06-05 08:54:49.300000,0.0,6065,1,6070,1779,6060,9090,6055,4805
2020-06-05 08:54:49.470000,0.0,6065,1,6070,1779,6060,9090,6055,4805
2020-06-05 08:54:50.170000,0.0,6065,1,6070,1779,6060,9090,6055,4805
2020-06-05 08:54:51.340000,0.0,6065,1,6070,1779,6060,9090,6055,4805
2020-06-05 08:54:51.470000,0.0,6065,1,6070,1779,6060,9090,6055,4805
2020-06-05 08:54:52.390000,0.0,6065,1,6070,1779,6060,9090,6055,4805
2020-06-05 08:54:52.980000,0.0,6065,1,6070,1779,6060,9090,6055,4805
2020-06-05 08:54:53.470000,0.0,6065,1,6070,1779,6060,9090,6055,4805
2020-06-05 08:54:54.260000,0.0,6065,1,6070,1779,6060,9090,6055,4805
2020-06-05 08:54:54.470000,0.0,6065,1,6070,1779,6060,9090,6055,4805
2020-06-05 08:54:55.000000,0.0,6065,1,6070,1779,6060,9790,6055,4805
2020-06-05 08:54:55.370000,0.0,6065,1,6070,1779,6060,9750,6055,4805
2020-06-05 08:54:55.570000,0.0,6065,1,6070,1779,6060,9750,6055,4805
2020-06-05 08:54:56.070000,0.0,6065,1,6070,1779,6060,9750,6055,4805
2020-06-05 08:54:56.260000,0.0,6065,1,6070,1779,6060,9750,6055,4805
2020-06-05 08:54:56.400000,0.0,6065,1,6070,1779,6060,9750,6055,4805
2020-06-05 08:54:57.120000,0.0,6065,1,6070,1779,6060,9750,6055,4805
2020-06-05 08:54:57.460000,0.0,6065,1,6070,1779,6060,9750,6055,4805
2020-06-05 08:54:57.570000,0.0,6065,1,6070,1779,6060,9750,6055,4805
2020-06-05 08:54:57.670000,0.0,6065,1,6070,1779,6060,9750,6055,4805
2020-06-05 08:54:58.260000,0.0,6065,1,6070,1779,6060,9750,6055,4805
2020-06-05 08:54:58.890000,0.0,6065,1,6070,1779,6060,9751,6055,4805
2020-06-05 08:54:59.170000,0.0,6065,1,6070,1779,6060,9971,6055,4805
2020-06-05 08:54:59.670000,0.0,6065,1,6070,1779,6060,9971,6055,4805
2020-06-05 08:54:59.760000,0.0,6065,1,6070,1779,6060,10524,6055,4805
2020-06-05 08:55:00.870000,0.0,6065,1,6070,1779,6060,10524,6055,4805
2020-06-05 08:55:02.100000,0.0,6065,1,6070,1779,6060,10524,6055,4805
2020-06-05 08:55:02.170000,0.0,6065,1,6070,1779,6060,10524,6055,4805
2020-06-05 08:55:02.880000,0.0,6065,1,6070,1779,6060,10524,6055,4805
2020-06-05 08:55:02.920000,0.0,6065,1,6070,1779,6060,10524,6055,4805
2020-06-05 08:55:02.980000,0.0,6065,1,6070,1779,6060,10524,6055,4805
2020-06-05 08:55:03.010000,0.0,6065,1,6070,1779,6060,10524,6055,4805
2020-06-05 08:55:03.070000,0.0,6065,1,6070,1779,6060,10524,6055,4805
2020-06-05 08:55:03.170000,0.0,6065,1,6070,1779,6060,10524,6055,4805
2020-06-05 08:55:03.950000,0.0,6065,1,6070,1779,6060,10524,6055,4805
2020-06-05 08:55:04.040000,0.0,6065,1,6070,1779,6060,11626,6055,4805
2020-06-05 08:55:04.460000,0.0,6065,1,6070,1779,6060,11624,6055,4805
2020-06-05 08:55:04.670000,0.0,6065,1,6070,1779,6060,11624,6055,4805
2020-06-05 08:55:04.960000,0.0,6080,6550,6085,31196,6075,786,6070,1296
2020-06-05 08:55:06.370000,0.0,6080,6550,6085,31196,6075,786,6070,1296
2020-06-05 08:55:06.460000,0.0,6080,6550,6085,31196,6075,786,6070,1296
2020-06-05 08:55:06.660000,0.0,6080,6550,6085,31196,6075,786,6070,1296
2020-06-05 08:55:07.100000,0.0,6080,6550,6085,31196,6075,786,6070,1296
2020-06-05 08:55:07.130000,0.0,6080,6550,6085,31196,6075,786,6070,1296
2020-06-05 08:55:07.570000,0.0,6080,6550,6085,31196,6075,786,6070,1296
2020-06-05 08:55:07.770000,0.0,6080,6330,6085,31196,6075,786,6070,1296
2020-06-05 08:55:08.230000,0.0,6080,6330,6085,31196,6075,786,6070,1296
2020-06-05 08:55:08.270000,0.0,6080,6108,6085,31196,6075,786,6070,1296
2020-06-05 08:55:08.480000,0.0,6080,6108,6085,31196,6075,786,6070,1296
2020-06-05 08:55:08.870000,0.0,6080,6108,6085,31196,6075,786,6070,1296
2020-06-05 08:55:09.270000,0.0,6080,6108,6085,31196,6075,786,6070,1296
2020-06-05 08:55:09.370000,0.0,6080,6108,6085,31196,6075,786,6070,1296
2020-06-05 08:55:09.460000,0.0,6080,6108,6085,31196,6075,786,6070,1296
2020-06-05 08:55:09.520000,0.0,6080,6108,6085,31196,6075,786,6070,1296
2020-06-05 08:55:09.550000,0.0,6080,6108,6085,31196,6075,786,6070,1296
2020-06-05 08:55:09.660000,0.0,6080,6108,6085,31196,6075,786,6070,1296
2020-06-05 08:55:09.770000,0.0,6080,6108,6085,31196,6075,786,6070,1296
2020-06-05 08:55:10.260000,0.0,6080,6108,6085,31196,6075,786,6070,1296
2020-06-05 08:55:10.290000,0.0,6080,6108,6085,31196,6075,786,6070,1296
2020-06-05 08:55:11.300000,0.0,6080,6108,6085,31196,6075,786,6070,1296
2020-06-05 08:55:11.370000,0.0,6080,6104,6085,31195,6075,786,6070,1296
2020-06-05 08:55:11.430000,0.0,6080,6103,6085,31195,6075,786,6070,1296
2020-06-05 08:55:11.570000,0.0,6080,6103,6085,31195,6075,796,6070,1296
2020-06-05 08:55:11.660000,0.0,6080,6103,6085,31195,6075,796,6070,1296
2020-06-05 08:55:11.770000,0.0,6070,1778,6075,553,6065,1564,6060,11449
2020-06-05 08:55:11.870000,0.0,6070,1778,6075,553,6065,1786,6060,11449
2020-06-05 08:55:12.480000,0.0,6070,1778,6075,553,6065,1786,6060,11449
2020-06-05 08:55:12.660000,0.0,6070,1778,6075,553,6065,2786,6060,11449
2020-06-05 08:55:13.430000,0.0,6070,1778,6075,553,6065,2786,6060,11449
2020-06-05 08:55:13.660000,0.0,6070,1778,6075,553,6065,2796,6060,11449
2020-06-05 08:55:14.520000,0.0,6070,1778,6075,553,6065,2796,6060,11449
2020-06-05 08:55:14.580000,0.0,6070,1778,6075,553,6065,2796,6060,11454
2020-06-05 08:55:14.770000,0.0,6080,5013,6085,31195,6075,1796,6070,1306
2020-06-05 08:55:14.860000,0.0,6080,5013,6085,31195,6075,1796,6070,1306
2020-06-05 08:55:15.550000,0.0,6080,5013,6085,31195,6075,1796,6070,1306
2020-06-05 08:55:15.770000,0.0,6080,5013,6085,31195,6075,1796,6070,1306
2020-06-05 08:55:15.800000,0.0,6080,5013,6085,31195,6075,1796,6070,1306
2020-06-05 08:55:17.260000,0.0,6080,5113,6085,31195,6075,1796,6070,1306
2020-06-05 08:55:17.560000,0.0,6080,5113,6085,31195,6075,1796,6070,1306
2020-06-05 08:55:17.870000,0.0,6080,5113,6085,31195,6075,1796,6070,1306
2020-06-05 08:55:17.940000,0.0,6080,5113,6085,31195,6075,1796,6070,1306
2020-06-05 08:55:18.080000,0.0,6080,5113,6085,31195,6075,1796,6070,1306
2020-06-05 08:55:18.370000,0.0,6080,5113,6085,31195,6075,1796,6070,1306
2020-06-05 08:55:18.970000,0.0,6080,5113,6085,31195,6075,1796,6070,1306
2020-06-05 08:55:19.580000,0.0,6080,5113,6085,31195,6075,1796,6070,1306
2020-06-05 08:55:19.870000,0.0,6080,5113,6085,31195,6075,1796,6070,1306
2020-06-05 08:55:20.970000,0.0,6080,5113,6085,31195,6075,1796,6070,1306
2020-06-05 08:55:21.170000,0.0,6080,5113,6085,31195,6075,1796,6070,1306
2020-06-05 08:55:21.700000,0.0,6080,5113,6085,31195,6075,1796,6070,1306
2020-06-05 08:55:21.730000,0.0,6080,5113,6085,31195,6075,1796,6070,1306
2020-06-05 08:55:21.790000,0.0,6080,5333,6085,31195,6075,1798,6070,1306
2020-06-05 08:55:21.870000,0.0,6080,5333,6085,31195,6075,1798,6070,1306
2020-06-05 08:55:21.970000,0.0,6080,5333,6085,31195,6075,1798,6070,1306
2020-06-05 08:55:22.070000,0.0,6080,5333,6085,31195,6075,1798,6070,1306
2020-06-05 08:55:22.170000,0.0,6080,5333,6085,31195,6075,1798,6070,1306
2020-06-05 08:55:22.260000,0.0,6080,5333,6085,31195,6075,1798,6070,1306
2020-06-05 08:55:22.760000,0.0,6080,5333,6085,31195,6075,1798,6070,1306
2020-06-05 08:55:22.790000,0.0,6080,5333,6085,31195,6075,1798,6070,1306
2020-06-05 08:55:22.860000,0.0,6080,5333,6085,31195,6075,1798,6070,1306
2020-06-05 08:55:22.890000,0.0,6080,5333,6085,31195,6075,1798,6070,1306
2020-06-05 08:55:22.950000,0.0,6080,5323,6085,31195,6075,1798,6070,1306
2020-06-05 08:55:22.980000,0.0,6080,5303,6085,31195,6075,1798,6070,1306
2020-06-05 08:55:23.370000,0.0,6080,5308,6085,31195,6075,1798,6070,1306
2020-06-05 08:55:23.470000,0.0,6080,5308,6085,31195,6075,1798,6070,1306
2020-06-05 08:55:23.570000,0.0,6080,5308,6085,31195,6075,1798,6070,1306
2020-06-05 08:55:23.670000,0.0,6080,5308,6085,31195,6075,1798,6070,1306
2020-06-05 08:55:23.760000,0.0,6080,5308,6085,31195,6075,1798,6070,1306
2020-06-05 08:55:23.960000,0.0,6080,5308,6085,31195,6075,1798,6070,1306
2020-06-05 08:55:24.360000,0.0,6080,5308,6085,31195,6075,1798,6070,1306
2020-06-05 08:55:24.570000,0.0,6080,5308,6085,31195,6075,1798,6070,1308
2020-06-05 08:55:25.110000,0.0,6080,5308,6085,31195,6075,1799,6070,1308
2020-06-05 08:55:25.930000,0.0,6080,5309,6085,31195,6075,1799,6070,1308
2020-06-05 08:55:25.960000,0.0,6080,5309,6085,31195,6075,1799,6070,1308
2020-06-05 08:55:26.030000,0.0,6080,5309,6085,31195,6075,1799,6070,1308
2020-06-05 08:55:26.170000,0.0,6080,5309,6085,31196,6075,1799,6070,1318
2020-06-05 08:55:26.260000,0.0,6080,4709,6085,31196,6075,1799,6070,1318
2020-06-05 08:55:26.670000,0.0,6080,4709,6085,31196,6075,1799,6070,1318
2020-06-05 08:55:27.010000,0.0,6080,4709,6085,31196,6075,1799,6070,1318
2020-06-05 08:55:27.170000,0.0,6085,31196,6090,8203,6080,4191,6075,1799
2020-06-05 08:55:27.480000,0.0,6085,31196,6090,8203,6080,4191,6075,1799
2020-06-05 08:55:27.670000,0.0,6085,31196,6090,8203,6080,4191,6075,1799
2020-06-05 08:55:27.870000,0.0,6085,31196,6090,8203,6080,4191,6075,1799
2020-06-05 08:55:28.170000,0.0,6085,31196,6090,8203,6080,4191,6075,1799
2020-06-05 08:55:28.570000,0.0,6085,31196,6090,8203,6080,4201,6075,1799
2020-06-05 08:55:28.670000,0.0,6085,31196,6090,8203,6080,4201,6075,1799
2020-06-05 08:55:28.780000,0.0,6085,31196,6090,8203,6080,4201,6075,1799
2020-06-05 08:55:29.170000,0.0,6085,31196,6090,8203,6080,4251,6075,1799
2020-06-05 08:55:29.650000,0.0,6085,31196,6090,8203,6080,4251,6075,1799
2020-06-05 08:55:29.680000,0.0,6085,31196,6090,8203,6080,4251,6075,1799
2020-06-05 08:55:29.870000,0.0,6085,31196,6090,8203,6080,4251,6075,1799
2020-06-05 08:55:30.070000,0.0,6085,31196,6090,8203,6080,4251,6075,1799
2020-06-05 08:55:30.170000,0.0,6085,31196,6090,8203,6080,4251,6075,1799
2020-06-05 08:55:30.670000,0.0,6085,31196,6090,8203,6080,4251,6075,1799
2020-06-05 08:55:31.200000,0.0,6085,31196,6090,8203,6080,4251,6075,1799
2020-06-05 08:55:31.230000,0.0,6085,31196,6090,8203,6080,4251,6075,1799
2020-06-05 08:55:31.290000,0.0,6085,31196,6090,8203,6080,4251,6075,1799
2020-06-05 08:55:31.320000,0.0,6085,31196,6090,8203,6080,4251,6075,1799
2020-06-05 08:55:31.460000,0.0,6085,31196,6090,8203,6080,4251,6075,1799
2020-06-05 08:55:31.770000,0.0,6085,31196,6090,8203,6080,4251,6075,1799
2020-06-05 08:55:32.260000,0.0,6085,31196,6090,8203,6080,4651,6075,1799
2020-06-05 08:55:32.290000,0.0,6085,31196,6090,8203,6080,4651,6075,1799
2020-06-05 08:55:32.380000,0.0,6085,31196,6090,8203,6080,4651,6075,1799
2020-06-05 08:55:32.420000,0.0,6085,31196,6090,8203,6080,4651,6075,1799
2020-06-05 08:55:32.460000,0.0,6085,31196,6090,8203,6080,4651,6075,1799
2020-06-05 08:55:32.670000,0.0,6085,31196,6090,8203,6080,4651,6075,1799
2020-06-05 08:55:32.770000,0.0,6085,31196,6090,8203,6080,4651,6075,1799
2020-06-05 08:55:33.290000,0.0,6085,31196,6090,8203,6080,4651,6075,1799
2020-06-05 08:55:33.320000,0.0,6085,31196,6090,8203,6080,4651,6075,1799
2020-06-05 08:55:33.770000,0.0,6085,31196,6090,8203,6080,4651,6075,1799
2020-06-05 08:55:34.160000,0.0,6085,31196,6090,8203,6080,4651,6075,1799
2020-06-05 08:55:34.400000,0.0,6085,31196,6090,8203,6080,4651,6075,1799
2020-06-05 08:55:34.430000,0.0,6085,31196,6090,8203,6080,4651,6075,1799
2020-06-05 08:55:34.460000,0.0,6085,31196,6090,8203,6080,4651,6075,1799
2020-06-05 08:55:34.570000,0.0,6085,31196,6090,8203,6080,4651,6075,1799
2020-06-05 08:55:34.770000,0.0,6085,31196,6090,8203,6080,4651,6075,1799
2020-06-05 08:55:35.270000,0.0,6085,31196,6090,8203,6080,4651,6075,1799
2020-06-05 08:55:35.570000,0.0,6085,31196,6090,8203,6080,4651,6075,1799
2020-06-05 08:55:35.660000,0.0,6085,31196,6090,8203,6080,4651,6075,1799
2020-06-05 08:55:35.770000,0.0,6085,31196,6090,8203,6080,4651,6075,1799
2020-06-05 08:55:35.870000,0.0,6085,31206,6090,8203,6080,4651,6075,1799
2020-06-05 08:55:36.070000,0.0,6085,31206,6090,8203,6080,4651,6075,1799
2020-06-05 08:55:36.460000,0.0,6085,31206,6090,8203,6080,4651,6075,1799
2020-06-05 08:55:36.520000,0.0,6085,31206,6090,8203,6080,4651,6075,1799
2020-06-05 08:55:36.570000,0.0,6085,31206,6090,8203,6080,4651,6075,1799
2020-06-05 08:55:38.570000,0.0,6085,31206,6090,8203,6080,4651,6075,1799
2020-06-05 08:55:38.770000,0.0,6085,31206,6090,8203,6080,4651,6075,1799
2020-06-05 08:55:38.870000,0.0,6085,31206,6090,8203,6080,4651,6075,1799
2020-06-05 08:55:38.960000,0.0,6085,31206,6090,8203,6080,4651,6075,1799
2020-06-05 08:55:39.160000,0.0,6085,31206,6090,8203,6080,4651,6075,1799
2020-06-05 08:55:39.680000,0.0,6085,31206,6090,8203,6080,4651,6075,1799
2020-06-05 08:55:39.740000,0.0,6085,31206,6090,8203,6080,4651,6075,1799
2020-06-05 08:55:39.770000,0.0,6085,31206,6090,8203,6080,4651,6075,1799
2020-06-05 08:55:39.980000,0.0,6085,31206,6090,8203,6080,4651,6075,1799
2020-06-05 08:55:40.070000,0.0,6085,31206,6090,8203,6080,4651,6075,1799
2020-06-05 08:55:40.680000,0.0,6085,31206,6090,8203,6080,4651,6075,1799
2020-06-05 08:55:40.710000,0.0,6085,31206,6090,8203,6080,4651,6075,1799
2020-06-05 08:55:41.270000,0.0,6085,31206,6090,8203,6080,4651,6075,1799
2020-06-05 08:55:41.720000,0.0,6085,31206,6090,8203,6080,4651,6075,1799
2020-06-05 08:55:41.760000,0.0,6085,31206,6090,8203,6080,4651,6075,1799
2020-06-05 08:55:41.870000,0.0,6085,31206,6090,8203,6080,4651,6075,1799
2020-06-05 08:55:42.160000,0.0,6085,31206,6090,8203,6080,4651,6075,1799
2020-06-05 08:55:42.790000,0.0,6085,31206,6090,8203,6080,4651,6075,1799
2020-06-05 08:55:42.820000,0.0,6085,31206,6090,8203,6080,4601,6075,1799
2020-06-05 08:55:42.970000,0.0,6085,31206,6090,8203,6080,4602,6075,1799
2020-06-05 08:55:43.270000,0.0,6085,31206,6090,8203,6080,4602,6075,1799
2020-06-05 08:55:43.360000,0.0,6085,31206,6090,8203,6080,4602,6075,1799
2020-06-05 08:55:43.570000,0.0,6085,31206,6090,8203,6080,4602,6075,1799
2020-06-05 08:55:43.690000,0.0,6085,31206,6090,8203,6080,4702,6075,1799
2020-06-05 08:55:43.860000,0.0,6085,31206,6090,8203,6080,4702,6075,1799
2020-06-05 08:55:45.070000,0.0,6085,31206,6090,8203,6080,4702,6075,1799
2020-06-05 08:55:45.770000,0.0,6085,31206,6090,8203,6080,4702,6075,1799
2020-06-05 08:55:45.860000,0.0,6085,31206,6090,8203,6080,4702,6075,1799
2020-06-05 08:55:46.470000,0.0,6085,31206,6090,8203,6080,4702,6075,1799
2020-06-05 08:55:46.770000,0.0,6085,31206,6090,8203,6080,5202,6075,1799
2020-06-05 08:55:46.900000,0.0,6085,31206,6090,8203,6080,5202,6075,1799
2020-06-05 08:55:46.970000,0.0,6085,31206,6090,8203,6080,5202,6075,1799
2020-06-05 08:55:47.070000,0.0,6085,31206,6090,8203,6080,5202,6075,1799
2020-06-05 08:55:47.110000,0.0,6085,31206,6090,8203,6080,5202,6075,1799
2020-06-05 08:55:47.300000,0.0,6085,31206,6090,8203,6080,5202,6075,1799
2020-06-05 08:55:47.470000,0.0,6085,31206,6090,8203,6080,5202,6075,1799
2020-06-05 08:55:47.890000,0.0,6085,31206,6090,8203,6080,5201,6075,1799
2020-06-05 08:55:48.640000,0.0,6085,31206,6090,8203,6080,5281,6075,1799
2020-06-05 08:55:48.740000,0.0,6085,31206,6090,8203,6080,5281,6075,1799
2020-06-05 08:55:48.770000,0.0,6085,31206,6090,8203,6080,5291,6075,1799
2020-06-05 08:55:49.070000,0.0,6085,31206,6090,8203,6080,5291,6075,1799
2020-06-05 08:55:49.180000,0.0,6085,31206,6090,8203,6080,5291,6075,1799
2020-06-05 08:55:49.380000,0.0,6085,31206,6090,8203,6080,5291,6075,1799
2020-06-05 08:55:49.570000,0.0,6085,31206,6090,8203,6080,5291,6075,1799
2020-06-05 08:55:49.660000,0.0,6085,31206,6090,8203,6080,5291,6075,1799
2020-06-05 08:55:50.220000,0.0,6085,31206,6090,8203,6080,5291,6075,1799
2020-06-05 08:55:50.570000,0.0,6085,31206,6090,8203,6080,3891,6075,1799
2020-06-05 08:55:51.330000,0.0,6085,31206,6090,8203,6080,3891,6075,1799
2020-06-05 08:55:51.670000,0.0,6085,31206,6090,8203,6080,3891,6075,1799
2020-06-05 08:55:51.860000,0.0,6085,31206,6090,8203,6080,3891,6075,1799
2020-06-05 08:55:52.270000,0.0,6085,31206,6090,8203,6080,3891,6075,1799
2020-06-05 08:55:52.300000,0.0,6085,31206,6090,8203,6080,3891,6075,1799
2020-06-05 08:55:52.470000,0.0,6085,31206,6090,8203,6080,3891,6075,1799
2020-06-05 08:55:52.570000,0.0,6085,31206,6090,8203,6080,3891,6075,1799
2020-06-05 08:55:52.670000,0.0,6085,31206,6090,8203,6080,3891,6075,1799
2020-06-05 08:55:52.770000,0.0,6085,31206,6090,8203,6080,3891,6075,1799
2020-06-05 08:55:52.970000,0.0,6085,31206,6090,8203,6080,3890,6075,1799
2020-06-05 08:55:53.270000,0.0,6085,31206,6090,8203,6080,3890,6075,1799
2020-06-05 08:55:53.860000,0.0,6085,31206,6090,8203,6080,3890,6075,1799
2020-06-05 08:55:53.890000,0.0,6085,31206,6090,8203,6080,3890,6075,1799
2020-06-05 08:55:53.920000,0.0,6085,31206,6090,8203,6080,3890,6075,1799
2020-06-05 08:55:54.020000,0.0,6085,31206,6090,8203,6080,3890,6075,1799
2020-06-05 08:55:54.170000,0.0,6085,31206,6090,8203,6080,3890,6075,1799
2020-06-05 08:55:54.270000,0.0,6085,31206,6090,8203,6080,3890,6075,1799
2020-06-05 08:55:54.360000,0.0,6085,31206,6090,8203,6080,3890,6075,1799
2020-06-05 08:55:54.560000,0.0,6085,31206,6090,8203,6080,3889,6075,1799
2020-06-05 08:55:54.670000,0.0,6085,31206,6090,8203,6080,3889,6075,1799
2020-06-05 08:55:54.770000,0.0,6085,31206,6090,8203,6080,3889,6075,1799
