time,nav,sell1,sell1_cnt,sell2,sell2_cnt,buy1,buy1_cnt,buy2,buy2_cnt
2020-06-02 10:07:52.710000,0.0,6355,308537,6360,362991,6350,641275,6345,529965
2020-06-02 10:07:54.730000,0.0,6355,305307,6360,362991,6350,641265,6345,529965
2020-06-02 10:07:56.040000,0.0,6355,305307,6360,362991,6350,641255,6345,529965
2020-06-02 10:07:56.420000,0.0,6355,255312,6360,362991,6350,641755,6345,529965
2020-06-02 10:07:57.320000,6353.56,6355,255312,6360,362991,6350,641756,6345,529965
2020-06-02 10:07:57.790000,6354.7,6355,255312,6360,362991,6350,641446,6345,529965
2020-06-02 10:07:58.670000,6354.7,6355,255312,6360,362991,6350,641448,6345,529965
2020-06-02 10:07:59.030000,6354.7,6355,255312,6360,362991,6350,641348,6345,529965
2020-06-02 10:08:00.320000,6355.84,6355,255312,6360,377185,6350,641348,6345,529965
2020-06-02 10:08:01.090000,6355.84,6355,255312,6360,377185,6350,642989,6345,529965
2020-06-02 10:08:01.590000,6355.84,6355,255312,6360,377984,6350,642989,6345,529965
2020-06-02 10:08:02.170000,6355.84,6355,305307,6360,377984,6350,642989,6345,529965
2020-06-02 10:08:02.950000,6355.84,6355,305307,6360,377984,6350,642969,6345,529965
2020-06-02 10:08:03.320000,6355.84,6355,305307,6360,377984,6350,642989,6345,529966
2020-06-02 10:08:03.790000,6355.84,6355,255312,6360,377984,6350,643089,6345,529966
2020-06-02 10:08:04.380000,6355.84,6355,255312,6360,378184,6350,643089,6345,529966
2020-06-02 10:08:04.850000,6355.84,6355,255296,6360,378184,6350,643089,6345,529966
2020-06-02 10:08:05.350000,6355.84,6355,305291,6360,378184,6350,643089,6345,529966
2020-06-02 10:08:05.760000,6355.84,6355,305091,6360,378184,6350,643089,6345,529966
2020-06-02 10:08:06.200000,6355.84,6355,255096,6360,378184,6350,643289,6345,529966
2020-06-02 10:08:06.560000,6355.84,6355,254096,6360,378184,6350,643367,6345,529966
2020-06-02 10:08:07.030000,6355.84,6355,254084,6360,378184,6350,643367,6345,529966
2020-06-02 10:08:07.600000,6353.56,6355,307309,6360,378184,6350,643367,6345,529966
2020-06-02 10:08:08.430000,6354.67,6355,307309,6360,379184,6350,644367,6345,529966
2020-06-02 10:08:09.150000,6354.67,6355,307308,6360,383184,6350,580350,6345,593992
2020-06-02 10:08:09.810000,6354.67,6355,307308,6360,383184,6350,580350,6345,593992
2020-06-02 10:08:10.170000,6353.5,6355,307308,6360,383184,6350,580353,6345,593992
2020-06-02 10:08:10.430000,6353.5,6355,307308,6360,383184,6350,580353,6345,594992
2020-06-02 10:08:10.730000,6353.5,6355,307293,6360,383234,6350,580367,6345,594992
2020-06-02 10:08:11.540000,6353.5,6355,307293,6360,383334,6350,580367,6345,594992
2020-06-02 10:08:12.460000,6353.5,6355,291672,6360,383334,6350,580367,6345,594992
2020-06-02 10:08:12.990000,6353.5,6355,291671,6360,383334,6350,580367,6345,594992
2020-06-02 10:08:13.290000,6353.5,6355,291671,6360,383334,6350,580347,6345,595007
2020-06-02 10:08:13.860000,6353.5,6355,291671,6360,383334,6350,580367,6345,595007
2020-06-02 10:08:14.920000,6353.5,6355,291671,6360,383334,6350,580367,6345,595007
2020-06-02 10:08:15.290000,6353.5,6355,291671,6360,383334,6350,644393,6345,530981
2020-06-02 10:08:16.140000,6353.5,6355,291671,6360,383334,6350,644393,6345,530981
2020-06-02 10:08:16.560000,6353.5,6355,238446,6360,383334,6350,644393,6345,530981
2020-06-02 10:08:17.120000,6352.36,6355,288441,6360,383334,6350,644594,6345,530981
2020-06-02 10:08:18.400000,6353.53,6355,288441,6360,383334,6350,644594,6345,530982
2020-06-02 10:08:18.930000,6354.67,6355,288441,6360,383344,6350,644594,6345,530982
2020-06-02 10:08:19.530000,6354.67,6355,288441,6360,383344,6350,644604,6345,530982
2020-06-02 10:08:20.280000,6354.67,6355,288441,6360,383344,6350,645547,6345,530982
2020-06-02 10:08:20.980000,6354.67,6355,288441,6360,383344,6350,645818,6345,530982
2020-06-02 10:08:21.710000,6354.67,6355,288431,6360,383344,6350,645818,6345,530982
2020-06-02 10:08:22.140000,6354.67,6355,288431,6360,383344,6350,645808,6345,530982
2020-06-02 10:08:22.930000,6354.67,6355,288431,6360,383344,6350,645818,6345,530982
2020-06-02 10:08:23.760000,6354.67,6355,288431,6360,383344,6350,645819,6345,530982
2020-06-02 10:08:24.120000,6354.67,6355,288431,6360,383344,6350,645819,6345,530982
2020-06-02 10:08:25.060000,6354.67,6355,288431,6360,383344,6350,645819,6345,530982
2020-06-02 10:08:25.340000,6354.67,6355,288231,6360,383344,6350,645819,6345,530982
2020-06-02 10:08:26.100000,6354.67,6355,288231,6360,383344,6350,581747,6345,595008
2020-06-02 10:08:26.260000,6354.67,6355,291461,6360,383344,6350,481583,6345,595008
2020-06-02 10:08:27.170000,6354.67,6355,291461,6360,383344,6350,481203,6345,595008
2020-06-02 10:08:27.310000,6354.67,6355,291461,6360,383344,6350,481203,6345,595008
2020-06-02 10:08:27.400000,6353.53,6355,291451,6360,383344,6350,481203,6345,595008
2020-06-02 10:08:28.320000,6353.53,6355,291451,6360,383344,6350,481208,6345,595008
2020-06-02 10:08:29.520000,6353.53,6355,291451,6360,383344,6350,481188,6345,595008
2020-06-02 10:08:30.320000,6352.39,6355,291241,6360,383344,6350,481188,6345,595008
2020-06-02 10:08:30.510000,6352.39,6355,291241,6360,383344,6350,481189,6345,595008
2020-06-02 10:08:31.900000,6352.39,6355,291241,6360,382844,6350,481189,6345,595008
2020-06-02 10:08:32.480000,6352.39,6355,291241,6360,382844,6350,477959,6345,595008
2020-06-02 10:08:33.700000,6352.39,6355,288011,6360,382844,6350,645215,6345,530982
2020-06-02 10:08:34.570000,6352.39,6355,288011,6360,382844,6350,645215,6345,530980
2020-06-02 10:08:35.050000,6352.39,6355,290426,6360,382844,6350,581189,6345,595006
2020-06-02 10:08:35.600000,6352.39,6355,290426,6360,382844,6350,581289,6345,595006
2020-06-02 10:08:35.900000,6352.39,6355,290426,6360,382844,6350,581289,6345,595006
2020-06-02 10:08:36.620000,6352.39,6355,290426,6360,382844,6350,581289,6345,628440
2020-06-02 10:08:36.870000,6352.39,6355,290426,6360,382844,6350,593438,6345,628440
2020-06-02 10:08:37.050000,6352.39,6355,290426,6360,382844,6350,593438,6345,628440
2020-06-02 10:08:37.460000,6353.5,6355,290426,6360,378844,6350,657465,6345,564414
2020-06-02 10:08:37.870000,6353.5,6355,290426,6360,378844,6350,657470,6345,564414
2020-06-02 10:08:38.190000,6353.5,6355,290426,6360,378844,6350,657670,6345,564414
2020-06-02 10:08:38.790000,6353.5,6355,290426,6360,378844,6350,657670,6345,564914
2020-06-02 10:08:38.930000,6353.5,6355,290426,6360,378844,6350,672250,6345,564914
2020-06-02 10:08:39.930000,6353.5,6355,290426,6360,378844,6350,608224,6345,628940
2020-06-02 10:08:40.410000,6353.5,6355,290426,6360,378844,6350,607224,6345,629940
2020-06-02 10:08:41.540000,6353.5,6355,290426,6360,378844,6350,671270,6345,565914
2020-06-02 10:08:41.740000,6353.5,6355,290426,6360,378844,6350,671270,6345,565914
2020-06-02 10:08:42.400000,6353.5,6355,290416,6360,378844,6350,671270,6345,565914
2020-06-02 10:08:42.540000,6353.5,6355,290416,6360,378844,6350,607244,6345,629940
2020-06-02 10:08:42.750000,6353.5,6355,290416,6360,378844,6350,608259,6345,629940
2020-06-02 10:08:43.470000,6353.5,6355,290416,6360,378844,6350,608264,6345,629940
2020-06-02 10:08:43.610000,6353.5,6355,290416,6360,378844,6350,608964,6345,629941
2020-06-02 10:08:44.000000,6353.5,6355,290416,6360,378844,6350,672990,6345,565915
2020-06-02 10:08:44.330000,6353.5,6355,290416,6360,378844,6350,672970,6345,565915
2020-06-02 10:08:44.830000,6353.5,6355,290416,6360,378844,6350,672970,6345,565915
2020-06-02 10:08:45.630000,6353.5,6355,290416,6360,378844,6350,608944,6345,629941
2020-06-02 10:08:46.070000,6353.5,6355,290416,6360,378844,6350,608945,6345,629941
2020-06-02 10:08:46.430000,6353.5,6355,290416,6360,378844,6350,610945,6345,629941
2020-06-02 10:08:46.860000,6353.5,6355,290416,6360,378844,6350,674971,6345,565915
2020-06-02 10:08:47.710000,6353.5,6355,290403,6360,378844,6350,675271,6345,565915
2020-06-02 10:08:48.070000,6353.53,6355,287988,6360,378844,6350,675271,6345,565915
2020-06-02 10:08:48.710000,6353.53,6355,287988,6360,378844,6350,675271,6345,565915
2020-06-02 10:08:48.920000,6353.53,6355,237993,6360,378844,6350,675271,6345,565920
2020-06-02 10:08:49.460000,6353.5,6355,237993,6360,378844,6350,675271,6345,565920
2020-06-02 10:08:49.920000,6354.7,6355,237993,6360,378844,6350,675271,6345,565921
2020-06-02 10:08:50.780000,6354.7,6355,237993,6360,378844,6350,675585,6345,565921
2020-06-02 10:08:50.970000,6354.7,6355,220089,6360,396748,6350,675585,6345,565921
2020-06-02 10:08:51.360000,6354.7,6355,220089,6360,396748,6350,675585,6345,565921
2020-06-02 10:08:51.630000,6354.7,6355,220089,6360,397048,6350,675585,6345,565921
2020-06-02 10:08:52.470000,6354.7,6355,220089,6360,397048,6350,675595,6345,565921
2020-06-02 10:08:52.630000,6354.7,6355,220089,6360,397048,6350,675595,6345,565921
2020-06-02 10:08:53.190000,6354.7,6355,270084,6360,397048,6350,675928,6345,565936
2020-06-02 10:08:54.030000,6354.7,6355,270084,6360,397048,6350,675948,6345,565936
2020-06-02 10:08:54.200000,6354.7,6355,271601,6360,397048,6350,675947,6345,565936
2020-06-02 10:08:54.500000,6354.7,6355,271551,6360,397048,6350,675947,6345,565936
2020-06-02 10:08:55.130000,6354.7,6355,271551,6360,397048,6350,676418,6345,565936
2020-06-02 10:08:55.330000,6354.7,6355,271551,6360,397048,6350,676420,6345,565936
2020-06-02 10:08:56.110000,6354.7,6355,221556,6360,397048,6350,676220,6345,565936
2020-06-02 10:08:56.520000,6354.7,6355,221556,6360,397048,6350,676220,6345,565865
2020-06-02 10:08:58.030000,6353.53,6355,11808,6360,473033,6350,676210,6345,565865
2020-06-02 10:08:58.450000,6353.53,6360,473033,6365,617151,6355,10730,6350,676210
2020-06-02 10:08:59.400000,6354.7,6360,473033,6365,617151,6355,3230,6350,676210
2020-06-02 10:08:59.950000,6355.87,6355,107585,6360,397048,6350,676210,6345,565865
2020-06-02 10:09:00.350000,6355.87,6355,209248,6360,397048,6350,676210,6345,565865
2020-06-02 10:09:01.340000,6355.87,6355,209248,6360,397048,6350,677210,6345,566198
2020-06-02 10:09:01.930000,6355.87,6355,262002,6360,397068,6350,677210,6345,566198
2020-06-02 10:09:02.930000,6355.87,6355,262002,6360,397268,6350,677211,6345,566198
2020-06-02 10:09:03.230000,6355.87,6355,262001,6360,397268,6350,677211,6345,566198
2020-06-02 10:09:04.120000,6355.87,6355,262001,6360,403268,6350,677211,6345,566198
2020-06-02 10:09:04.590000,6355.87,6355,262001,6360,403268,6350,677211,6345,566198
2020-06-02 10:09:05.140000,6355.87,6355,261801,6360,403268,6350,677211,6345,566200
2020-06-02 10:09:05.590000,6355.87,6355,261801,6360,403268,6350,677211,6345,566200
2020-06-02 10:09:06.120000,6355.87,6355,259837,6360,403268,6350,677211,6345,566201
2020-06-02 10:09:08.090000,6354.73,6355,259837,6360,403268,6350,677211,6345,566201
2020-06-02 10:09:09.090000,6354.73,6355,259837,6360,406718,6350,677211,6345,566201
2020-06-02 10:09:10.020000,6354.73,6355,259837,6360,406718,6350,677231,6345,566201
2020-06-02 10:09:10.400000,6354.73,6355,259826,6360,406718,6350,677231,6345,566201
2020-06-02 10:09:11.120000,6354.73,6355,259826,6360,406718,6350,677231,6345,566201
2020-06-02 10:09:11.230000,6354.73,6355,259826,6360,406718,6350,681731,6345,566201
2020-06-02 10:09:11.730000,6354.73,6355,259826,6360,406718,6350,681531,6345,566201
2020-06-02 10:09:12.520000,6354.73,6355,259826,6360,406818,6350,681531,6345,566201
2020-06-02 10:09:12.900000,6354.73,6355,259824,6360,406818,6350,681531,6345,566221
2020-06-02 10:09:14.020000,6354.73,6355,259824,6360,407018,6350,681531,6345,566221
2020-06-02 10:09:15.200000,6354.73,6355,209829,6360,407018,6350,681198,6345,566221
2020-06-02 10:09:15.630000,6354.73,6355,209882,6360,407018,6350,681198,6345,566221
2020-06-02 10:09:16.380000,6354.73,6355,209882,6360,407018,6350,681198,6345,566221
2020-06-02 10:09:17.540000,6354.73,6355,1353,6360,481779,6350,681218,6345,566221
2020-06-02 10:09:17.790000,6354.73,6355,201877,6360,407018,6350,681218,6345,566221
2020-06-02 10:09:18.260000,6354.73,6355,201877,6360,407018,6350,681218,6345,566221
2020-06-02 10:09:19.160000,6354.7,6355,201170,6360,407018,6350,681218,6345,566221
2020-06-02 10:09:19.410000,6355.84,6355,251165,6360,407018,6350,681218,6345,566221
2020-06-02 10:09:19.680000,6354.67,6355,251165,6360,407018,6350,681218,6345,566221
2020-06-02 10:09:20.050000,6354.67,6355,251168,6360,407015,6350,682576,6345,566221
2020-06-02 10:09:20.290000,6354.67,6355,251168,6360,407015,6350,682576,6345,566221
2020-06-02 10:09:21.110000,6354.67,6355,199959,6360,407015,6350,682586,6345,566221
2020-06-02 10:09:22.520000,6354.67,6355,199959,6360,407015,6350,682586,6345,566321
2020-06-02 10:09:22.900000,6354.67,6355,199939,6360,407015,6350,682586,6345,566321
2020-06-02 10:09:23.710000,6354.67,6355,249934,6360,407015,6350,682596,6345,566321
2020-06-02 10:09:23.970000,6354.67,6355,246934,6360,407015,6350,682596,6345,566321
2020-06-02 10:09:24.220000,6354.67,6355,246933,6360,407015,6350,682596,6345,566321
2020-06-02 10:09:24.600000,6354.67,6355,246733,6360,407015,6350,682596,6345,566321
2020-06-02 10:09:25.960000,6354.67,6355,246733,6360,407015,6350,682596,6345,566321
2020-06-02 10:09:26.250000,6354.67,6355,246733,6360,407015,6350,682606,6345,566321
2020-06-02 10:09:26.600000,6354.67,6355,246733,6360,407015,6350,682607,6345,566321
2020-06-02 10:09:27.350000,6354.67,6355,249963,6360,407015,6350,619368,6345,630347
2020-06-02 10:09:27.890000,6354.7,6355,249963,6360,407015,6350,619468,6345,630347
2020-06-02 10:09:28.490000,6354.7,6355,249963,6360,407015,6350,619468,6345,630348
2020-06-02 10:09:29.550000,6353.53,6355,249963,6360,407015,6350,619468,6345,630348
2020-06-02 10:09:29.800000,6353.53,6355,249953,6360,407015,6350,619468,6345,630348
2020-06-02 10:09:32.520000,6353.53,6355,250953,6360,407015,6350,619468,6345,630348
2020-06-02 10:09:32.690000,6353.53,6355,250953,6360,407015,6350,619398,6345,630348
2020-06-02 10:09:35.130000,6353.53,6355,252953,6360,407015,6350,619398,6345,630348
2020-06-02 10:09:36.800000,6352.39,6355,252953,6360,407015,6350,619398,6345,630353
2020-06-02 10:09:37.440000,6352.39,6355,252839,6360,407015,6350,617757,6345,630353
2020-06-02 10:09:38.410000,6352.36,6355,252839,6360,407015,6350,617757,6345,630358
2020-06-02 10:09:38.550000,6352.36,6355,252839,6360,407015,6350,617757,6345,630358
2020-06-02 10:09:38.920000,6352.36,6355,252839,6360,407015,6350,496788,6345,666048
2020-06-02 10:09:39.410000,6352.36,6355,252839,6360,407015,6350,496798,6345,666048
2020-06-02 10:09:41.010000,6352.36,6355,252839,6360,407015,6350,614537,6345,630358
2020-06-02 10:09:42.050000,6352.36,6355,252839,6360,407115,6350,614537,6345,630358
2020-06-02 10:09:43.610000,6352.36,6355,252839,6360,407115,6350,614537,6345,630358
2020-06-02 10:09:43.780000,6352.36,6355,252839,6360,407115,6350,614517,6345,630358
2020-06-02 10:09:43.940000,6352.36,6355,252839,6360,407115,6350,614529,6345,630358
2020-06-02 10:09:44.030000,6352.36,6355,252839,6360,407115,6350,614639,6345,630358
2020-06-02 10:09:44.200000,6352.36,6355,252839,6360,407115,6350,614649,6345,630358
2020-06-02 10:09:44.730000,6352.36,6355,252839,6360,407115,6350,614982,6345,630358
2020-06-02 10:09:45.060000,6352.36,6355,252839,6360,407115,6350,497243,6345,666048
2020-06-02 10:09:47.420000,6352.36,6355,252839,6360,407115,6350,614982,6345,630358
2020-06-02 10:09:47.760000,6352.36,6355,252839,6360,407115,6350,615082,6345,630358
2020-06-02 10:09:49.230000,6352.36,6355,252839,6360,407115,6350,615082,6345,630363
2020-06-02 10:09:49.970000,6353.5,6355,252839,6360,407115,6350,615092,6345,630363
2020-06-02 10:09:50.450000,6353.5,6355,252839,6360,407115,6350,533043,6345,630363
2020-06-02 10:09:50.950000,6353.5,6355,252839,6360,407115,6350,497353,6345,666053
2020-06-02 10:09:51.460000,6353.5,6355,252839,6360,407115,6350,497353,6345,666063
2020-06-02 10:09:52.030000,6353.5,6355,252839,6360,407115,6350,615092,6345,630373
2020-06-02 10:09:52.790000,6353.5,6355,252839,6360,407115,6350,615108,6345,630376
2020-06-02 10:09:53.700000,6353.5,6355,252839,6360,407115,6350,616108,6345,630376
2020-06-02 10:09:53.850000,6353.5,6355,252839,6360,407115,6350,498370,6345,666066
2020-06-02 10:09:54.700000,6353.5,6355,252839,6360,407115,6350,498370,6345,666066
2020-06-02 10:09:54.890000,6353.5,6355,252839,6360,407115,6350,497370,6345,666066
2020-06-02 10:09:55.090000,6353.5,6355,252839,6360,407115,6350,497589,6345,666066
2020-06-02 10:09:55.460000,6353.5,6355,252839,6360,407115,6350,497589,6345,666066
2020-06-02 10:09:56.260000,6353.5,6355,255097,6360,407115,6350,497589,6345,666066
2020-06-02 10:09:57.310000,6352.36,6355,255097,6360,407115,6350,615328,6345,630376
2020-06-02 10:09:57.510000,6352.36,6355,255097,6360,407115,6350,615328,6345,630376
2020-06-02 10:09:58.850000,6352.36,6355,255097,6360,407115,6350,615329,6345,630386
2020-06-02 10:09:59.070000,6352.36,6355,255097,6360,407115,6350,615339,6345,630386
2020-06-02 10:09:59.960000,6353.5,6355,255097,6360,407115,6350,615339,6345,630396
2020-06-02 10:10:00.910000,6353.5,6355,255097,6360,407115,6350,579649,6345,666086
2020-06-02 10:10:01.200000,6353.5,6355,253097,6360,407115,6350,497600,6345,666086
2020-06-02 10:10:02.150000,6353.5,6355,253097,6360,407115,6350,615339,6345,630669
2020-06-02 10:10:03.010000,6353.5,6355,253097,6360,407115,6350,615339,6345,630670
2020-06-02 10:10:03.430000,6353.5,6355,253097,6360,407115,6350,497600,6345,666360
2020-06-02 10:10:04.550000,6353.5,6355,253097,6360,407115,6350,497963,6345,666360
2020-06-02 10:10:04.620000,6353.5,6355,253097,6360,407115,6350,497963,6345,666359
2020-06-02 10:10:04.820000,6353.5,6355,253097,6360,407115,6350,497963,6345,666360
2020-06-02 10:10:06.900000,6352.36,6355,253097,6360,407115,6350,497963,6345,666360
2020-06-02 10:10:07.130000,6352.36,6355,253085,6360,407115,6350,497963,6345,666360
2020-06-02 10:10:07.820000,6351.19,6355,253085,6360,407115,6350,498013,6345,666360
2020-06-02 10:10:07.880000,6351.19,6355,253085,6360,407115,6350,498013,6345,666360
2020-06-02 10:10:08.220000,6352.33,6355,253085,6360,407115,6350,398013,6345,666360
2020-06-02 10:10:08.600000,6352.33,6355,253085,6360,407115,6350,398929,6345,666360
2020-06-02 10:10:09.490000,6352.33,6355,253085,6360,407115,6350,398929,6345,666360
2020-06-02 10:10:10.460000,6352.33,6355,253085,6360,407115,6350,398942,6345,666360
2020-06-02 10:10:10.690000,6352.33,6355,253085,6360,407115,6350,398942,6345,666360
2020-06-02 10:10:11.600000,6352.33,6355,253085,6360,407115,6350,399042,6345,666360
2020-06-02 10:10:11.820000,6352.33,6355,253085,6360,407115,6350,399132,6345,666360
2020-06-02 10:10:12.500000,6352.33,6355,253085,6360,407115,6350,399132,6345,666460
2020-06-02 10:10:12.720000,6352.33,6355,253085,6360,407115,6350,520101,6345,630770
2020-06-02 10:10:13.050000,6352.33,6355,253080,6360,407115,6350,539301,6345,630884
2020-06-02 10:10:13.690000,6352.33,6355,253080,6360,407115,6350,539311,6345,630884
2020-06-02 10:10:14.660000,6352.33,6355,253080,6360,407115,6350,539312,6345,630884
2020-06-02 10:10:14.930000,6352.33,6355,253080,6360,407115,6350,539312,6345,630884
2020-06-02 10:10:16.160000,6352.33,6355,249850,6360,407115,6350,703838,6345,566858
2020-06-02 10:10:16.600000,6352.36,6355,249850,6360,407115,6350,703838,6345,566858
2020-06-02 10:10:17.020000,6352.36,6355,253080,6360,407115,6350,539812,6345,630884
2020-06-02 10:10:17.830000,6352.36,6355,253080,6360,407115,6350,539812,6345,630894
2020-06-02 10:10:18.100000,6352.36,6355,253080,6360,407115,6350,539812,6345,630894
2020-06-02 10:10:19.030000,6352.36,6355,253080,6360,407115,6350,539812,6345,630894
2020-06-02 10:10:19.330000,6352.36,6355,253080,6360,407115,6350,539812,6345,630895
2020-06-02 10:10:19.600000,6352.36,6355,253080,6360,407115,6350,539812,6345,630895
2020-06-02 10:10:19.920000,6352.36,6355,253075,6360,407115,6350,539812,6345,630895
2020-06-02 10:10:20.330000,6352.36,6355,253075,6360,407115,6350,539812,6345,630895
2020-06-02 10:10:20.670000,6352.36,6355,253075,6360,407115,6350,703838,6345,566869
2020-06-02 10:10:21.530000,6352.36,6355,253075,6360,407115,6350,703838,6345,566869
2020-06-02 10:10:21.720000,6352.36,6355,249845,6360,407115,6350,703838,6345,566869
2020-06-02 10:10:21.780000,6352.36,6355,249845,6360,407115,6350,704038,6345,566869
2020-06-02 10:10:22.550000,6352.36,6355,249845,6360,407115,6350,704038,6345,566874
2020-06-02 10:10:22.920000,6352.36,6355,249845,6360,407115,6350,704038,6345,566874
2020-06-02 10:10:23.640000,6352.36,6355,249845,6360,407115,6350,640012,6345,630900
2020-06-02 10:10:23.920000,6352.36,6355,249845,6360,407115,6350,640012,6345,630900
2020-06-02 10:10:25.300000,6352.36,6355,249845,6360,407115,6350,638312,6345,630900
2020-06-02 10:10:25.630000,6352.36,6355,249844,6360,407115,6350,702338,6345,566874
2020-06-02 10:10:26.060000,6352.36,6355,249744,6360,407115,6350,702338,6345,566874
2020-06-02 10:10:26.450000,6352.36,6355,249744,6360,407115,6350,638312,6345,630900
2020-06-02 10:10:26.750000,6353.53,6355,249744,6360,407115,6350,638312,6345,630900
2020-06-02 10:10:27.030000,6353.53,6355,249745,6360,407115,6350,638312,6345,630900
2020-06-02 10:10:27.860000,6353.53,6355,249745,6360,407116,6350,638312,6345,630900
2020-06-02 10:10:28.170000,6353.53,6355,249745,6360,407116,6350,638212,6345,630900
2020-06-02 10:10:28.870000,6353.53,6355,249745,6360,407116,6350,702238,6345,566874
2020-06-02 10:10:29.220000,6353.53,6355,249745,6360,407116,6350,638212,6345,630900
2020-06-02 10:10:30.090000,6353.53,6355,252446,6360,407116,6350,638212,6345,630900
2020-06-02 10:10:30.830000,6353.53,6355,252446,6360,407116,6350,638212,6345,630930
2020-06-02 10:10:32.700000,6353.53,6355,252445,6360,407116,6350,638302,6345,630930
2020-06-02 10:10:33.590000,6353.53,6355,252445,6360,407116,6350,638302,6345,630935
2020-06-02 10:10:33.620000,6353.53,6355,252445,6360,407116,6350,638302,6345,630935
2020-06-02 10:10:33.730000,6353.53,6355,249739,6360,407116,6350,702328,6345,566909
2020-06-02 10:10:34.420000,6353.53,6355,249739,6360,438226,6350,702326,6345,566909
2020-06-02 10:10:35.190000,6353.53,6355,249729,6360,438226,6350,702326,6345,566909
2020-06-02 10:10:35.220000,6353.53,6355,249529,6360,438226,6350,702326,6345,566909
2020-06-02 10:10:35.500000,6353.53,6355,249529,6360,438226,6350,702426,6345,566909
2020-06-02 10:10:36.250000,6353.53,6355,249529,6360,438226,6350,702526,6345,566909
2020-06-02 10:10:36.730000,6352.36,6355,249529,6360,438226,6350,702546,6345,566909
2020-06-02 10:10:37.820000,6353.5,6355,249529,6360,438226,6350,702556,6345,566909
2020-06-02 10:10:41.090000,6353.5,6355,249529,6360,438226,6350,702556,6345,566909
2020-06-02 10:10:42.060000,6353.5,6355,249529,6360,438226,6350,702556,6345,566909
2020-06-02 10:10:42.140000,6353.5,6355,249529,6360,438226,6350,702586,6345,566909
2020-06-02 10:10:42.200000,6353.5,6355,249329,6360,438226,6350,702587,6345,566909
2020-06-02 10:10:42.500000,6353.5,6355,249319,6360,438226,6350,702587,6345,566909
2020-06-02 10:10:44.840000,6353.5,6355,249318,6360,438226,6350,702587,6345,566909
2020-06-02 10:10:45.090000,6353.5,6355,249318,6360,438226,6350,704228,6345,566909
2020-06-02 10:10:45.850000,6353.5,6355,249318,6360,440226,6350,703995,6345,566576
2020-06-02 10:10:46.810000,6353.5,6355,247318,6360,440226,6350,703995,6345,566576
2020-06-02 10:10:46.990000,6353.5,6355,247313,6360,440226,6350,703995,6345,566576
2020-06-02 10:10:47.930000,6353.5,6355,247315,6360,440226,6350,703795,6345,566576
2020-06-02 10:10:48.010000,6353.5,6355,247215,6360,440226,6350,703795,6345,566776
2020-06-02 10:10:48.850000,6353.5,6355,248724,6360,440226,6350,703705,6345,566776
2020-06-02 10:10:49.020000,6353.53,6355,248724,6360,440226,6350,696406,6345,566776
2020-06-02 10:10:49.400000,6353.53,6355,248719,6360,440226,6350,696406,6345,566776
2020-06-02 10:10:50.230000,6353.53,6355,248719,6360,440226,6350,696416,6345,566776
2020-06-02 10:10:52.400000,6353.53,6355,248719,6360,440226,6350,696416,6345,566776
2020-06-02 10:10:54.090000,6353.53,6355,248719,6360,440226,6350,696416,6345,566676
2020-06-02 10:10:54.600000,6353.53,6355,248709,6360,440226,6350,696416,6345,566676
2020-06-02 10:10:56.430000,6353.53,6355,251939,6360,440226,6350,696416,6345,566676
2020-06-02 10:10:57.270000,6353.53,6355,252079,6360,440226,6350,632390,6345,630702
2020-06-02 10:10:58.290000,6353.5,6355,252079,6360,440226,6350,632390,6345,630702
2020-06-02 10:10:58.910000,6353.5,6355,252183,6360,440226,6350,632390,6345,630702
2020-06-02 10:10:59.260000,6353.5,6355,252183,6360,440226,6350,632390,6345,630702
2020-06-02 10:10:59.660000,6352.36,6355,252083,6360,440226,6350,632390,6345,630702
2020-06-02 10:11:00.430000,6352.36,6355,252083,6360,440226,6350,696416,6345,566706
2020-06-02 10:11:00.960000,6352.36,6355,251983,6360,445226,6350,696416,6345,568706
2020-06-02 10:11:02.220000,6352.36,6355,251983,6360,445226,6350,698416,6345,568706
2020-06-02 10:11:03.070000,6352.36,6355,251983,6360,445226,6350,698466,6345,568706
2020-06-02 10:11:03.180000,6352.36,6355,251983,6360,445226,6350,698466,6345,568706
2020-06-02 10:11:05.100000,6352.36,6355,246753,6360,445226,6350,698466,6345,568706
2020-06-02 10:11:05.210000,6352.36,6355,246653,6360,445226,6350,698466,6345,568706
2020-06-02 10:11:06.690000,6352.36,6355,246653,6360,445226,6350,698366,6345,568706
2020-06-02 10:11:06.800000,6353.53,6355,246653,6360,445226,6350,698366,6345,568706
2020-06-02 10:11:07.720000,6353.53,6355,246651,6360,445226,6350,698366,6345,568706
2020-06-02 10:11:07.860000,6353.53,6355,246651,6360,445226,6350,698386,6345,568706
2020-06-02 10:11:09.190000,6353.53,6355,246651,6360,445226,6350,698386,6345,571706
2020-06-02 10:11:10.300000,6353.53,6355,246551,6360,445226,6350,698383,6345,571706
2020-06-02 10:11:10.860000,6353.53,6355,246551,6360,445226,6350,698435,6345,571706
2020-06-02 10:11:11.220000,6353.53,6355,246451,6360,445226,6350,698435,6345,571706
2020-06-02 10:11:12.720000,6353.53,6355,246451,6360,445226,6350,698335,6345,571706
2020-06-02 10:11:13.990000,6353.53,6355,246431,6360,445226,6350,698335,6345,571706
2020-06-02 10:11:15.090000,6353.53,6355,246331,6360,445226,6350,698336,6345,571706
2020-06-02 10:11:15.700000,6353.53,6355,196179,6360,445226,6350,698336,6345,571706
2020-06-02 10:11:16.700000,6353.53,6355,196179,6360,445226,6350,698336,6345,571706
2020-06-02 10:11:17.010000,6353.53,6355,196079,6360,445226,6350,698336,6345,571706
2020-06-02 10:11:18.260000,6354.7,6355,196079,6360,445226,6350,698336,6345,571707
2020-06-02 10:11:19.430000,6354.7,6355,195779,6360,445226,6350,698336,6345,571707
2020-06-02 10:11:19.820000,6354.7,6355,195770,6360,445226,6350,698336,6345,571707
2020-06-02 10:11:20.260000,6354.7,6355,195770,6360,445226,6350,698636,6345,571707
2020-06-02 10:11:20.490000,6354.7,6355,195760,6360,445226,6350,698636,6345,571707
2020-06-02 10:11:21.210000,6354.7,6355,195759,6360,445226,6350,698636,6345,571707
2020-06-02 10:11:22.230000,6354.7,6355,195659,6360,445226,6350,698636,6345,571707
2020-06-02 10:11:23.010000,6354.7,6355,248984,6360,445226,6350,698636,6345,571707
2020-06-02 10:11:23.260000,6354.7,6355,248984,6360,446726,6350,698636,6345,571707
2020-06-02 10:11:24.080000,6354.7,6355,248984,6360,446726,6350,693693,6345,571707
2020-06-02 10:11:24.320000,6354.7,6355,248984,6360,446726,6350,629667,6345,635733
2020-06-02 10:11:24.520000,6354.7,6355,255984,6360,446726,6350,629667,6345,635733
2020-06-02 10:11:26.400000,6354.7,6355,255934,6360,446726,6350,629667,6345,635733
2020-06-02 10:11:26.690000,6355.84,6355,255934,6360,446726,6350,629667,6345,635753
2020-06-02 10:11:27.330000,6354.7,6355,255924,6360,446726,6350,629667,6345,635753
2020-06-02 10:11:27.900000,6353.53,6355,255924,6360,446726,6350,629667,6345,635756
2020-06-02 10:11:28.820000,6352.39,6355,255924,6360,446726,6350,629667,6345,635756
2020-06-02 10:11:29.020000,6352.39,6355,255924,6360,446756,6350,631667,6345,635756
2020-06-02 10:11:29.400000,6352.39,6355,255924,6360,446756,6350,632667,6345,635756
2020-06-02 10:11:30.300000,6352.36,6355,255924,6360,446756,6350,632768,6345,635756
2020-06-02 10:11:31.540000,6352.36,6355,255954,6360,446756,6350,632768,6345,635756
2020-06-02 10:11:32.530000,6352.36,6355,252724,6360,446756,6350,696794,6345,571730
2020-06-02 10:11:32.890000,6352.36,6355,252724,6360,446756,6350,632768,6345,635755
2020-06-02 10:11:33.360000,6352.36,6355,252724,6360,446756,6350,696794,6345,571729
2020-06-02 10:11:34.330000,6352.36,6355,252724,6360,446756,6350,696794,6345,571729
2020-06-02 10:11:35.220000,6352.36,6355,252724,6360,446756,6350,696794,6345,571729
2020-06-02 10:11:35.630000,6352.36,6355,252724,6360,446756,6350,696794,6345,571729
2020-06-02 10:11:36.300000,6352.36,6355,253221,6360,446756,6350,696794,6345,571729
2020-06-02 10:11:38.250000,6353.5,6355,253221,6360,446756,6350,632768,6345,635755
2020-06-02 10:11:38.750000,6353.5,6355,253358,6360,446756,6350,696794,6345,571729
2020-06-02 10:11:39.830000,6353.5,6355,253358,6360,446756,6350,696794,6345,571729
2020-06-02 10:11:40.250000,6353.5,6355,248358,6360,446756,6350,696794,6345,571729
2020-06-02 10:11:40.500000,6353.5,6355,248358,6360,446756,6350,696794,6345,571732
2020-06-02 10:11:41.080000,6353.5,6355,248358,6360,446756,6350,696794,6345,571737
2020-06-02 10:11:41.390000,6353.53,6355,248358,6360,446756,6350,696844,6345,571737
2020-06-02 10:11:41.890000,6353.53,6355,248358,6360,449412,6350,696894,6345,571737
2020-06-02 10:11:43.170000,6353.53,6355,248358,6360,449412,6350,696895,6345,571737
2020-06-02 10:11:43.500000,6353.53,6355,248358,6360,449412,6350,696895,6345,571737
2020-06-02 10:11:44.220000,6353.53,6355,248358,6360,449412,6350,696895,6345,571737
2020-06-02 10:11:46.160000,6353.53,6355,248308,6360,449412,6350,696895,6345,571737
2020-06-02 10:11:47.330000,6353.53,6355,198313,6360,449412,6350,696895,6345,571737
2020-06-02 10:11:47.470000,6353.53,6355,248308,6360,449412,6350,696895,6345,571737
2020-06-02 10:11:48.500000,6353.53,6355,246599,6360,449412,6350,632869,6345,635763
2020-06-02 10:11:48.750000,6354.7,6355,246536,6360,449412,6350,632869,6345,635763
2020-06-02 10:11:49.950000,6353.5,6355,246536,6360,449412,6350,632869,6345,635763
2020-06-02 10:11:51.010000,6353.5,6355,246536,6360,449412,6350,515130,6345,671453
2020-06-02 10:11:51.250000,6353.5,6355,246537,6360,449412,6350,632874,6345,635763
2020-06-02 10:11:52.260000,6353.5,6355,246537,6360,449412,6350,632784,6345,635763
2020-06-02 10:11:53.530000,6353.5,6355,246537,6360,449412,6350,632784,6345,635763
2020-06-02 10:11:54.610000,6353.5,6355,246537,6360,449412,6350,632784,6345,635763
2020-06-02 10:11:54.780000,6353.5,6355,243307,6360,449412,6350,696810,6345,571737
2020-06-02 10:11:55.120000,6353.5,6355,193312,6360,449412,6350,696810,6345,571737
2020-06-02 10:11:55.650000,6353.5,6355,213322,6360,449412,6350,696810,6345,571737
2020-06-02 10:11:56.840000,6353.5,6355,213312,6360,449412,6350,696810,6345,571737
2020-06-02 10:11:57.730000,6353.5,6355,213312,6360,449412,6350,696910,6345,571737
2020-06-02 10:11:57.930000,6353.5,6355,213311,6360,449412,6350,696910,6345,571737
2020-06-02 10:11:58.700000,6355.81,6355,213311,6360,449412,6350,696960,6345,571737
2020-06-02 10:11:59.620000,6354.67,6355,213311,6360,449412,6350,696960,6345,571737
2020-06-02 10:12:00.350000,6354.67,6355,213311,6360,449412,6350,696960,6345,571737
2020-06-02 10:12:01.320000,6354.67,6355,263306,6360,449412,6350,696960,6345,571737
2020-06-02 10:12:01.850000,6354.67,6355,263306,6360,449412,6350,696961,6345,571737
2020-06-02 10:12:02.700000,6354.67,6355,261654,6360,449412,6350,696961,6345,571737
2020-06-02 10:12:03.790000,6354.67,6355,261654,6360,449412,6350,697061,6345,571737
2020-06-02 10:12:04.090000,6354.67,6355,261654,6360,449412,6350,697161,6345,571737
2020-06-02 10:12:05.590000,6354.67,6355,261654,6360,449412,6350,697171,6345,571737
2020-06-02 10:12:07.320000,6354.7,6355,261654,6360,449412,6350,697471,6345,571737
2020-06-02 10:12:07.520000,6354.7,6355,261654,6360,464493,6350,697471,6345,571737
2020-06-02 10:12:08.430000,6354.7,6355,211659,6360,464493,6350,697471,6345,571737
2020-06-02 10:12:09.240000,6354.7,6355,181632,6360,464493,6350,697471,6345,571737
2020-06-02 10:12:09.510000,6354.7,6355,213392,6360,464493,6350,697471,6345,571737
2020-06-02 10:12:11.190000,6355.84,6355,213255,6360,464493,6350,695804,6345,571737
2020-06-02 10:12:13.660000,6355.84,6355,120830,6360,464493,6350,695804,6345,571737
2020-06-02 10:12:15.040000,6355.84,6355,120830,6360,464493,6350,695805,6345,571737
2020-06-02 10:12:15.180000,6355.84,6355,213255,6360,464493,6350,695805,6345,571737
2020-06-02 10:12:15.600000,6355.84,6355,213255,6360,466135,6350,695805,6345,571737
2020-06-02 10:12:16.240000,6355.84,6355,213255,6360,466135,6350,695845,6345,571737
2020-06-02 10:12:16.380000,6355.84,6355,12745,6360,542120,6350,695845,6345,571737
2020-06-02 10:12:17.160000,6355.87,6355,128830,6360,466135,6350,695845,6345,571738
2020-06-02 10:12:17.460000,6355.87,6355,221175,6360,466135,6350,695845,6345,571738
2020-06-02 10:12:19.600000,6355.87,6355,221175,6360,466135,6350,695845,6345,571738
2020-06-02 10:12:20.330000,6355.87,6355,20865,6360,542120,6350,695845,6345,571738
2020-06-02 10:12:20.580000,6355.87,6355,12865,6360,542120,6350,695845,6345,571738
2020-06-02 10:12:21.390000,6355.87,6360,542120,6365,607548,6355,214365,6350,695845
2020-06-02 10:12:22.100000,6355.87,6360,542120,6365,607548,6355,221955,6350,695845
2020-06-02 10:12:22.890000,6355.87,6360,542120,6365,607548,6355,222940,6350,695845
2020-06-02 10:12:23.220000,6355.87,6360,542120,6365,607548,6355,222940,6350,695855
2020-06-02 10:12:23.960000,6355.87,6360,542120,6365,607548,6355,222950,6350,695855
2020-06-02 10:12:24.070000,6355.87,6360,542120,6365,607548,6355,390740,6350,660165
2020-06-02 10:12:24.220000,6355.87,6360,542120,6365,607548,6355,222950,6350,695855
2020-06-02 10:12:25.050000,6355.87,6360,542120,6365,607548,6355,19815,6350,695855
2020-06-02 10:12:25.420000,6355.87,6360,542120,6365,607503,6355,19815,6350,695492
2020-06-02 10:12:26.610000,6355.87,6360,542120,6365,607503,6355,11865,6350,695193
2020-06-02 10:12:26.780000,6355.87,6360,542120,6365,607503,6355,11865,6350,695193
2020-06-02 10:12:27.100000,6357.01,6360,542120,6365,607503,6355,15311,6350,695193
2020-06-02 10:12:27.360000,6357.01,6355,200510,6360,466135,6350,695193,6345,571755
2020-06-02 10:12:28.190000,6357.01,6355,200010,6360,466135,6350,695193,6345,571755
2020-06-02 10:12:28.330000,6357.01,6355,200010,6360,466135,6350,695193,6345,571755
2020-06-02 10:12:29.250000,6355.87,6355,200010,6360,466135,6350,695193,6345,571755
2020-06-02 10:12:29.490000,6355.87,6355,200010,6360,466135,6350,695193,6345,571755
2020-06-02 10:12:29.690000,6355.87,6355,200005,6360,466135,6350,695193,6345,571755
2020-06-02 10:12:30.160000,6355.87,6355,253306,6360,466135,6350,695193,6345,571755
2020-06-02 10:12:30.630000,6355.87,6355,253199,6360,466135,6350,695193,6345,571755
2020-06-02 10:12:31.300000,6355.87,6355,253199,6360,466135,6350,695193,6345,571755
2020-06-02 10:12:31.590000,6355.87,6355,203154,6360,467135,6350,695193,6345,571755
2020-06-02 10:12:32.530000,6355.87,6355,203147,6360,467135,6350,695193,6345,571755
2020-06-02 10:12:33.420000,6355.87,6355,199919,6360,467135,6350,695193,6345,571755
2020-06-02 10:12:34.090000,6355.87,6355,199919,6360,467135,6350,695243,6345,571755
2020-06-02 10:12:34.580000,6355.87,6355,252330,6360,467135,6350,695243,6345,571755
2020-06-02 10:12:34.830000,6355.87,6355,252330,6360,467135,6350,695243,6345,571755
2020-06-02 10:12:35.530000,6355.87,6355,251968,6360,467135,6350,695243,6345,571755
2020-06-02 10:12:36.670000,6355.87,6355,251968,6360,467135,6350,695243,6345,571805
2020-06-02 10:12:37.120000,6354.73,6355,251968,6360,467035,6350,695543,6345,571805
2020-06-02 10:12:37.500000,6354.73,6355,251968,6360,467035,6350,631517,6345,635831
2020-06-02 10:12:37.920000,6354.73,6355,251968,6360,467035,6350,695543,6345,571805
2020-06-02 10:12:38.670000,6354.7,6355,251968,6360,467035,6350,695543,6345,571805
2020-06-02 10:12:38.810000,6353.53,6355,251968,6360,467035,6350,695543,6345,571805
2020-06-02 10:12:39.090000,6353.53,6355,251968,6360,467035,6350,695543,6345,571805
2020-06-02 10:12:40.890000,6353.53,6355,251968,6360,467035,6350,695543,6345,571807
2020-06-02 10:12:41.360000,6353.53,6355,251918,6360,467035,6350,631517,6345,635833
2020-06-02 10:12:41.700000,6353.53,6355,251918,6360,467035,6350,631517,6345,635833
2020-06-02 10:12:42.150000,6353.53,6355,251918,6360,467035,6350,631517,6345,635833
2020-06-02 10:12:43.150000,6353.53,6355,251908,6360,467035,6350,631517,6345,635833
2020-06-02 10:12:43.920000,6353.53,6355,251858,6360,467035,6350,626674,6345,635833
2020-06-02 10:12:45.230000,6353.53,6355,251858,6360,467035,6350,626674,6345,635833
2020-06-02 10:12:46.290000,6353.53,6355,251858,6360,467035,6350,626674,6345,635833
2020-06-02 10:12:46.590000,6353.53,6355,251858,6360,467035,6350,626674,6345,626833
2020-06-02 10:12:47.000000,6353.53,6355,251858,6360,467035,6350,508935,6345,662523
2020-06-02 10:12:47.450000,6353.53,6355,251858,6360,467035,6350,626674,6345,626833
2020-06-02 10:12:49.700000,6352.39,6355,251858,6360,467035,6350,405705,6345,662523
2020-06-02 10:12:50.730000,6352.36,6355,251858,6360,467035,6350,405705,6345,662523
2020-06-02 10:12:51.120000,6352.36,6355,251858,6360,467035,6350,405708,6345,662520
2020-06-02 10:12:51.490000,6352.36,6355,246919,6360,467035,6350,405708,6345,662520
2020-06-02 10:12:52.420000,6352.36,6355,246918,6360,467035,6350,405706,6345,662520
2020-06-02 10:12:52.700000,6352.36,6355,246918,6360,467135,6350,355706,6345,662520
2020-06-02 10:12:53.090000,6352.36,6355,246918,6360,467135,6350,355706,6345,662520
2020-06-02 10:12:54.230000,6352.36,6355,246918,6360,467135,6350,355706,6345,662520
2020-06-02 10:12:54.910000,6352.36,6355,246918,6360,467135,6350,356006,6345,662520
2020-06-02 10:12:55.490000,6352.36,6355,246918,6360,467135,6350,356006,6345,662520
2020-06-02 10:12:56.980000,6352.36,6355,246919,6360,467135,6350,356006,6345,662520
2020-06-02 10:12:57.180000,6352.36,6355,246919,6360,467135,6350,356006,6345,662520
2020-06-02 10:12:57.460000,6352.36,6355,246919,6360,467135,6350,409236,6345,662520
2020-06-02 10:12:59.050000,6352.36,6355,246919,6360,467136,6350,409236,6345,662520
2020-06-02 10:12:59.520000,6352.36,6355,246919,6360,467136,6350,251222,6345,662520
2020-06-02 10:13:00.240000,6352.36,6355,246919,6360,467136,6350,251222,6345,662520
2020-06-02 10:13:00.400000,6352.36,6355,246919,6360,467136,6350,467222,6345,662522
2020-06-02 10:13:01.210000,6352.36,6355,246919,6360,467136,6350,467222,6345,662522
2020-06-02 10:13:01.630000,6352.36,6355,246919,6360,467136,6350,467192,6345,662522
2020-06-02 10:13:01.900000,6352.36,6355,246919,6360,467136,6350,201192,6345,662522
2020-06-02 10:13:02.760000,6352.36,6355,246919,6360,467136,6350,417192,6345,662522
2020-06-02 10:13:02.870000,6352.36,6355,246919,6360,467136,6350,420192,6345,662522
2020-06-02 10:13:03.190000,6352.36,6355,246919,6360,467136,6350,420192,6345,662592
2020-06-02 10:13:03.550000,6352.36,6355,246919,6360,467136,6350,204192,6345,665822
2020-06-02 10:13:04.350000,6352.36,6355,246919,6360,467136,6350,200967,6345,665822
2020-06-02 10:13:04.720000,6352.36,6355,246919,6360,467136,6350,200967,6345,665822
2020-06-02 10:13:05.400000,6352.36,6355,245561,6360,467136,6350,199609,6345,665822
2020-06-02 10:13:06.220000,6352.36,6355,245561,6360,467136,6350,199609,6345,665822
2020-06-02 10:13:06.960000,6352.36,6355,245561,6360,467136,6350,199609,6345,665822
2020-06-02 10:13:07.190000,6352.36,6355,245581,6360,467136,6350,199609,6345,665822
2020-06-02 10:13:08.080000,6351.19,6350,377315,6355,177596,6345,662592,6340,473556
2020-06-02 10:13:08.350000,6351.19,6350,460804,6355,177596,6345,665822,6340,473557
2020-06-02 10:13:08.830000,6351.19,6350,86240,6355,253581,6345,665822,6340,473557
2020-06-02 10:13:09.460000,6351.19,6350,36696,6355,291017,6345,665820,6340,473557
2020-06-02 10:13:09.850000,6351.19,6350,44696,6355,291017,6345,665820,6340,473557
2020-06-02 10:13:10.570000,6351.19,6350,44696,6355,291017,6345,665820,6340,473557
2020-06-02 10:13:10.780000,6351.19,6355,291017,6360,470361,6350,3230,6345,673820
2020-06-02 10:13:11.640000,6351.19,6355,306017,6360,470361,6345,673820,6340,473557
2020-06-02 10:13:11.800000,6351.19,6350,256000,6355,266017,6345,673820,6340,473557
2020-06-02 10:13:12.690000,6351.19,6350,374085,6355,230032,6345,665820,6340,473557
2020-06-02 10:13:12.860000,6351.19,6350,374085,6355,249232,6345,665820,6340,473557
2020-06-02 10:13:13.720000,6351.19,6350,374085,6355,249232,6345,665820,6340,473557
2020-06-02 10:13:14.000000,6351.19,6350,374105,6355,249232,6345,665820,6340,473557
2020-06-02 10:13:14.780000,6351.19,6350,374105,6355,249232,6345,665820,6340,473557
2020-06-02 10:13:14.990000,6351.19,6350,377335,6355,249232,6345,614412,6340,473557
2020-06-02 10:13:15.780000,6351.19,6350,377335,6355,299971,6345,662590,6340,473557
2020-06-02 10:13:15.990000,6351.19,6350,376706,6355,299971,6345,662590,6340,473557
2020-06-02 10:13:16.240000,6349.99,6350,376656,6355,299971,6345,662590,6340,473557
2020-06-02 10:13:16.520000,6349.99,6350,376656,6355,299971,6345,662631,6340,473557
2020-06-02 10:13:17.330000,6351.13,6350,376636,6355,299970,6345,662631,6340,473557
2020-06-02 10:13:17.470000,6351.13,6350,376636,6355,299970,6345,662631,6340,473557
2020-06-02 10:13:17.720000,6348.86,6350,376636,6355,299970,6345,514737,6340,573273
2020-06-02 10:13:18.920000,6348.83,6350,376473,6355,299970,6345,364737,6340,573273
2020-06-02 10:13:19.220000,6346.58,6350,376479,6355,299970,6345,118541,6340,573273
2020-06-02 10:13:19.980000,6345.38,6350,376474,6355,299970,6345,126706,6340,573273
2020-06-02 10:13:20.450000,6345.38,6350,376474,6355,299970,6345,126706,6340,573273
2020-06-02 10:13:21.520000,6345.38,6350,386474,6355,299970,6345,376132,6340,573273
2020-06-02 10:13:22.060000,6345.38,6350,386474,6355,299970,6345,131956,6340,576503
2020-06-02 10:13:22.560000,6345.38,6350,386474,6355,299970,6345,128726,6340,576503
2020-06-02 10:13:23.060000,6345.38,6345,264242,6350,346474,6340,576503,6335,481543
2020-06-02 10:13:24.190000,6345.38,6345,422301,6350,363849,6340,577003,6335,481544
2020-06-02 10:13:25.220000,6345.38,6345,423304,6350,363849,6340,577003,6335,481544
2020-06-02 10:13:25.470000,6345.38,6345,423304,6350,363849,6340,577003,6335,481544
2020-06-02 10:13:25.750000,6345.38,6345,423304,6350,363849,6340,577003,6335,481544
2020-06-02 10:13:26.250000,6345.38,6345,423304,6350,363849,6340,577005,6335,481544
2020-06-02 10:13:26.690000,6345.38,6345,423299,6350,363849,6340,577005,6335,481544
2020-06-02 10:13:27.060000,6346.52,6345,50997,6350,439834,6340,577005,6335,481544
2020-06-02 10:13:27.420000,6345.35,6345,50997,6350,439834,6340,577005,6335,481544
2020-06-02 10:13:27.750000,6345.35,6345,1003,6350,487313,6340,577005,6335,481544
2020-06-02 10:13:28.440000,6344.21,6345,903,6350,490472,6340,577005,6335,481544
2020-06-02 10:13:28.650000,6345.35,6345,903,6350,490472,6340,585005,6335,481544
2020-06-02 10:13:30.560000,6345.35,6345,858,6350,490472,6340,585005,6335,481544
2020-06-02 10:13:30.860000,6345.35,6345,2974,6350,490472,6340,578363,6335,481544
2020-06-02 10:13:31.700000,6345.35,6345,2974,6350,490472,6340,578373,6335,481544
2020-06-02 10:13:31.920000,6345.35,6345,2954,6350,490472,6340,578373,6335,481544
2020-06-02 10:13:32.780000,6345.35,6345,2949,6350,490472,6340,578373,6335,481544
2020-06-02 10:13:33.450000,6345.35,6345,2929,6350,490625,6340,578373,6335,481544
2020-06-02 10:13:34.320000,6345.35,6345,2929,6350,490625,6340,578401,6335,481544
2020-06-02 10:13:34.500000,6345.35,6345,2923,6350,490625,6340,578401,6335,481544
2020-06-02 10:13:34.700000,6345.35,6345,2923,6350,490625,6340,578402,6335,481544
2020-06-02 10:13:34.920000,6345.35,6345,2923,6350,490726,6340,578402,6335,481544
2020-06-02 10:13:35.820000,6345.35,6345,3423,6350,490726,6340,578402,6335,481544
2020-06-02 10:13:36.200000,6345.35,6345,3423,6350,490726,6340,578402,6335,481544
2020-06-02 10:13:36.890000,6345.35,6345,3423,6350,493609,6340,578402,6335,481544
2020-06-02 10:13:37.030000,6345.35,6350,493609,6355,433857,6345,221913,6340,578422
2020-06-02 10:13:37.960000,6345.35,6350,493619,6355,433855,6345,254033,6340,578587
2020-06-02 10:13:38.210000,6345.35,6350,485619,6355,433855,6345,302470,6340,578587
2020-06-02 10:13:38.390000,6345.35,6350,485619,6355,434448,6345,256330,6340,578587
2020-06-02 10:13:38.850000,6346.52,6350,485619,6355,434448,6345,256329,6340,578587
2020-06-02 10:13:39.760000,6346.52,6350,485619,6355,442621,6345,256329,6340,578687
2020-06-02 10:13:40.540000,6346.52,6350,485619,6355,443121,6345,256379,6340,578687
2020-06-02 10:13:40.620000,6346.52,6350,485619,6355,443121,6345,16183,6340,578687
2020-06-02 10:13:41.600000,6346.52,6350,485619,6355,443121,6345,257390,6340,578689
2020-06-02 10:13:41.850000,6346.52,6350,485649,6355,443121,6345,257440,6340,578689
2020-06-02 10:13:42.070000,6346.52,6350,485649,6355,443121,6345,13064,6340,578689
2020-06-02 10:13:42.460000,6346.52,6350,485649,6355,443121,6345,13064,6340,578729
2020-06-02 10:13:43.170000,6346.52,6350,485649,6355,443121,6345,13064,6340,578729
2020-06-02 10:13:43.340000,6346.52,6350,485649,6355,443121,6345,14084,6340,578729
2020-06-02 10:13:43.620000,6346.52,6350,485649,6355,443121,6345,14183,6340,578729
2020-06-02 10:13:44.060000,6346.52,6350,485649,6355,443121,6345,15920,6340,578784
2020-06-02 10:13:44.740000,6346.52,6350,485649,6355,444151,6345,15920,6340,578784
2020-06-02 10:13:45.590000,6346.52,6350,485649,6355,444371,6345,15920,6340,578784
2020-06-02 10:13:46.320000,6346.52,6350,493649,6355,444371,6345,7920,6340,578784
2020-06-02 10:13:46.410000,6346.52,6345,19244,6350,493639,6340,578784,6335,482614
2020-06-02 10:13:46.630000,6346.52,6345,27244,6350,493639,6340,578794,6335,482614
2020-06-02 10:13:46.900000,6346.52,6345,27243,6350,493639,6340,578794,6335,482614
2020-06-02 10:13:47.430000,6346.52,6345,33863,6350,493639,6340,578794,6335,482614
2020-06-02 10:13:48.430000,6346.52,6345,33863,6350,493639,6340,570794,6335,482614
2020-06-02 10:13:48.540000,6345.38,6345,33863,6350,493639,6340,570792,6335,482614
2020-06-02 10:13:48.960000,6345.38,6345,33863,6350,493639,6340,571092,6335,482614
2020-06-02 10:13:49.490000,6345.38,6345,33857,6350,493639,6340,571092,6335,482614
2020-06-02 10:13:50.290000,6345.35,6345,33857,6350,493639,6340,571092,6335,482614
2020-06-02 10:13:51.190000,6345.35,6345,33352,6350,493639,6340,571092,6335,482614
2020-06-02 10:13:51.430000,6345.35,6345,33352,6350,493639,6340,571092,6335,482614
2020-06-02 10:13:51.790000,6345.35,6345,33352,6350,493639,6340,571092,6335,482614
2020-06-02 10:13:52.160000,6345.35,6345,32352,6350,493640,6340,570592,6335,483114
2020-06-02 10:13:52.290000,6345.35,6345,32352,6350,493640,6340,570593,6335,483114
2020-06-02 10:13:52.520000,6345.35,6345,32352,6350,493640,6340,570643,6335,483114
2020-06-02 10:13:52.960000,6345.35,6345,477062,6350,417656,6340,570643,6335,483114
2020-06-02 10:13:53.690000,6345.35,6345,477062,6350,417656,6340,570643,6335,483114
2020-06-02 10:13:53.800000,6345.35,6345,477062,6350,417656,6340,570703,6335,483114
2020-06-02 10:13:54.100000,6345.35,6345,477057,6350,417656,6340,570703,6335,483114
2020-06-02 10:13:54.400000,6345.35,6345,477057,6350,417656,6340,570803,6335,483114
2020-06-02 10:13:54.910000,6345.35,6345,477247,6350,417657,6340,570803,6335,482614
2020-06-02 10:13:55.300000,6345.35,6345,477247,6350,417657,6340,570803,6335,482692
2020-06-02 10:13:56.320000,6345.35,6345,477147,6350,417658,6340,570800,6335,482692
2020-06-02 10:13:56.430000,6345.35,6345,477147,6350,417659,6340,571100,6335,482692
2020-06-02 10:13:56.900000,6346.49,6345,477147,6350,417659,6340,571100,6335,482692
2020-06-02 10:13:57.440000,6346.49,6345,477147,6350,417659,6340,571115,6335,482692
2020-06-02 10:13:57.690000,6345.35,6345,477144,6350,417659,6340,571115,6335,482692
2020-06-02 10:13:59.460000,6345.35,6345,477144,6350,417659,6340,571116,6335,482692
2020-06-02 10:13:59.600000,6343.04,6345,477011,6350,418059,6340,567886,6335,482692
2020-06-02 10:14:00.550000,6343.04,6345,477006,6350,418059,6340,453860,6335,546718
2020-06-02 10:14:01.610000,6343.04,6345,476996,6350,418059,6340,453860,6335,546818
2020-06-02 10:14:02.630000,6343.04,6345,476996,6350,418059,6340,453860,6335,546818
2020-06-02 10:14:02.890000,6343.04,6345,476976,6350,418059,6340,453858,6335,546818
2020-06-02 10:14:03.690000,6343.04,6345,476976,6350,418059,6340,353858,6335,546818
2020-06-02 10:14:04.050000,6343.04,6345,476976,6350,418059,6340,286063,6335,582513
2020-06-02 10:14:04.490000,6343.04,6340,51088,6345,400981,6335,585743,6330,467221
2020-06-02 10:14:05.270000,6343.04,6340,90,6345,476966,6335,585743,6330,467222
2020-06-02 10:14:05.750000,6343.04,6340,8090,6345,476966,6335,585743,6330,467222
2020-06-02 10:14:06.840000,6343.04,6340,116175,6345,460981,6335,585743,6330,467222
2020-06-02 10:14:07.190000,6341.87,6340,426164,6345,460981,6335,585753,6330,467227
2020-06-02 10:14:07.860000,6342.98,6340,376260,6345,460981,6335,585748,6330,467227
2020-06-02 10:14:08.940000,6341.84,6340,425954,6345,460981,6335,585748,6330,467227
2020-06-02 10:14:09.190000,6339.5,6340,376050,6345,460981,6335,585748,6330,467227
2020-06-02 10:14:09.970000,6339.5,6340,425938,6345,460981,6335,593625,6330,467127
2020-06-02 10:14:10.190000,6339.5,6340,425928,6345,460981,6335,593625,6330,467127
2020-06-02 10:14:11.000000,6339.5,6340,425827,6345,460981,6335,593625,6330,467127
2020-06-02 10:14:11.420000,6339.5,6340,424817,6345,460981,6335,526319,6330,531153
2020-06-02 10:14:12.580000,6339.5,6340,424796,6345,460981,6335,526319,6330,531163
2020-06-02 10:14:12.920000,6339.5,6340,424796,6345,460981,6335,526319,6330,531158
2020-06-02 10:14:13.580000,6339.5,6340,424686,6345,460981,6335,526329,6330,531158
2020-06-02 10:14:14.670000,6339.5,6340,424676,6345,460981,6335,526829,6330,531158
2020-06-02 10:14:14.870000,6339.5,6340,424676,6345,460981,6335,526529,6330,531458
2020-06-02 10:14:15.720000,6339.5,6340,425176,6345,460981,6335,413300,6330,567148
2020-06-02 10:14:16.760000,6338.39,6340,425176,6345,460981,6335,313200,6330,567148
2020-06-02 10:14:17.010000,6338.3,6340,425151,6345,475175,6335,293732,6330,567148
2020-06-02 10:14:17.790000,6337.16,6340,425151,6345,475175,6335,243702,6330,570378
2020-06-02 10:14:18.250000,6337.16,6340,425151,6345,475175,6335,243702,6330,570478
2020-06-02 10:14:19.360000,6337.16,6340,425151,6345,475175,6335,39650,6330,570478
2020-06-02 10:14:19.760000,6336.0,6340,384904,6345,475175,6335,203185,6330,578488
2020-06-02 10:14:20.420000,6336.0,6340,423141,6345,459769,6335,309058,6330,542798
2020-06-02 10:14:21.470000,6336.0,6340,423141,6345,459769,6335,359059,6330,542798
2020-06-02 10:14:21.860000,6336.0,6340,431314,6345,459799,6335,246406,6330,542803
2020-06-02 10:14:22.450000,6336.0,6340,431314,6345,459799,6335,246156,6330,543803
2020-06-02 10:14:22.960000,6336.0,6340,431314,6345,459799,6335,249495,6330,543881
2020-06-02 10:14:23.450000,6336.0,6340,431314,6345,459799,6335,247690,6330,543881
2020-06-02 10:14:23.950000,6336.0,6340,431314,6345,459799,6335,411816,6330,479855
2020-06-02 10:14:24.530000,6336.0,6340,431314,6345,459799,6335,347791,6330,544181
2020-06-02 10:14:25.620000,6336.0,6340,431314,6345,459799,6335,347787,6330,544181
2020-06-02 10:14:25.850000,6336.0,6340,431314,6345,459799,6335,354317,6330,544181
2020-06-02 10:14:26.680000,6336.0,6340,439949,6345,451164,6335,355017,6330,544191
2020-06-02 10:14:26.850000,6337.16,6340,439949,6345,451164,6335,355018,6330,544191
2020-06-02 10:14:27.120000,6337.16,6340,439949,6345,451164,6335,355018,6330,544191
2020-06-02 10:14:27.560000,6338.3,6340,439949,6345,451164,6335,355018,6330,544191
2020-06-02 10:14:28.230000,6338.3,6340,439949,6345,451164,6335,355018,6330,544301
2020-06-02 10:14:28.340000,6338.3,6340,439949,6345,451164,6335,357018,6330,544301
2020-06-02 10:14:28.590000,6338.3,6340,439249,6345,451164,6335,357018,6330,544301
2020-06-02 10:14:28.950000,6338.3,6340,439249,6345,451164,6335,357018,6330,545311
2020-06-02 10:14:29.230000,6338.3,6340,440827,6345,451164,6335,357018,6330,545311
2020-06-02 10:14:29.530000,6338.3,6340,440827,6345,451164,6335,357018,6330,545311
2020-06-02 10:14:30.290000,6338.3,6340,500827,6345,451164,6335,421744,6330,481285
2020-06-02 10:14:30.540000,6338.3,6340,500837,6345,451164,6335,416744,6330,481285
2020-06-02 10:14:31.320000,6338.3,6340,500837,6345,451164,6335,354417,6330,545312
2020-06-02 10:14:31.590000,6338.3,6340,500837,6345,451164,6335,418454,6330,481286
2020-06-02 10:14:32.350000,6338.3,6340,500837,6345,451174,6335,417523,6330,481286
2020-06-02 10:14:32.560000,6338.3,6340,500837,6345,451174,6335,417533,6330,481286
2020-06-02 10:14:32.900000,6338.3,6340,500637,6345,451174,6335,417533,6330,476286
2020-06-02 10:14:33.480000,6338.3,6340,500637,6345,451474,6335,417533,6330,476286
2020-06-02 10:14:34.460000,6338.3,6340,450733,6345,451474,6335,366580,6330,476286
2020-06-02 10:14:34.680000,6338.3,6340,450733,6345,451474,6335,366580,6330,476286
2020-06-02 10:14:35.490000,6338.3,6340,450733,6345,451474,6335,366580,6330,476286
2020-06-02 10:14:35.730000,6338.3,6340,499637,6345,451474,6335,366780,6330,476786
2020-06-02 10:14:36.570000,6338.3,6340,499637,6345,451474,6335,366687,6330,476786
2020-06-02 10:14:36.740000,6338.3,6340,499637,6345,451974,6335,366687,6330,476786
2020-06-02 10:14:36.880000,6338.3,6340,499637,6345,451974,6335,366991,6330,476787
2020-06-02 10:14:38.020000,6339.5,6340,499637,6345,451974,6335,366991,6330,476787
2020-06-02 10:14:38.320000,6339.5,6340,499627,6345,451974,6335,366991,6330,476787
2020-06-02 10:14:38.620000,6339.5,6340,499427,6345,451974,6335,367138,6330,476787
2020-06-02 10:14:39.020000,6338.36,6340,499427,6345,451974,6335,367140,6330,476837
2020-06-02 10:14:39.760000,6338.36,6340,449523,6345,451974,6335,367240,6330,476837
2020-06-02 10:14:39.960000,6339.5,6340,449523,6345,451974,6335,367230,6330,476837
2020-06-02 10:14:40.150000,6339.5,6340,499427,6345,451975,6335,368230,6330,476837
2020-06-02 10:14:40.660000,6339.5,6340,499428,6345,451975,6335,369683,6330,476837
2020-06-02 10:14:41.850000,6339.5,6340,499428,6345,451975,6335,370133,6330,476847
2020-06-02 10:14:42.160000,6339.5,6340,499408,6345,451975,6335,370243,6330,476847
2020-06-02 10:14:42.910000,6339.5,6340,491235,6345,451975,6335,377243,6330,476847
2020-06-02 10:14:43.110000,6339.5,6340,491235,6345,451975,6335,377243,6330,476847
2020-06-02 10:14:43.260000,6339.5,6340,491225,6345,451975,6335,377353,6330,476947
2020-06-02 10:14:43.960000,6339.5,6340,492725,6345,451975,6335,377358,6330,476947
2020-06-02 10:14:44.100000,6339.5,6340,492725,6345,451975,6335,377358,6330,476947
2020-06-02 10:14:45.000000,6339.5,6340,492725,6345,451975,6335,377358,6330,476997
2020-06-02 10:14:45.220000,6339.5,6340,492725,6345,451975,6335,313330,6330,541023
2020-06-02 10:14:46.070000,6339.5,6340,492825,6345,452975,6335,313130,6330,541023
2020-06-02 10:14:47.130000,6339.5,6340,492825,6345,452975,6335,313150,6330,541023
2020-06-02 10:14:47.350000,6339.5,6340,492820,6345,452975,6335,310051,6330,541023
2020-06-02 10:14:47.550000,6339.5,6340,492820,6345,452975,6335,309952,6330,541025
2020-06-02 10:14:48.020000,6338.33,6340,492820,6345,452975,6335,309954,6330,541025
2020-06-02 10:14:48.390000,6337.19,6340,492820,6345,452975,6335,310154,6330,541025
2020-06-02 10:14:49.250000,6337.19,6340,492520,6345,452975,6335,310164,6330,540925
2020-06-02 10:14:49.500000,6337.19,6340,492520,6345,452975,6335,310364,6330,540925
2020-06-02 10:14:49.680000,6338.33,6340,492520,6345,452975,6335,310463,6330,540925
2020-06-02 10:14:50.100000,6338.33,6340,492520,6345,452975,6335,479591,6330,540925
2020-06-02 10:14:50.780000,6338.33,6340,492520,6345,452975,6335,479788,6330,540925
2020-06-02 10:14:50.890000,6338.33,6340,493020,6345,452975,6335,479788,6330,540926
2020-06-02 10:14:51.850000,6338.33,6340,493020,6345,452975,6335,479788,6330,540926
2020-06-02 10:14:51.990000,6338.33,6340,493017,6345,452975,6335,479789,6330,541026
2020-06-02 10:14:52.250000,6338.33,6340,493012,6345,452975,6335,479789,6330,541026
2020-06-02 10:14:52.910000,6338.33,6340,493012,6345,452975,6335,479788,6330,541026
2020-06-02 10:14:53.080000,6338.33,6340,507206,6345,438781,6335,479788,6330,541026
2020-06-02 10:14:53.330000,6338.33,6340,507206,6345,438781,6335,473788,6330,541026
2020-06-02 10:14:53.940000,6338.33,6340,507186,6345,438781,6335,473788,6330,541026
2020-06-02 10:14:54.080000,6338.33,6340,507186,6345,438781,6335,473788,6330,541026
2020-06-02 10:14:54.450000,6338.33,6340,507176,6345,438781,6335,473788,6330,541026
2020-06-02 10:14:54.750000,6338.33,6340,507176,6345,438781,6335,473788,6330,541026
2020-06-02 10:14:55.550000,6338.33,6340,507176,6345,438781,6335,537814,6330,476700
2020-06-02 10:14:55.800000,6338.33,6340,507176,6345,438781,6335,473788,6330,540736
2020-06-02 10:14:56.590000,6338.33,6340,507176,6345,438781,6335,473818,6330,541248
2020-06-02 10:14:56.810000,6338.33,6340,463459,6345,438781,6335,473719,6330,545369
2020-06-02 10:14:57.640000,6338.33,6340,530460,6345,438781,6335,474719,6330,545369
2020-06-02 10:14:57.800000,6337.19,6340,530460,6345,438781,6335,474684,6330,545369
2020-06-02 10:14:58.020000,6337.19,6340,530460,6345,438781,6335,474684,6330,545369
2020-06-02 10:14:58.450000,6338.3,6340,530460,6345,438781,6335,474684,6330,545569
2020-06-02 10:14:59.250000,6338.3,6340,530459,6345,438781,6335,474728,6330,545569
2020-06-02 10:14:59.360000,6337.16,6340,530459,6345,438781,6335,474728,6330,545569
2020-06-02 10:14:59.520000,6337.16,6340,530459,6345,438781,6335,474428,6330,545569
2020-06-02 10:15:00.310000,6338.3,6340,530459,6345,438781,6335,474428,6330,545569
2020-06-02 10:15:00.480000,6338.3,6340,530459,6345,438781,6335,396821,6330,546137
2020-06-02 10:15:00.800000,6338.3,6340,530459,6345,438781,6335,396821,6330,546137
2020-06-02 10:15:01.530000,6338.3,6340,530549,6345,439371,6335,80821,6330,546137
2020-06-02 10:15:02.410000,6338.3,6340,530529,6345,439371,6335,337489,6330,545569
2020-06-02 10:15:02.890000,6338.3,6340,530529,6345,454522,6335,367777,6330,545569
2020-06-02 10:15:03.980000,6338.3,6340,530529,6345,459222,6335,284970,6330,546137
2020-06-02 10:15:04.250000,6338.3,6340,530529,6345,459222,6335,382595,6330,545569
2020-06-02 10:15:05.010000,6338.3,6340,530489,6345,469222,6335,382595,6330,545569
2020-06-02 10:15:06.030000,6338.3,6340,530289,6345,469222,6335,382400,6330,545569
2020-06-02 10:15:06.260000,6338.3,6340,530289,6345,469222,6335,304393,6330,546137
2020-06-02 10:15:06.560000,6338.3,6340,530289,6345,469222,6335,38393,6330,545837
2020-06-02 10:15:07.620000,6336.03,6340,530289,6345,469222,6335,38752,6330,545837
2020-06-02 10:15:07.680000,6336.03,6340,530289,6345,469222,6335,38752,6330,545837
2020-06-02 10:15:08.180000,6337.16,6340,530289,6345,469222,6335,28470,6330,545837
2020-06-02 10:15:08.870000,6337.16,6340,530289,6345,469222,6335,330413,6330,545269
2020-06-02 10:15:09.760000,6337.16,6340,530289,6345,469222,6335,444684,6330,481242
2020-06-02 10:15:10.010000,6337.16,6340,530289,6345,469722,6335,544709,6330,481242
2020-06-02 10:15:10.790000,6337.16,6340,530289,6345,469722,6335,444709,6330,481242
2020-06-02 10:15:11.120000,6337.16,6340,530289,6345,469722,6335,544709,6330,481247
2020-06-02 10:15:12.180000,6337.16,6340,530199,6345,469722,6335,544709,6330,481247
2020-06-02 10:15:12.620000,6337.16,6340,530199,6345,469722,6335,546268,6330,480747
2020-06-02 10:15:13.400000,6337.16,6340,530199,6345,469722,6335,544948,6330,480747
2020-06-02 10:15:13.620000,6337.16,6340,530199,6345,469722,6335,544998,6330,480747
2020-06-02 10:15:14.430000,6337.16,6340,530199,6345,469722,6335,545798,6330,480747
2020-06-02 10:15:15.510000,6338.3,6340,530199,6345,469722,6335,546798,6330,480747
2020-06-02 10:15:15.710000,6338.3,6340,530199,6345,469722,6335,487491,6330,544773
2020-06-02 10:15:16.530000,6338.3,6340,530199,6345,469722,6335,551497,6330,480757
2020-06-02 10:15:16.760000,6338.3,6340,530086,6345,469722,6335,551499,6330,480757
2020-06-02 10:15:17.560000,6339.47,6340,530086,6345,469722,6335,551549,6330,480757
2020-06-02 10:15:18.490000,6339.5,6340,530086,6345,469722,6335,552049,6330,480757
2020-06-02 10:15:19.060000,6339.5,6340,530086,6345,469722,6335,487533,6330,544786
2020-06-02 10:15:19.700000,6338.36,6340,530236,6345,469722,6335,561563,6330,480760
2020-06-02 10:15:20.700000,6338.36,6340,530236,6345,469722,6335,561563,6330,480760
2020-06-02 10:15:21.400000,6338.36,6340,530236,6345,469722,6335,561563,6330,480760
2020-06-02 10:15:21.650000,6338.36,6340,530235,6345,469722,6335,561563,6330,480761
2020-06-02 10:15:21.990000,6338.36,6340,530235,6345,469722,6335,561624,6330,480761
2020-06-02 10:15:22.430000,6338.36,6340,530235,6345,469722,6335,561724,6330,482661
2020-06-02 10:15:22.650000,6338.36,6340,530235,6345,469722,6335,561725,6330,482661
2020-06-02 10:15:23.430000,6338.36,6340,530234,6345,469722,6335,561727,6330,482661
2020-06-02 10:15:23.540000,6338.36,6340,530234,6345,469722,6335,561737,6330,482661
2020-06-02 10:15:23.930000,6338.36,6340,530234,6345,469722,6335,561737,6330,482661
2020-06-02 10:15:24.350000,6338.36,6340,568278,6345,469722,6335,562247,6330,482661
2020-06-02 10:15:24.700000,6338.36,6340,568278,6345,469722,6335,562247,6330,482661
2020-06-02 10:15:25.090000,6338.36,6340,568278,6345,469722,6335,563247,6330,482661
2020-06-02 10:15:25.590000,6338.36,6340,566863,6345,469722,6335,563247,6330,482671
2020-06-02 10:15:26.120000,6338.36,6340,566863,6345,469722,6335,563404,6330,482731
2020-06-02 10:15:27.080000,6338.36,6340,566863,6345,469722,6335,563406,6330,482731
2020-06-02 10:15:27.210000,6338.36,6340,566863,6345,469722,6335,499380,6330,546757
2020-06-02 10:15:28.150000,6339.5,6340,566863,6345,469722,6335,563406,6330,482731
2020-06-02 10:15:28.400000,6339.5,6340,566863,6345,469722,6335,563416,6330,482731
2020-06-02 10:15:29.210000,6338.33,6340,566763,6345,469722,6335,563416,6330,482731
2020-06-02 10:15:29.380000,6338.33,6340,566763,6345,469722,6335,562481,6330,482731
2020-06-02 10:15:29.720000,6339.47,6340,566758,6345,469722,6335,562481,6330,482731
2020-06-02 10:15:30.160000,6339.47,6340,566758,6345,469722,6335,562081,6330,482731
2020-06-02 10:15:30.520000,6339.47,6340,566758,6345,469722,6335,562083,6330,482731
2020-06-02 10:15:31.300000,6339.47,6340,566878,6345,469722,6335,562083,6330,482731
2020-06-02 10:15:31.660000,6339.47,6340,516974,6345,469722,6335,562083,6330,482731
2020-06-02 10:15:32.220000,6339.47,6340,516974,6345,469722,6335,556063,6330,482731
2020-06-02 10:15:32.760000,6339.47,6340,566878,6345,469722,6335,556183,6330,482731
2020-06-02 10:15:33.350000,6339.47,6340,566878,6345,469722,6335,555813,6330,482731
2020-06-02 10:15:33.710000,6339.47,6340,566878,6345,469722,6335,555813,6330,482741
2020-06-02 10:15:34.220000,6339.47,6340,566878,6345,469722,6335,555823,6330,482741
2020-06-02 10:15:34.930000,6339.47,6340,566878,6345,469722,6335,555823,6330,482741
2020-06-02 10:15:35.070000,6339.47,6340,566878,6345,469722,6335,555823,6330,482761
2020-06-02 10:15:36.020000,6339.47,6340,516974,6345,469722,6335,555823,6330,482765
2020-06-02 10:15:36.250000,6339.47,6340,516974,6345,469722,6335,555833,6330,482765
2020-06-02 10:15:37.030000,6339.47,6340,518504,6345,469722,6335,558997,6330,482765
2020-06-02 10:15:37.210000,6339.47,6340,518504,6345,469722,6335,559007,6330,482765
2020-06-02 10:15:38.160000,6339.47,6340,518504,6345,469722,6335,559007,6330,482765
2020-06-02 10:15:38.280000,6339.47,6340,518504,6345,469722,6335,559057,6330,482765
2020-06-02 10:15:39.160000,6340.61,6340,518504,6345,469722,6335,559057,6330,485765
2020-06-02 10:15:39.330000,6340.61,6340,74012,6345,573748,6335,559057,6330,485766
2020-06-02 10:15:40.190000,6340.64,6340,90730,6345,573748,6335,559058,6330,485766
2020-06-02 10:15:40.440000,6340.64,6340,90730,6345,603897,6335,559058,6330,485766
2020-06-02 10:15:41.220000,6340.64,6340,90730,6345,603897,6335,559058,6330,485766
2020-06-02 10:15:41.330000,6340.64,6340,90569,6345,603897,6335,559008,6330,485766
2020-06-02 10:15:42.260000,6340.64,6340,90569,6345,603897,6335,558008,6330,487366
2020-06-02 10:15:42.390000,6340.64,6340,90569,6345,603897,6335,556429,6330,494360
2020-06-02 10:15:42.660000,6340.64,6345,603897,6350,453799,6340,217964,6335,555861
2020-06-02 10:15:43.130000,6340.64,6345,603897,6350,453799,6340,268164,6335,555861
2020-06-02 10:15:44.360000,6340.64,6345,603897,6350,453799,6340,268174,6335,555861
2020-06-02 10:15:44.660000,6340.64,6345,603897,6350,453799,6340,270184,6335,555851
2020-06-02 10:15:45.440000,6340.64,6345,603897,6350,453799,6340,55220,6335,556419
2020-06-02 10:15:45.690000,6340.64,6340,273354,6345,533853,6335,556419,6330,494355
2020-06-02 10:15:46.500000,6340.64,6340,273354,6345,533853,6335,556419,6330,494355
2020-06-02 10:15:46.640000,6340.64,6340,274954,6345,533853,6335,556439,6330,494355
2020-06-02 10:15:47.060000,6341.78,6340,66511,6345,533853,6335,556439,6330,494355
2020-06-02 10:15:47.410000,6342.95,6340,64933,6345,533853,6335,556439,6330,494355
2020-06-02 10:15:48.050000,6342.95,6340,72933,6345,533853,6335,556739,6330,494355
2020-06-02 10:15:48.270000,6341.81,6340,72933,6345,533853,6335,556739,6330,494355
2020-06-02 10:15:49.090000,6340.67,6340,298473,6345,533853,6335,556739,6330,494355
2020-06-02 10:15:49.220000,6340.67,6340,89921,6345,533853,6335,556739,6330,494355
2020-06-02 10:15:49.700000,6341.81,6340,298201,6345,533853,6335,556739,6330,494355
2020-06-02 10:15:50.700000,6341.81,6340,434327,6345,429827,6335,606739,6330,494355
2020-06-02 10:15:50.940000,6341.81,6340,434327,6345,429827,6335,606936,6330,494355
2020-06-02 10:15:51.780000,6341.81,6340,434327,6345,429827,6335,644028,6330,494355
2020-06-02 10:15:52.150000,6341.81,6340,434327,6345,429827,6335,644148,6330,494355
2020-06-02 10:15:52.620000,6341.81,6340,434317,6345,429827,6335,644273,6330,494355
2020-06-02 10:15:53.190000,6341.81,6340,434317,6345,429827,6335,643335,6330,495239
2020-06-02 10:15:53.720000,6341.81,6340,484221,6345,429827,6335,643335,6330,495239
2020-06-02 10:15:54.150000,6341.81,6340,484196,6345,429943,6335,643335,6330,495339
2020-06-02 10:15:54.920000,6341.81,6340,484186,6345,429943,6335,643335,6330,495339
2020-06-02 10:15:55.250000,6341.81,6340,484014,6345,429943,6335,643335,6330,495339
2020-06-02 10:15:55.750000,6341.81,6340,434110,6345,429943,6335,643336,6330,505373
2020-06-02 10:15:56.500000,6341.81,6340,484014,6345,429943,6335,643336,6330,505373
2020-06-02 10:15:56.920000,6339.5,6340,484014,6345,429943,6335,643586,6330,505373
2020-06-02 10:15:57.360000,6339.47,6340,484010,6345,429943,6335,643586,6330,505373
2020-06-02 10:15:58.040000,6339.47,6340,484010,6345,429943,6335,643586,6330,505373
2020-06-02 10:15:58.360000,6339.47,6340,484010,6345,429943,6335,643586,6330,506952
2020-06-02 10:15:59.140000,6339.47,6340,484010,6345,429943,6335,643586,6330,507252
2020-06-02 10:15:59.370000,6339.47,6340,484010,6345,429943,6335,643586,6330,507272
2020-06-02 10:15:59.670000,6339.47,6340,434106,6345,429943,6335,643686,6330,507272
2020-06-02 10:16:00.090000,6339.47,6340,434106,6345,429943,6335,643696,6330,507272
2020-06-02 10:16:00.530000,6339.47,6340,434406,6345,429943,6335,643696,6330,507272
2020-06-02 10:16:01.280000,6339.47,6340,434406,6345,429943,6335,643696,6330,507472
2020-06-02 10:16:01.460000,6339.47,6340,434406,6345,429943,6335,643671,6330,507472
2020-06-02 10:16:02.340000,6339.47,6340,434406,6345,429943,6335,643671,6330,507972
2020-06-02 10:16:02.560000,6339.47,6340,434356,6345,429943,6335,643771,6330,507972
2020-06-02 10:16:02.850000,6338.33,6340,434356,6345,429943,6335,644774,6330,507972
2020-06-02 10:16:03.350000,6338.33,6340,434356,6345,429943,6335,644774,6330,507972
2020-06-02 10:16:03.760000,6338.33,6340,434351,6345,433868,6335,644774,6330,500978
2020-06-02 10:16:04.200000,6338.33,6340,444351,6345,433868,6335,644774,6330,500978
2020-06-02 10:16:04.950000,6338.33,6340,444341,6345,433868,6335,645774,6330,497978
2020-06-02 10:16:05.230000,6338.33,6340,308215,6345,537894,6335,645874,6330,497979
2020-06-02 10:16:06.010000,6338.33,6340,99675,6345,537894,6335,650376,6330,497979
2020-06-02 10:16:06.290000,6338.33,6340,100851,6345,537894,6335,650376,6330,497979
2020-06-02 10:16:07.010000,6338.33,6340,102890,6345,537894,6335,650376,6330,497979
2020-06-02 10:16:07.230000,6339.47,6340,91660,6345,537894,6335,650376,6330,498979
2020-06-02 10:16:08.090000,6339.47,6340,99660,6345,537894,6335,650476,6330,498989
2020-06-02 10:16:08.230000,6340.64,6340,99660,6345,537894,6335,645677,6330,498989
2020-06-02 10:16:08.590000,6340.64,6340,102880,6345,537894,6335,645697,6330,498989
2020-06-02 10:16:09.180000,6340.64,6340,102870,6345,537894,6335,645697,6330,498989
2020-06-02 10:16:09.350000,6340.64,6340,102765,6345,537894,6335,645697,6330,498989
2020-06-02 10:16:10.160000,6340.64,6345,537894,6350,455849,6340,231999,6335,645229
2020-06-02 10:16:10.430000,6340.64,6345,539794,6350,453949,6340,399255,6335,581203
2020-06-02 10:16:11.210000,6340.64,6345,539794,6350,453949,6340,399260,6335,581204
2020-06-02 10:16:12.260000,6340.64,6345,539794,6350,453949,6340,399562,6335,581204
2020-06-02 10:16:12.510000,6340.64,6345,539794,6350,453949,6340,282506,6335,645230
2020-06-02 10:16:13.300000,6340.64,6345,547967,6350,453949,6340,283506,6335,645230
2020-06-02 10:16:13.520000,6340.64,6345,547967,6350,453949,6340,283306,6335,645250
2020-06-02 10:16:14.370000,6340.64,6345,547967,6350,453949,6340,283413,6335,645252
2020-06-02 10:16:15.510000,6340.64,6345,547967,6350,453949,6340,283413,6335,645252
2020-06-02 10:16:15.730000,6340.64,6345,547967,6350,453949,6340,284413,6335,645252
2020-06-02 10:16:16.460000,6340.64,6345,547967,6350,453949,6340,401699,6335,581226
2020-06-02 10:16:17.520000,6342.98,6345,547967,6350,453949,6340,501699,6335,581226
2020-06-02 10:16:17.850000,6342.95,6345,547967,6350,453949,6340,501704,6335,581228
2020-06-02 10:16:18.460000,6342.95,6345,547967,6350,453949,6340,501704,6335,581328
2020-06-02 10:16:19.050000,6344.15,6345,548067,6350,453949,6340,501819,6335,581328
2020-06-02 10:16:20.110000,6344.15,6345,548067,6350,453949,6340,502319,6335,581328
2020-06-02 10:16:20.360000,6344.15,6345,547767,6350,453949,6340,502439,6335,581328
2020-06-02 10:16:21.210000,6344.15,6345,547767,6350,453949,6340,502440,6335,581330
2020-06-02 10:16:21.430000,6344.15,6345,547767,6350,453949,6340,502440,6335,581330
2020-06-02 10:16:22.240000,6344.15,6345,547267,6350,453949,6340,502636,6335,581133
2020-06-02 10:16:22.660000,6344.15,6345,547267,6350,504688,6340,502636,6335,581133
2020-06-02 10:16:23.250000,6344.15,6345,547267,6350,504688,6340,502636,6335,581133
2020-06-02 10:16:24.350000,6344.15,6345,547267,6350,504688,6340,388610,6335,645159
2020-06-02 10:16:24.600000,6344.15,6345,547267,6350,504688,6340,385385,6335,659224
2020-06-02 10:16:25.380000,6344.15,6345,547267,6350,504688,6340,385485,6335,658824
2020-06-02 10:16:25.580000,6344.15,6345,547267,6350,505188,6340,385535,6335,658824
2020-06-02 10:16:26.420000,6344.15,6345,547267,6350,505188,6340,385535,6335,658824
2020-06-02 10:16:26.850000,6344.15,6345,547267,6350,505188,6340,385548,6335,658824
2020-06-02 10:16:27.390000,6343.04,6345,547267,6350,505188,6340,385548,6335,658824
2020-06-02 10:16:28.520000,6343.01,6345,547467,6350,505188,6340,385548,6335,658824
2020-06-02 10:16:28.750000,6342.98,6345,547467,6350,505188,6340,500074,6335,594798
2020-06-02 10:16:29.770000,6342.98,6345,547467,6350,505188,6340,500124,6335,594798
2020-06-02 10:16:30.600000,6342.98,6345,547467,6350,505188,6340,500224,6335,594798
2020-06-02 10:16:32.130000,6342.98,6345,547467,6350,505188,6340,500224,6335,594798
2020-06-02 10:16:32.800000,6342.98,6345,547467,6350,505188,6340,500224,6335,594798
2020-06-02 10:16:33.310000,6342.98,6345,547467,6350,505188,6340,501224,6335,594798
2020-06-02 10:16:33.520000,6342.98,6345,546966,6350,505188,6340,501224,6335,594798
2020-06-02 10:16:34.310000,6342.98,6345,546966,6350,505188,6340,501224,6335,587848
2020-06-02 10:16:34.450000,6342.98,6345,546966,6350,508188,6340,501224,6335,587848
2020-06-02 10:16:35.360000,6342.98,6345,546966,6350,508188,6340,501225,6335,588148
2020-06-02 10:16:35.560000,6342.98,6345,546961,6350,508188,6340,501125,6335,588158
2020-06-02 10:16:36.420000,6342.98,6345,546961,6350,508188,6340,501125,6335,588168
2020-06-02 10:16:36.610000,6342.98,6345,546961,6350,508188,6340,501625,6335,588288
2020-06-02 10:16:36.890000,6343.04,6345,546961,6350,508188,6340,502625,6335,588288
2020-06-02 10:16:37.480000,6343.04,6345,547061,6350,508188,6340,502625,6335,588288
2020-06-02 10:16:37.620000,6342.98,6345,547061,6350,508188,6340,502625,6335,588308
2020-06-02 10:16:38.480000,6344.15,6345,547061,6350,508188,6340,502625,6335,588308
2020-06-02 10:16:38.690000,6344.15,6345,547061,6350,508188,6340,502626,6335,588308
2020-06-02 10:16:39.480000,6344.15,6345,547011,6350,508188,6340,502626,6335,588308
2020-06-02 10:16:39.650000,6344.15,6345,547011,6350,508188,6340,502678,6335,588858
2020-06-02 10:16:39.890000,6344.15,6345,547011,6350,508188,6340,502728,6335,588858
2020-06-02 10:16:40.360000,6344.15,6345,547011,6350,508188,6340,497368,6335,588858
2020-06-02 10:16:41.050000,6344.15,6345,547011,6350,508188,6340,497371,6335,588858
2020-06-02 10:16:41.250000,6344.15,6345,547011,6350,508188,6340,497371,6335,588858
2020-06-02 10:16:42.140000,6344.15,6345,546816,6350,508188,6340,497381,6335,588858
2020-06-02 10:16:43.170000,6344.15,6345,546816,6350,508188,6340,497381,6335,588858
2020-06-02 10:16:43.280000,6344.15,6345,546816,6350,508188,6340,497381,6335,588858
2020-06-02 10:16:44.230000,6344.15,6345,546816,6350,508188,6340,497381,6335,588858
2020-06-02 10:16:44.400000,6344.15,6345,546766,6350,508188,6340,497381,6335,588858
2020-06-02 10:16:44.670000,6344.15,6345,546766,6350,508289,6340,497381,6335,588858
2020-06-02 10:16:45.260000,6344.15,6345,546766,6350,508289,6340,497381,6335,588868
2020-06-02 10:16:45.590000,6344.15,6345,546767,6350,508289,6340,497381,6335,588868
2020-06-02 10:16:46.290000,6344.15,6345,546767,6350,508289,6340,497381,6335,551776
2020-06-02 10:16:46.560000,6344.15,6345,547267,6350,508289,6340,383355,6335,616002
2020-06-02 10:16:47.390000,6344.15,6345,547267,6350,508289,6340,383356,6335,615902
2020-06-02 10:16:48.450000,6343.01,6345,547267,6350,508289,6340,383356,6335,615902
2020-06-02 10:16:48.570000,6342.98,6345,547267,6350,508289,6340,383356,6335,615902
2020-06-02 10:16:49.530000,6342.98,6345,547267,6350,508289,6340,172160,6335,615902
2020-06-02 10:16:49.760000,6341.84,6345,547267,6350,508289,6340,386556,6335,615902
2020-06-02 10:16:50.570000,6341.84,6345,547267,6350,508289,6340,450582,6335,551876
2020-06-02 10:16:50.850000,6341.84,6345,547267,6350,508289,6340,386556,6335,615902
2020-06-02 10:16:51.640000,6341.84,6345,547257,6350,508289,6340,386555,6335,616002
2020-06-02 10:16:52.030000,6341.84,6345,551257,6350,508289,6340,387165,6335,616002
2020-06-02 10:16:52.450000,6341.84,6345,551257,6350,508289,6340,387165,6335,616002
2020-06-02 10:16:53.170000,6341.84,6345,551257,6350,508289,6340,387165,6335,616002
2020-06-02 10:16:53.350000,6341.84,6345,551113,6350,508289,6340,387265,6335,616003
2020-06-02 10:16:54.230000,6341.84,6345,551113,6350,508289,6340,387352,6335,616103
2020-06-02 10:16:54.420000,6341.84,6345,551113,6350,508289,6340,387352,6335,616103
2020-06-02 10:16:55.170000,6341.84,6345,551113,6350,508289,6340,401078,6335,552077
2020-06-02 10:16:55.560000,6341.84,6345,551113,6350,508289,6340,501078,6335,552077
2020-06-02 10:16:56.560000,6341.84,6345,551113,6350,508289,6340,501078,6335,552077
2020-06-02 10:16:57.340000,6342.98,6345,551113,6350,508289,6340,501090,6335,552077
2020-06-02 10:16:57.450000,6342.98,6345,551113,6350,508289,6340,501090,6335,552077
2020-06-02 10:16:57.820000,6342.98,6345,551113,6350,508289,6340,501090,6335,552077
2020-06-02 10:16:58.320000,6342.98,6345,551113,6350,508289,6340,501090,6335,552077
2020-06-02 10:16:58.730000,6342.98,6345,551113,6350,508289,6340,495590,6335,552077
2020-06-02 10:16:59.620000,6344.15,6345,551113,6350,508289,6340,495590,6335,552077
2020-06-02 10:17:00.710000,6344.15,6345,550007,6350,508289,6340,495300,6335,552077
2020-06-02 10:17:01.520000,6344.15,6345,550007,6350,508295,6340,495300,6335,552077
2020-06-02 10:17:02.050000,6344.15,6345,553007,6350,508295,6340,495350,6335,552077
2020-06-02 10:17:02.550000,6344.15,6345,553007,6350,508295,6340,495350,6335,552127
2020-06-02 10:17:02.980000,6344.15,6345,553007,6350,508295,6340,495350,6335,552127
2020-06-02 10:17:03.690000,6344.15,6345,553007,6350,508295,6340,495438,6335,552127
2020-06-02 10:17:03.880000,6344.15,6345,553007,6350,508295,6340,495388,6335,552127
2020-06-02 10:17:04.760000,6344.15,6345,553007,6350,508295,6340,495388,6335,552127
2020-06-02 10:17:05.760000,6344.15,6345,553009,6350,508295,6340,495388,6335,552127
2020-06-02 10:17:07.380000,6344.15,6345,553009,6350,508295,6340,495387,6335,552127
2020-06-02 10:17:07.850000,6344.15,6345,553535,6350,508299,6340,495687,6335,552127
2020-06-02 10:17:08.350000,6344.15,6345,553535,6350,508299,6340,495687,6335,552127
2020-06-02 10:17:09.460000,6343.01,6345,553533,6350,508299,6340,495687,6335,552127
2020-06-02 10:17:09.990000,6343.01,6345,553543,6350,508299,6340,381661,6335,616153
2020-06-02 10:17:10.790000,6343.01,6345,553543,6350,508299,6340,381662,6335,616683
2020-06-02 10:17:11.540000,6343.01,6345,553541,6350,508299,6340,381662,6335,616683
2020-06-02 10:17:11.960000,6343.01,6345,553541,6350,508299,6340,382702,6335,616683
2020-06-02 10:17:12.430000,6343.01,6345,553541,6350,508299,6340,56374,6335,631845
2020-06-02 10:17:13.050000,6343.01,6345,556409,6350,508299,6340,53164,6335,631845
2020-06-02 10:17:14.190000,6343.01,6345,556407,6350,508299,6340,53164,6335,631845
2020-06-02 10:17:14.330000,6343.01,6345,556407,6350,508299,6340,52325,6335,633409
2020-06-02 10:17:14.630000,6343.01,6345,556407,6350,508299,6340,52325,6335,633509
2020-06-02 10:17:15.100000,6343.01,6345,556407,6350,508299,6340,52325,6335,633509
2020-06-02 10:17:15.390000,6343.01,6345,556407,6350,508299,6340,54071,6335,633509
2020-06-02 10:17:16.270000,6343.01,6345,556409,6350,508299,6340,54071,6335,633509
2020-06-02 10:17:16.460000,6343.01,6340,27310,6345,516409,6335,633509,6330,501776
2020-06-02 10:17:16.750000,6343.01,6340,343206,6345,452383,6335,633509,6330,501776
2020-06-02 10:17:17.190000,6342.98,6340,343206,6345,452383,6335,633509,6330,501776
2020-06-02 10:17:17.920000,6341.81,6340,247080,6345,516409,6335,633509,6330,501776
2020-06-02 10:17:18.130000,6340.7,6340,343206,6345,452483,6335,633509,6330,501776
2020-06-02 10:17:18.950000,6340.7,6340,306134,6345,452483,6335,633509,6330,501776
2020-06-02 10:17:19.100000,6340.7,6340,307424,6345,452483,6335,632581,6330,501776
2020-06-02 10:17:19.270000,6340.7,6340,306134,6345,452483,6335,632581,6330,501776
2020-06-02 10:17:19.990000,6340.64,6340,306134,6345,452493,6335,632581,6330,501776
2020-06-02 10:17:20.200000,6340.64,6340,306134,6345,452493,6335,632581,6330,501776
2020-06-02 10:17:20.360000,6340.64,6340,306103,6345,451993,6335,632521,6330,501776
2020-06-02 10:17:21.330000,6340.64,6340,306403,6345,451993,6335,632521,6330,501776
2020-06-02 10:17:22.080000,6340.64,6340,306403,6345,451993,6335,632521,6330,501776
2020-06-02 10:17:22.190000,6340.64,6340,306403,6345,451993,6335,632521,6330,501776
2020-06-02 10:17:22.520000,6340.64,6340,306403,6345,451993,6335,632171,6330,501776
2020-06-02 10:17:23.640000,6340.64,6340,306403,6345,451993,6335,632181,6330,501776
2020-06-02 10:17:23.800000,6340.64,6340,306403,6345,451993,6335,632184,6330,501876
2020-06-02 10:17:25.160000,6340.64,6340,306338,6345,451993,6335,632183,6330,501876
2020-06-02 10:17:25.190000,6340.64,6340,306238,6345,451993,6335,632185,6330,501876
2020-06-02 10:17:25.450000,6340.64,6340,210112,6345,516019,6335,632185,6330,501876
2020-06-02 10:17:26.220000,6340.64,6340,306138,6345,451993,6335,632186,6330,501876
2020-06-02 10:17:26.420000,6340.64,6340,11300,6345,543329,6335,632186,6330,501876
2020-06-02 10:17:27.250000,6340.64,6340,201692,6345,516019,6335,632196,6330,501876
2020-06-02 10:17:27.480000,6340.64,6340,3230,6345,543329,6335,632596,6330,501876
2020-06-02 10:17:28.300000,6340.64,6340,10000,6345,543329,6335,632596,6330,501876
2020-06-02 10:17:28.390000,6340.64,6340,10000,6345,543329,6335,632596,6330,501879
2020-06-02 10:17:28.800000,6340.67,6340,10000,6345,543329,6335,632596,6330,501879
2020-06-02 10:17:29.440000,6340.67,6340,334351,6345,451993,6335,632596,6330,501879
2020-06-02 10:17:29.580000,6340.67,6340,334353,6345,451993,6335,632696,6330,501879
2020-06-02 10:17:30.500000,6340.67,6340,339432,6345,451993,6335,646374,6330,501879
2020-06-02 10:17:30.750000,6340.67,6340,339430,6345,451993,6335,646374,6330,501879
2020-06-02 10:17:31.190000,6340.67,6340,339280,6345,451993,6335,646375,6330,501879
2020-06-02 10:17:31.620000,6340.67,6340,340080,6345,453369,6335,646345,6330,501909
2020-06-02 10:17:32.430000,6340.67,6340,42262,6345,544705,6335,646345,6330,501909
2020-06-02 10:17:32.780000,6340.67,6340,340232,6345,453369,6335,646345,6330,501909
2020-06-02 10:17:33.290000,6340.67,6340,340232,6345,453369,6335,646345,6330,500129
2020-06-02 10:17:34.090000,6340.67,6340,216796,6345,544705,6335,646345,6330,500129
2020-06-02 10:17:34.420000,6340.67,6340,212066,6345,544705,6335,646545,6330,500129
2020-06-02 10:17:35.000000,6340.67,6340,335593,6345,453369,6335,646645,6330,500129
2020-06-02 10:17:36.060000,6340.67,6340,334593,6345,453369,6335,646645,6330,500129
2020-06-02 10:17:36.230000,6340.67,6340,334593,6345,453369,6335,646645,6330,500129
2020-06-02 10:17:37.090000,6340.67,6340,334563,6345,453369,6335,646645,6330,499827
2020-06-02 10:17:37.230000,6340.67,6340,334563,6345,453369,6335,646645,6330,499907
2020-06-02 10:17:38.140000,6340.67,6340,334563,6345,453369,6335,641645,6330,499907
2020-06-02 10:17:38.210000,6339.5,6340,334563,6345,453369,6335,641645,6330,501907
2020-06-02 10:17:38.280000,6339.5,6340,335163,6345,453369,6335,641645,6330,501907
2020-06-02 10:17:38.600000,6339.47,6340,335163,6345,453369,6335,641645,6330,501907
2020-06-02 10:17:39.090000,6339.47,6340,335013,6345,453369,6335,641645,6330,501907
2020-06-02 10:17:39.560000,6340.61,6340,335013,6345,453369,6335,642145,6330,501907
2020-06-02 10:17:40.030000,6340.61,6340,334913,6345,453369,6335,642145,6330,501907
2020-06-02 10:17:41.590000,6340.61,6340,334983,6345,453369,6335,642145,6330,501907
2020-06-02 10:17:42.090000,6340.61,6340,334833,6345,453369,6335,642145,6330,501907
2020-06-02 10:17:42.530000,6340.61,6340,211397,6345,544705,6335,642145,6330,501907
2020-06-02 10:17:43.420000,6340.61,6340,37014,6345,544705,6335,642145,6330,501908
2020-06-02 10:17:43.630000,6340.61,6340,217557,6345,544705,6335,642145,6330,501908
2020-06-02 10:17:44.480000,6340.61,6340,244837,6345,517395,6335,642245,6330,501908
2020-06-02 10:17:44.710000,6340.61,6340,217527,6345,544705,6335,642255,6330,502008
2020-06-02 10:17:45.490000,6340.61,6340,244857,6345,517395,6335,642300,6330,502018
2020-06-02 10:17:45.760000,6340.61,6340,215362,6345,544705,6335,642300,6330,502018
2020-06-02 10:17:46.510000,6340.61,6340,215362,6345,544705,6335,642302,6330,501548
2020-06-02 10:17:46.790000,6340.64,6340,215362,6345,544705,6335,642304,6330,501548
2020-06-02 10:17:47.090000,6340.64,6340,215862,6345,544705,6335,642304,6330,501548
2020-06-02 10:17:47.680000,6341.78,6340,215862,6345,544705,6335,642306,6330,501548
2020-06-02 10:17:47.990000,6340.64,6340,307188,6345,453369,6335,642306,6330,501548
2020-06-02 10:17:48.550000,6340.64,6340,307188,6345,454369,6335,642306,6330,501548
2020-06-02 10:17:49.050000,6340.64,6340,339288,6345,454369,6335,642306,6330,501548
2020-06-02 10:17:49.680000,6340.64,6340,339288,6345,454369,6335,642306,6330,501548
2020-06-02 10:17:49.910000,6340.64,6340,339288,6345,454369,6335,642306,6330,501548
2020-06-02 10:17:50.400000,6340.64,6340,339288,6345,454369,6335,642356,6330,501548
2020-06-02 10:17:50.770000,6340.64,6340,339288,6345,454369,6335,642356,6330,501548
2020-06-02 10:17:51.230000,6340.64,6340,335834,6345,454369,6335,639202,6330,501548
2020-06-02 10:17:51.520000,6340.64,6340,335824,6345,454369,6335,639202,6330,501548
2020-06-02 10:17:51.900000,6340.64,6340,335824,6345,454369,6335,639202,6330,501548
2020-06-02 10:17:52.290000,6340.64,6340,335824,6345,454369,6335,639202,6330,501548
2020-06-02 10:17:52.760000,6340.64,6340,335824,6345,454369,6335,639186,6330,501248
2020-06-02 10:17:53.230000,6340.64,6340,213388,6345,545705,6335,639186,6330,501248
2020-06-02 10:17:53.650000,6340.64,6340,39016,6345,545705,6335,639196,6330,501748
2020-06-02 10:17:54.400000,6340.64,6340,37473,6345,545705,6335,639185,6330,501748
2020-06-02 10:17:55.440000,6340.64,6340,40698,6345,545705,6335,639185,6330,501848
2020-06-02 10:17:55.580000,6340.64,6340,29468,6345,545705,6335,639185,6330,501848
2020-06-02 10:17:55.900000,6340.64,6340,29468,6345,545705,6335,639385,6330,501848
2020-06-02 10:17:56.290000,6340.64,6340,37468,6345,545705,6335,639385,6330,501848
2020-06-02 10:17:57.020000,6340.64,6340,33468,6345,545705,6335,639385,6330,501848
2020-06-02 10:17:57.190000,6340.64,6340,33468,6345,545705,6335,639385,6330,501848
2020-06-02 10:17:57.600000,6340.61,6340,33463,6345,545711,6335,639385,6330,501848
2020-06-02 10:17:58.160000,6341.78,6340,34463,6345,545711,6335,639385,6330,501848
2020-06-02 10:17:58.430000,6341.78,6340,34508,6345,545811,6335,639385,6330,501848
2020-06-02 10:17:59.150000,6341.78,6340,34208,6345,545811,6335,639385,6330,501848
2020-06-02 10:17:59.220000,6341.78,6340,31662,6345,545811,6335,639386,6330,501848
2020-06-02 10:17:59.550000,6341.78,6340,23662,6345,545811,6335,639386,6330,501848
2020-06-02 10:18:00.240000,6341.78,6340,23356,6345,545911,6335,639386,6330,501878
2020-06-02 10:18:00.410000,6341.78,6340,23356,6345,545911,6335,639386,6330,501978
2020-06-02 10:18:01.300000,6341.78,6340,200,6345,545711,6335,639838,6330,501978
2020-06-02 10:18:01.660000,6341.78,6340,195,6345,545711,6335,639396,6330,501978
2020-06-02 10:18:02.220000,6341.78,6340,185707,6345,545711,6335,639416,6330,501978
2020-06-02 10:18:02.750000,6341.78,6340,11325,6345,546211,6335,639416,6330,501978
2020-06-02 10:18:03.190000,6341.78,6340,8365,6345,546217,6335,639416,6330,500978
2020-06-02 10:18:03.910000,6341.78,6340,185610,6345,546217,6335,639416,6330,500988
2020-06-02 10:18:04.250000,6341.78,6340,309048,6345,454881,6335,638627,6330,500689
2020-06-02 10:18:05.250000,6341.78,6340,308848,6345,454881,6335,638628,6330,503689
2020-06-02 10:18:06.280000,6341.78,6340,308838,6345,454881,6335,638628,6330,503689
2020-06-02 10:18:07.420000,6341.81,6340,212720,6345,518907,6335,638628,6330,503689
2020-06-02 10:18:08.200000,6340.67,6340,212718,6345,518907,6335,638628,6330,503689
2020-06-02 10:18:08.310000,6340.64,6340,212718,6345,518907,6335,638628,6330,503689
2020-06-02 10:18:08.690000,6340.64,6340,308844,6345,454881,6335,638628,6330,503689
2020-06-02 10:18:09.020000,6340.64,6340,308864,6345,454881,6335,638628,6330,503689
2020-06-02 10:18:09.770000,6340.64,6340,308864,6345,454881,6335,638628,6330,503691
2020-06-02 10:18:10.030000,6340.64,6340,309164,6345,454881,6335,638628,6330,503691
2020-06-02 10:18:10.840000,6340.64,6340,309162,6345,454881,6335,640628,6330,501691
2020-06-02 10:18:11.220000,6340.64,6340,309152,6345,454881,6335,640728,6330,501991
2020-06-02 10:18:11.750000,6340.64,6340,309152,6345,454881,6335,640728,6330,501991
2020-06-02 10:18:12.360000,6340.64,6340,309152,6345,454881,6335,640728,6330,501991
2020-06-02 10:18:12.890000,6340.64,6340,309152,6345,454881,6335,640738,6330,501991
2020-06-02 10:18:13.530000,6340.64,6340,359056,6345,454881,6335,640738,6330,501991
2020-06-02 10:18:14.020000,6340.64,6340,309117,6345,454881,6335,640703,6330,501991
2020-06-02 10:18:14.980000,6340.64,6340,309117,6345,454881,6335,640713,6330,501991
2020-06-02 10:18:15.160000,6340.64,6340,309117,6345,454881,6335,640353,6330,502091
2020-06-02 10:18:16.010000,6340.64,6340,309117,6345,454881,6335,640353,6330,502091
2020-06-02 10:18:16.190000,6340.64,6340,309117,6345,454881,6335,640353,6330,502091
2020-06-02 10:18:16.480000,6340.64,6340,309117,6345,454881,6335,640353,6330,502091
2020-06-02 10:18:16.920000,6340.64,6340,309112,6345,454881,6335,640353,6330,502091
2020-06-02 10:18:17.920000,6339.5,6340,309112,6345,454881,6335,640353,6330,502091
2020-06-02 10:18:18.690000,6339.5,6340,309112,6345,454881,6335,640353,6330,502091
2020-06-02 10:18:18.860000,6339.5,6340,309112,6345,454881,6335,640353,6330,502091
2020-06-02 10:18:20.030000,6339.53,6340,309132,6345,454881,6335,640445,6330,502087
2020-06-02 10:18:20.530000,6339.53,6340,309122,6345,454881,6335,640945,6330,502087
2020-06-02 10:18:21.730000,6339.53,6340,309122,6345,454881,6335,640945,6330,501587
2020-06-02 10:18:22.090000,6339.53,6340,309122,6345,454881,6335,640946,6330,501587
2020-06-02 10:18:22.930000,6339.53,6340,359026,6345,454881,6335,640946,6330,501587
2020-06-02 10:18:23.170000,6339.53,6340,359026,6345,454881,6335,640946,6330,501588
2020-06-02 10:18:23.390000,6339.53,6340,359026,6345,454881,6335,640946,6330,501588
2020-06-02 10:18:23.860000,6339.53,6340,309501,6345,454881,6335,640946,6330,501588
2020-06-02 10:18:25.710000,6339.53,6340,308624,6345,454881,6335,640946,6330,501588
2020-06-02 10:18:26.450000,6339.53,6340,308674,6345,454881,6335,640946,6330,502088
2020-06-02 10:18:26.650000,6339.53,6340,308674,6345,454881,6335,640946,6330,502088
2020-06-02 10:18:26.920000,6339.5,6340,308674,6345,454881,6335,640946,6330,502088
2020-06-02 10:18:28.030000,6339.5,6340,308974,6345,454881,6335,640946,6330,502088
2020-06-02 10:18:28.420000,6339.5,6340,308974,6345,454881,6335,640946,6330,502198
2020-06-02 10:18:29.060000,6340.64,6340,308974,6345,454881,6335,640946,6330,502398
2020-06-02 10:18:29.560000,6340.64,6340,308975,6345,454881,6335,640946,6330,502398
2020-06-02 10:18:29.820000,6340.64,6340,308975,6345,454881,6335,640948,6330,502398
2020-06-02 10:18:30.600000,6340.64,6340,308975,6345,454881,6335,640948,6330,502398
2020-06-02 10:18:31.680000,6340.64,6340,308945,6345,454881,6335,640948,6330,502398
2020-06-02 10:18:32.870000,6340.64,6340,308945,6345,454881,6335,640948,6330,502398
2020-06-02 10:18:33.520000,6340.64,6340,309690,6345,454881,6335,640948,6330,502398
2020-06-02 10:18:34.320000,6340.64,6340,309690,6345,454881,6335,640949,6330,502397
2020-06-02 10:18:34.730000,6340.64,6340,309660,6345,454881,6335,640949,6330,502397
2020-06-02 10:18:35.120000,6340.64,6340,309360,6345,454881,6335,640939,6330,502397
2020-06-02 10:18:35.490000,6340.64,6340,309360,6345,454881,6335,640000,6330,502397
2020-06-02 10:18:35.880000,6340.64,6340,309360,6345,454881,6335,640000,6330,502397
2020-06-02 10:18:36.100000,6340.64,6340,309360,6345,454881,6335,640000,6330,502397
2020-06-02 10:18:36.380000,6340.64,6340,309360,6345,454881,6335,640000,6330,502397
2020-06-02 10:18:36.910000,6340.64,6340,309360,6345,454881,6335,640000,6330,502447
2020-06-02 10:18:37.930000,6340.67,6340,359264,6345,454881,6335,640000,6330,502447
2020-06-02 10:18:38.160000,6339.5,6340,359264,6345,454891,6335,640000,6330,502447
2020-06-02 10:18:38.960000,6339.5,6340,359264,6345,454891,6335,640000,6330,502447
2020-06-02 10:18:39.190000,6339.5,6340,359264,6345,454891,6335,639767,6330,502447
2020-06-02 10:18:40.050000,6339.47,6340,359264,6345,454891,6335,639472,6330,502447
2020-06-02 10:18:40.350000,6339.47,6340,309360,6345,454891,6335,639472,6330,502447
2020-06-02 10:18:41.050000,6339.47,6340,309360,6345,454891,6335,639472,6330,509446
2020-06-02 10:18:42.050000,6339.47,6340,309240,6345,454891,6335,639472,6330,509446
2020-06-02 10:18:42.190000,6339.47,6340,309235,6345,454891,6335,639472,6330,509446
2020-06-02 10:18:42.520000,6339.47,6340,309135,6345,454891,6335,637735,6330,509446
2020-06-02 10:18:42.790000,6339.47,6340,309135,6345,454891,6335,637935,6330,509446
2020-06-02 10:18:43.080000,6339.47,6340,309105,6345,454891,6335,637935,6330,509446
2020-06-02 10:18:43.900000,6339.47,6340,309055,6345,454891,6335,637950,6330,509446
2020-06-02 10:18:44.680000,6339.47,6340,309005,6345,454891,6335,637900,6330,509446
2020-06-02 10:18:44.790000,6339.47,6340,309005,6345,454891,6335,637900,6330,509446
2020-06-02 10:18:45.110000,6339.47,6340,309000,6345,454891,6335,637900,6330,509446
2020-06-02 10:18:45.400000,6339.47,6340,309000,6345,454891,6335,637900,6330,509446
2020-06-02 10:18:45.790000,6339.47,6340,309000,6345,454891,6335,637900,6330,509446
2020-06-02 10:18:46.190000,6339.47,6340,11182,6345,546227,6335,637900,6330,509446
2020-06-02 10:18:46.630000,6339.47,6345,546227,6350,508721,6335,642770,6330,509446
2020-06-02 10:18:47.020000,6339.47,6345,546227,6350,508721,6335,642771,6330,509446
2020-06-02 10:18:47.900000,6340.61,6345,546227,6350,508721,6340,258554,6335,627614
2020-06-02 10:18:48.100000,6340.61,6345,546227,6350,508721,6340,258554,6335,627614
2020-06-02 10:18:48.350000,6340.61,6345,546227,6350,508721,6340,258554,6335,627614
2020-06-02 10:18:48.750000,6341.81,6345,546227,6350,508721,6340,258554,6335,627614
2020-06-02 10:18:49.490000,6341.81,6345,543357,6350,508721,6340,261554,6335,627684
2020-06-02 10:18:49.630000,6341.81,6345,543357,6350,508721,6340,311554,6335,627684
2020-06-02 10:18:50.750000,6342.95,6345,543357,6350,508721,6340,310514,6335,627684
2020-06-02 10:18:51.580000,6342.95,6345,543357,6350,508721,6340,310514,6335,627684
2020-06-02 10:18:51.720000,6342.95,6345,543357,6350,508721,6340,310514,6335,627684
2020-06-02 10:18:51.860000,6342.95,6345,543357,6350,508721,6340,310544,6335,627684
2020-06-02 10:18:52.780000,6342.95,6345,543357,6350,508721,6340,310544,6335,627684
2020-06-02 10:18:53.130000,6342.95,6345,543357,6350,508721,6340,310544,6335,627754
2020-06-02 10:18:53.490000,6342.95,6345,543357,6350,508721,6340,311544,6335,627224
2020-06-02 10:18:54.780000,6342.95,6345,543049,6350,508721,6340,311544,6335,627224
2020-06-02 10:18:55.020000,6342.95,6345,543049,6350,508721,6340,311544,6335,627224
2020-06-02 10:18:56.160000,6342.95,6345,543049,6350,508721,6340,364774,6335,627234
2020-06-02 10:18:56.880000,6342.95,6345,543049,6350,508721,6340,314811,6335,627234
2020-06-02 10:18:57.160000,6342.95,6345,543049,6350,508721,6340,311581,6335,627234
2020-06-02 10:18:57.920000,6342.95,6345,543049,6350,508721,6340,311581,6335,627234
2020-06-02 10:18:58.280000,6342.95,6345,543049,6350,508721,6340,311601,6335,627234
2020-06-02 10:18:58.720000,6342.98,6345,543049,6350,508721,6340,309601,6335,627234
2020-06-02 10:18:59.470000,6342.98,6345,543047,6350,508721,6340,309611,6335,627224
2020-06-02 10:18:59.690000,6342.98,6345,543047,6350,508721,6340,309611,6335,627164
2020-06-02 10:19:00.560000,6342.98,6345,543047,6350,508721,6340,423637,6335,563139
2020-06-02 10:19:00.810000,6342.98,6345,543047,6350,508721,6340,423657,6335,563149
2020-06-02 10:19:01.610000,6342.98,6345,543047,6350,508721,6340,309631,6335,627174
2020-06-02 10:19:01.830000,6342.98,6345,543027,6350,508721,6340,423657,6335,563148
2020-06-02 10:19:02.660000,6342.98,6345,543027,6350,508721,6340,309631,6335,627174
2020-06-02 10:19:03.190000,6342.98,6345,543027,6350,508721,6340,309631,6335,627174
2020-06-02 10:19:04.220000,6342.98,6345,543027,6350,508721,6340,423657,6335,563148
2020-06-02 10:19:04.410000,6342.98,6345,543027,6350,508721,6340,309631,6335,627174
2020-06-02 10:19:04.720000,6342.98,6345,543027,6350,508721,6340,306975,6335,627174
2020-06-02 10:19:05.250000,6342.98,6345,543027,6350,508721,6340,306985,6335,627174
2020-06-02 10:19:05.690000,6342.98,6345,543027,6350,508721,6340,306985,6335,627175
2020-06-02 10:19:06.550000,6342.98,6345,543027,6350,508721,6340,306985,6335,627175
2020-06-02 10:19:06.800000,6342.98,6345,543027,6350,508721,6340,306990,6335,627175
2020-06-02 10:19:07.840000,6342.98,6345,543027,6350,508721,6340,306990,6335,627176
2020-06-02 10:19:07.900000,6342.98,6345,543113,6350,508721,6340,306990,6335,627176
2020-06-02 10:19:08.190000,6342.98,6345,543113,6350,508721,6340,306990,6335,627176
2020-06-02 10:19:09.120000,6342.98,6345,543113,6350,508721,6340,306990,6335,627176
2020-06-02 10:19:09.390000,6342.98,6345,543113,6350,508721,6340,306990,6335,627181
2020-06-02 10:19:10.450000,6342.98,6345,543113,6350,508721,6340,306990,6335,627181
2020-06-02 10:19:10.890000,6342.98,6345,543113,6350,508721,6340,424246,6335,563155
2020-06-02 10:19:11.450000,6342.98,6345,543113,6350,508721,6340,424246,6335,563160
2020-06-02 10:19:11.950000,6342.98,6345,543113,6350,508721,6340,426046,6335,563160
2020-06-02 10:19:12.320000,6342.98,6345,543113,6350,508721,6340,438656,6335,563160
2020-06-02 10:19:13.070000,6342.98,6345,543113,6350,508721,6340,438456,6335,563160
2020-06-02 10:19:13.360000,6342.98,6345,543113,6350,508721,6340,324430,6335,627186
2020-06-02 10:19:14.150000,6342.98,6345,543096,6350,508721,6340,324430,6335,627186
2020-06-02 10:19:14.390000,6342.98,6345,543096,6350,508721,6340,439237,6335,563190
2020-06-02 10:19:15.200000,6342.98,6345,543096,6350,508721,6340,569637,6335,563190
2020-06-02 10:19:15.420000,6342.98,6345,543096,6350,508721,6340,569637,6335,563190
2020-06-02 10:19:15.620000,6342.98,6345,543096,6350,508721,6340,569640,6335,563190
2020-06-02 10:19:15.950000,6342.98,6345,543096,6350,508721,6340,469641,6335,563190
2020-06-02 10:19:16.390000,6342.98,6345,543096,6350,508721,6340,569741,6335,563190
2020-06-02 10:19:16.890000,6342.98,6345,543296,6350,508721,6340,569746,6335,563190
2020-06-02 10:19:17.230000,6344.12,6345,543296,6350,508721,6340,569738,6335,563190
2020-06-02 10:19:17.620000,6342.98,6345,543296,6350,508721,6340,569738,6335,563190
2020-06-02 10:19:18.310000,6342.98,6345,543294,6350,508721,6340,570188,6335,563190
2020-06-02 10:19:19.930000,6344.15,6345,543294,6350,508721,6340,570188,6335,562990
2020-06-02 10:19:20.070000,6344.15,6345,543294,6350,508721,6340,570189,6335,562990
2020-06-02 10:19:21.540000,6344.15,6345,543294,6350,508721,6340,570489,6335,562990
2020-06-02 10:19:21.740000,6344.15,6345,543294,6350,508721,6340,570490,6335,562990
2020-06-02 10:19:23.760000,6344.15,6345,543379,6350,508721,6340,570495,6335,563140
2020-06-02 10:19:24.060000,6344.15,6345,543379,6350,508721,6340,570495,6335,563140
2020-06-02 10:19:25.180000,6344.15,6345,543379,6350,508721,6340,570505,6335,563140
2020-06-02 10:19:25.290000,6344.15,6345,543379,6350,508721,6340,570505,6335,563140
2020-06-02 10:19:25.650000,6344.15,6345,535206,6350,508721,6340,570305,6335,563163
2020-06-02 10:19:26.160000,6344.15,6345,535206,6350,508721,6340,575863,6335,563163
2020-06-02 10:19:27.300000,6344.15,6345,535206,6350,508721,6340,575863,6335,563164
2020-06-02 10:19:27.480000,6344.15,6345,535206,6350,508721,6340,575863,6335,563163
2020-06-02 10:19:27.590000,6344.15,6345,535206,6350,508721,6340,575863,6335,563163
2020-06-02 10:19:28.290000,6344.15,6345,535206,6350,508721,6340,575862,6335,563163
2020-06-02 10:19:28.490000,6344.15,6345,475206,6350,508721,6340,575825,6335,563163
2020-06-02 10:19:29.350000,6344.15,6345,475206,6350,508721,6340,575825,6335,563163
2020-06-02 10:19:29.550000,6344.15,6345,482296,6350,508721,6340,584325,6335,563163
2020-06-02 10:19:30.480000,6343.01,6345,482296,6350,508721,6340,584330,6335,563173
2020-06-02 10:19:31.410000,6343.01,6345,482296,6350,508721,6340,578772,6335,563173
2020-06-02 10:19:32.460000,6343.01,6345,482296,6350,508721,6340,578772,6335,563173
2020-06-02 10:19:32.570000,6343.01,6345,482296,6350,508721,6340,578872,6335,563173
2020-06-02 10:19:32.930000,6343.01,6345,475206,6350,508721,6340,578872,6335,563173
2020-06-02 10:19:34.150000,6343.01,6345,475206,6350,508721,6340,578872,6335,563173
2020-06-02 10:19:34.320000,6343.01,6345,475206,6350,508721,6340,578873,6335,563173
2020-06-02 10:19:35.240000,6343.01,6345,482296,6350,508721,6340,578873,6335,563173
2020-06-02 10:19:35.520000,6343.01,6345,482292,6350,508721,6340,578875,6335,563173
2020-06-02 10:19:36.130000,6343.01,6345,482292,6350,508721,6340,578885,6335,563173
2020-06-02 10:19:37.180000,6343.01,6345,482292,6350,508721,6340,578997,6335,563173
2020-06-02 10:19:37.290000,6343.01,6345,485442,6350,508721,6340,579007,6335,563173
2020-06-02 10:19:37.400000,6343.01,6345,485442,6350,508721,6340,579017,6335,563174
2020-06-02 10:19:38.640000,6344.15,6345,485442,6350,508721,6340,464991,6335,627200
2020-06-02 10:19:39.520000,6344.18,6345,485442,6350,508721,6340,464991,6335,627205
2020-06-02 10:19:40.300000,6344.18,6345,484792,6350,508721,6340,465071,6335,627225
2020-06-02 10:19:41.440000,6344.18,6345,490101,6350,508721,6340,529097,6335,563199
2020-06-02 10:19:41.830000,6344.18,6345,490101,6350,508721,6340,579097,6335,563199
2020-06-02 10:19:42.350000,6344.18,6345,490101,6350,508721,6340,465071,6335,627225
2020-06-02 10:19:43.520000,6344.18,6345,490101,6350,508721,6340,465071,6335,627225
2020-06-02 10:19:43.610000,6344.18,6345,490101,6350,509274,6340,465071,6335,627375
2020-06-02 10:19:44.560000,6344.18,6345,490101,6350,509274,6340,365071,6335,627375
2020-06-02 10:19:44.850000,6344.18,6345,490601,6350,509274,6340,365071,6335,627375
2020-06-02 10:19:45.690000,6344.18,6345,490601,6350,509274,6340,365071,6335,627380
2020-06-02 10:19:46.280000,6342.98,6345,490601,6350,509274,6340,365248,6335,627380
