time,nav,sell1,sell1_cnt,sell2,sell2_cnt,buy1,buy1_cnt,buy2,buy2_cnt
2020-06-12 09:46:49.87,0.0,6255,414631,6260,358181,6250,298180,6245,432696
2020-06-12 09:46:50.56,6253.13,6255,414032,6260,358181,6250,84228,6245,432696
2020-06-12 09:46:51.47,6253.13,6255,413195,6260,357681,6250,84378,6245,432696
2020-06-12 09:46:52.39,6253.13,6255,413225,6260,357691,6250,84378,6245,432676
2020-06-12 09:46:53.50,6253.13,6255,421739,6260,357692,6250,56074,6245,432676
2020-06-12 09:46:54.50,6253.13,6255,421749,6260,357692,6250,60905,6245,432676
2020-06-12 09:46:55.26,6253.13,6250,151685,6255,346249,6245,445577,6240,315896
2020-06-12 09:46:56.20,6253.13,6255,421658,6260,357692,6245,445577,6240,315896
2020-06-12 09:46:57.86,6252.08,6255,406677,6260,367692,6250,71963,6245,445576
2020-06-12 09:46:58.83,6251.05,6255,398082,6260,367692,6250,129227,6245,445576
2020-06-12 09:46:59.30,6252.05,6255,399425,6260,367692,6250,207934,6245,417325
2020-06-12 09:47:00.30,6252.05,6255,403282,6260,367692,6250,129933,6245,445706
2020-06-12 09:47:01.16,6252.05,6255,403582,6260,367702,6250,209803,6245,417531
2020-06-12 09:47:02.20,6252.05,6255,402682,6260,367654,6250,210103,6245,417531
2020-06-12 09:47:03.25,6253.11,6255,406142,6260,367635,6250,313644,6245,417531
2020-06-12 09:47:04.30,6253.11,6255,406242,6260,367635,6250,419866,6245,311309
2020-06-12 09:47:04.89,6253.11,6255,405530,6260,367635,6250,419846,6245,311309
2020-06-12 09:47:05.87,6253.11,6255,413857,6260,367635,6250,447895,6245,311309
2020-06-12 09:47:06.92,6253.11,6255,413858,6260,367635,6250,447908,6245,311309
2020-06-12 09:47:07.97,6254.16,6255,415595,6260,367635,6250,336491,6245,417501
2020-06-12 09:47:08.59,6255.22,6255,397695,6260,367835,6250,447273,6245,311279
2020-06-12 09:47:09.61,6254.16,6255,417679,6260,367835,6250,447323,6245,311279
2020-06-12 09:47:10.65,6255.19,6255,417460,6260,367835,6250,447339,6245,316279
2020-06-12 09:47:11.72,6255.19,6255,417888,6260,367835,6250,337522,6245,422501
2020-06-12 09:47:12.75,6255.19,6255,424053,6260,367835,6250,336722,6245,422501
2020-06-12 09:47:13.81,6255.19,6255,422835,6260,367835,6250,448082,6245,315479
2020-06-12 09:47:14.84,6255.19,6255,422835,6260,368835,6250,339619,6245,421701
2020-06-12 09:47:15.89,6255.19,6255,423977,6260,368835,6250,339879,6245,421701
2020-06-12 09:47:16.29,6255.19,6255,424002,6260,368835,6250,261618,6245,450757
2020-06-12 09:47:17.48,6255.19,6255,423522,6260,368835,6250,340669,6245,422506
2020-06-12 09:47:18.54,6254.16,6255,423836,6260,368835,6250,351504,6245,422506
2020-06-12 09:47:19.57,6254.14,6255,421303,6260,368935,6250,457726,6245,316284
2020-06-12 09:47:19.93,6254.14,6255,422203,6260,368935,6250,456726,6245,316284
2020-06-12 09:47:20.68,6254.16,6255,422232,6260,368935,6250,350504,6245,422506
2020-06-12 09:47:21.74,6254.16,6255,432351,6260,368935,6250,340985,6245,422506
2020-06-12 09:47:22.79,6254.16,6255,432842,6260,368935,6250,342291,6245,422506
2020-06-12 09:47:23.40,6254.16,6255,431842,6260,368935,6250,346205,6245,422506
2020-06-12 09:47:24.40,6254.16,6255,437642,6260,368935,6250,266963,6245,450711
2020-06-12 09:47:25.43,6254.16,6255,437692,6260,368935,6250,266963,6245,450711
2020-06-12 09:47:26.49,6254.16,6255,438946,6260,368935,6250,179081,6245,450711
2020-06-12 09:47:26.93,6254.16,6255,575344,6260,368970,6250,23610,6245,443012
2020-06-12 09:47:28.05,6253.08,6255,566845,6260,368970,6250,159044,6245,414760
2020-06-12 09:47:29.10,6253.11,6255,567245,6260,369000,6250,133051,6245,414760
2020-06-12 09:47:30.16,6253.11,6255,566325,6260,369000,6250,130195,6245,458760
2020-06-12 09:47:31.22,6252.08,6255,565375,6260,368362,6250,131587,6245,458760
2020-06-12 09:47:31.66,6252.08,6255,565342,6260,368362,6250,142753,6245,458730
2020-06-12 09:47:32.80,6252.08,6255,565292,6260,368162,6250,141203,6245,458730
2020-06-12 09:47:33.86,6252.08,6255,566226,6260,368112,6250,181362,6245,418730
2020-06-12 09:47:34.93,6252.08,6255,566331,6260,368412,6250,140931,6245,458730
2020-06-12 09:47:35.99,6252.08,6255,556473,6260,368489,6250,136033,6245,458628
2020-06-12 09:47:36.54,6252.08,6255,556473,6260,368489,6250,135183,6245,458628
2020-06-12 09:47:37.60,6253.13,6255,556473,6260,368489,6250,135173,6245,458628
2020-06-12 09:47:38.66,6252.1,6255,556478,6260,368489,6250,97919,6245,458638
2020-06-12 09:47:39.16,6252.08,6255,564478,6260,368489,6250,1471,6245,458638
2020-06-12 09:47:40.24,6250.99,6250,164577,6255,488978,6245,458639,6240,314180
2020-06-12 09:47:41.30,6250.99,6250,234975,6255,488980,6245,458479,6240,314180
2020-06-12 09:47:42.35,6250.99,6250,395592,6255,420062,6245,453439,6240,314150
2020-06-12 09:47:43.41,6250.99,6250,400791,6255,419423,6245,453439,6240,314150
2020-06-12 09:47:44.47,6250.99,6250,232175,6255,490145,6245,453439,6240,314150
2020-06-12 09:47:45.53,6250.99,6250,399961,6255,419578,6245,453939,6240,314150
2020-06-12 09:47:46.03,6250.99,6250,399945,6255,419578,6245,453944,6240,314150
2020-06-12 09:47:47.13,6250.99,6250,390445,6255,419628,6245,453885,6240,314150
2020-06-12 09:47:48.19,6249.93,6250,389645,6255,419628,6245,453885,6240,314150
2020-06-12 09:47:48.59,6249.96,6250,390455,6255,419658,6245,453985,6240,314150
2020-06-12 09:47:49.80,6248.9,6250,390456,6255,419688,6245,453825,6240,314150
2020-06-12 09:47:50.16,6248.9,6250,390421,6255,419688,6245,453825,6240,314100
2020-06-12 09:47:51.36,6248.9,6250,390220,6255,419743,6245,347502,6240,420322
2020-06-12 09:47:52.42,6248.9,6250,400720,6255,418443,6245,455219,6240,314200
2020-06-12 09:47:53.48,6248.9,6250,400428,6255,414326,6245,348997,6240,420422
2020-06-12 09:47:54.53,6248.9,6250,400533,6255,414326,6245,349297,6240,420322
2020-06-12 09:47:55.59,6248.9,6250,400583,6255,412921,6245,252932,6240,460657
2020-06-12 09:47:56.64,6248.9,6250,394856,6255,412486,6245,344422,6240,420857
2020-06-12 09:47:57.65,6248.9,6250,394856,6255,412486,6245,345534,6240,420857
2020-06-12 09:47:58.12,6248.87,6250,394956,6255,412486,6245,346910,6240,420862
2020-06-12 09:47:59.29,6248.85,6250,394956,6255,412486,6245,346960,6240,420862
2020-06-12 09:47:59.82,6248.85,6250,396579,6255,412486,6245,346960,6240,420862
2020-06-12 09:48:00.89,6247.82,6250,396579,6255,412486,6245,452982,6240,314640
2020-06-12 09:48:01.96,6247.82,6250,406379,6255,412486,6245,453130,6240,314645
2020-06-12 09:48:03.03,6247.82,6250,406980,6255,411886,6245,346938,6240,420901
2020-06-12 09:48:03.59,6247.82,6250,403899,6255,411886,6245,257188,6240,460901
2020-06-12 09:48:04.66,6247.82,6250,403899,6255,411671,6245,256925,6240,460881
2020-06-12 09:48:05.60,6247.82,6250,405899,6255,410672,6245,156978,6240,460882
2020-06-12 09:48:06.72,6247.82,6250,405799,6255,410672,6245,156948,6240,460882
2020-06-12 09:48:07.77,6248.87,6250,405804,6255,411355,6245,155998,6240,461682
2020-06-12 09:48:08.83,6246.79,6250,405904,6255,410355,6245,154868,6240,461682
2020-06-12 09:48:09.88,6247.82,6250,406304,6255,409955,6245,244468,6240,422182
2020-06-12 09:48:10.89,6247.82,6250,409803,6255,409955,6245,244628,6240,422182
2020-06-12 09:48:11.27,6247.82,6250,409696,6255,409755,6245,244453,6240,422182
2020-06-12 09:48:12.52,6247.82,6250,409696,6255,409955,6245,246751,6240,422182
2020-06-12 09:48:12.96,6247.82,6250,409696,6255,409955,6245,246749,6240,422182
2020-06-12 09:48:13.80,6247.82,6250,410495,6255,409156,6245,135102,6240,422182
2020-06-12 09:48:14.89,6247.82,6250,410525,6255,409156,6245,278563,6240,422182
2020-06-12 09:48:16.16,6247.82,6250,402425,6255,407902,6245,227713,6240,422382
2020-06-12 09:48:17.41,6248.85,6250,401940,6255,407902,6245,226093,6240,422387
2020-06-12 09:48:18.47,6246.79,6250,402515,6255,407932,6245,226093,6240,422387
2020-06-12 09:48:19.51,6247.82,6250,402515,6255,408432,6245,226193,6240,422367
2020-06-12 09:48:20.58,6247.82,6245,129,6250,401915,6240,462337,6235,327733
2020-06-12 09:48:21.64,6247.82,6245,129,6250,427045,6240,462338,6235,327685
2020-06-12 09:48:22.70,6247.82,6250,436895,6255,409102,6245,120972,6240,407474
2020-06-12 09:48:23.75,6247.82,6250,436946,6255,409102,6245,120934,6240,407474
2020-06-12 09:48:24.78,6247.82,6250,436946,6255,409102,6245,119690,6240,407474
2020-06-12 09:48:25.79,6247.82,6250,437846,6255,409102,6245,6987,6240,439827
2020-06-12 09:48:26.09,6247.82,6250,437946,6255,409002,6245,121891,6240,407474
2020-06-12 09:48:26.99,6246.79,6250,433213,6255,413002,6245,116501,6240,407524
2020-06-12 09:48:27.82,6246.79,6250,433213,6255,413002,6245,116443,6240,409024
2020-06-12 09:48:29.02,6246.79,6250,433213,6255,413402,6245,1590,6240,441377
2020-06-12 09:48:29.49,6246.81,6250,433383,6255,413402,6245,1610,6240,441377
2020-06-12 09:48:30.61,6245.76,6250,434695,6255,413552,6245,32473,6240,409024
2020-06-12 09:48:31.68,6245.76,6245,4,6250,434695,6240,441291,6235,326567
2020-06-12 09:48:32.69,6245.76,6245,67682,6250,434695,6240,441407,6235,327567
2020-06-12 09:48:33.07,6245.76,6245,67682,6250,435949,6240,441407,6235,327567
2020-06-12 09:48:34.24,6245.76,6245,67832,6250,435949,6240,441607,6235,327567
2020-06-12 09:48:35.28,6245.76,6245,254968,6250,289727,6240,440551,6235,327567
2020-06-12 09:48:35.77,6245.76,6245,254952,6250,289767,6240,438017,6235,327667
2020-06-12 09:48:36.89,6245.76,6245,274903,6250,269767,6240,437017,6235,327667
2020-06-12 09:48:37.94,6245.76,6245,31763,6250,416189,6240,437017,6235,327667
2020-06-12 09:48:39.00,6245.7,6245,32116,6250,415789,6240,437180,6235,327667
2020-06-12 09:48:40.06,6245.7,6245,340292,6250,269567,6240,434717,6235,327668
2020-06-12 09:48:41.13,6245.7,6245,339770,6250,269567,6240,434721,6235,327668
2020-06-12 09:48:41.69,6245.7,6245,339771,6250,269569,6240,434722,6235,327668
2020-06-12 09:48:42.70,6245.7,6245,344894,6250,269569,6240,434742,6235,327668
2020-06-12 09:48:43.75,6244.67,6245,344753,6250,269569,6240,434643,6235,327668
2020-06-12 09:48:44.27,6244.67,6245,344969,6250,269569,6240,434643,6235,327668
2020-06-12 09:48:45.19,6244.67,6245,343369,6250,269569,6240,436642,6235,328668
2020-06-12 09:48:46.16,6244.67,6245,343638,6250,269469,6240,436298,6235,328668
2020-06-12 09:48:47.39,6243.64,6245,338715,6250,268969,6240,280076,6235,434890
2020-06-12 09:48:48.44,6243.61,6245,338715,6250,268970,6240,436082,6235,328668
2020-06-12 09:48:48.77,6243.58,6245,338715,6250,268970,6240,468033,6235,328668
2020-06-12 09:48:50.01,6243.58,6245,288415,6250,268970,6240,468033,6235,328668
2020-06-12 09:48:50.59,6244.64,6245,338465,6250,268071,6240,467133,6235,328668
2020-06-12 09:48:51.58,6244.64,6245,338465,6250,268081,6240,310911,6235,434890
2020-06-12 09:48:52.62,6244.64,6245,333386,6250,268081,6240,466983,6235,328668
2020-06-12 09:48:53.69,6244.64,6245,333386,6250,268081,6240,466984,6235,328668
2020-06-12 09:48:53.97,6244.64,6245,333516,6250,268081,6240,466984,6235,328668
2020-06-12 09:48:54.79,6244.64,6245,333516,6250,268081,6240,315306,6235,434890
2020-06-12 09:48:55.78,6244.64,6245,358656,6250,268081,6240,315356,6235,434890
2020-06-12 09:48:56.79,6244.64,6245,358656,6250,268081,6240,471578,6235,328668
2020-06-12 09:48:57.36,6243.58,6245,261671,6250,268470,6240,471578,6235,328668
2020-06-12 09:48:58.37,6242.55,6245,242129,6250,288103,6240,471577,6235,328668
2020-06-12 09:48:59.40,6245.7,6245,242129,6250,288103,6240,471577,6235,328668
2020-06-12 09:49:00.46,6244.67,6245,338255,6250,289103,6240,471577,6235,328668
2020-06-12 09:49:01.50,6244.67,6245,241111,6250,289103,6240,471577,6235,328668
2020-06-12 09:49:01.96,6244.67,6245,241693,6250,289103,6240,471577,6235,328668
2020-06-12 09:49:02.90,6244.67,6245,241150,6250,289103,6240,471587,6235,328668
2020-06-12 09:49:03.76,6244.67,6245,134920,6250,395325,6240,471637,6235,328668
2020-06-12 09:49:04.60,6244.67,6245,142930,6250,395327,6240,471637,6235,328668
2020-06-12 09:49:05.82,6244.67,6245,250452,6250,288105,6240,471287,6235,328668
2020-06-12 09:49:06.33,6244.67,6245,104220,6250,434327,6240,471287,6235,328668
2020-06-12 09:49:07.41,6244.67,6245,104213,6250,434327,6240,470731,6235,328668
2020-06-12 09:49:08.46,6246.7,6250,434327,6255,448992,6245,111832,6240,438463
2020-06-12 09:49:09.52,6246.76,6250,434327,6255,448993,6245,2326,6240,478463
2020-06-12 09:49:09.99,6246.76,6250,434327,6255,448993,6245,115858,6240,438463
2020-06-12 09:49:11.08,6246.76,6250,434327,6255,448993,6245,115858,6240,438488
2020-06-12 09:49:12.14,6246.76,6250,434327,6255,448993,6245,115918,6240,438488
2020-06-12 09:49:13.21,6246.76,6250,432704,6255,450572,6245,1392,6240,478488
2020-06-12 09:49:13.69,6246.76,6245,80,6250,431704,6240,478489,6235,328408
2020-06-12 09:49:14.75,6246.76,6245,330,6250,432387,6240,478489,6235,328408
2020-06-12 09:49:15.83,6246.76,6250,432387,6255,449889,6245,33,6240,486389
2020-06-12 09:49:16.85,6246.76,6250,432387,6255,449889,6245,112442,6240,446388
2020-06-12 09:49:17.33,6246.79,6250,432387,6255,449989,6245,112394,6240,446388
2020-06-12 09:49:18.44,6246.76,6250,432466,6255,449989,6245,112431,6240,446888
2020-06-12 09:49:19.50,6246.79,6250,432466,6255,449989,6245,108441,6240,446888
2020-06-12 09:49:19.97,6246.79,6250,432466,6255,449989,6245,103442,6240,446888
2020-06-12 09:49:21.08,6246.79,6250,432466,6255,449989,6245,11,6240,478488
2020-06-12 09:49:21.69,6246.79,6250,431616,6255,449989,6245,30237,6240,478403
2020-06-12 09:49:22.64,6246.79,6250,431616,6255,449989,6245,26864,6240,478403
2020-06-12 09:49:23.73,6246.79,6250,431416,6255,449989,6245,26864,6240,478411
2020-06-12 09:49:24.22,6246.79,6245,65977,6250,404653,6240,470412,6235,327308
2020-06-12 09:49:25.31,6246.79,6245,194331,6250,285095,6240,470412,6235,327308
2020-06-12 09:49:26.33,6246.79,6245,195475,6250,283841,6240,470289,6235,327308
2020-06-12 09:49:26.80,6246.79,6245,195435,6250,285141,6240,470389,6235,327308
2020-06-12 09:49:27.95,6246.79,6245,195735,6250,295141,6240,470489,6235,327308
2020-06-12 09:49:28.98,6245.73,6245,195935,6250,295141,6240,470989,6235,327308
2020-06-12 09:49:29.56,6244.7,6245,293080,6250,295141,6240,471394,6235,327308
2020-06-12 09:49:30.59,6244.67,6245,196116,6250,295141,6240,470394,6235,327308
2020-06-12 09:49:31.65,6244.67,6245,125318,6250,365863,6240,470394,6235,327308
2020-06-12 09:49:32.70,6244.67,6245,294704,6250,295142,6240,469374,6235,327308
2020-06-12 09:49:33.23,6244.67,6245,294704,6250,295143,6240,469838,6235,327308
2020-06-12 09:49:34.29,6244.67,6245,294704,6250,295143,6240,469938,6235,327308
2020-06-12 09:49:34.79,6244.67,6245,294704,6250,295144,6240,469948,6235,327308
2020-06-12 09:49:35.87,6244.67,6245,197560,6250,295144,6240,469958,6235,327308
2020-06-12 09:49:36.39,6244.67,6245,197540,6250,295144,6240,470188,6235,327308
2020-06-12 09:49:37.45,6243.64,6245,12157,6250,414702,6240,470288,6235,327308
2020-06-12 09:49:38.49,6244.64,6245,197268,6250,295144,6240,458131,6235,327308
2020-06-12 09:49:38.99,6245.73,6245,197268,6250,295144,6240,458141,6235,327308
2020-06-12 09:49:40.07,6245.73,6245,198388,6250,295144,6240,458167,6235,327558
2020-06-12 09:49:40.70,6244.67,6245,198388,6250,295144,6240,458167,6235,327558
2020-06-12 09:49:41.70,6244.67,6245,296262,6250,295168,6240,458167,6235,327558
2020-06-12 09:49:42.70,6244.67,6245,296260,6250,295168,6240,458167,6235,327558
2020-06-12 09:49:43.73,6244.67,6245,296160,6250,295168,6240,458166,6235,327558
2020-06-12 09:49:44.79,6244.67,6245,199021,6250,295168,6240,458166,6235,327558
2020-06-12 09:49:45.29,6244.67,6245,199721,6250,295168,6240,458166,6235,327658
2020-06-12 09:49:46.34,6244.67,6245,196726,6250,295168,6240,453622,6235,327658
2020-06-12 09:49:47.41,6243.64,6245,76968,6250,414726,6240,453007,6235,327658
2020-06-12 09:49:47.90,6244.61,6245,196526,6250,295564,6240,457057,6235,327708
2020-06-12 09:49:48.99,6244.64,6245,196526,6250,295564,6240,455946,6235,327708
2020-06-12 09:49:49.49,6245.7,6245,196476,6250,295564,6240,455946,6235,327708
2020-06-12 09:49:50.54,6245.67,6245,196476,6250,295564,6240,455946,6235,327708
2020-06-12 09:49:50.96,6245.67,6245,197276,6250,295564,6240,457246,6235,327598
2020-06-12 09:49:51.76,6245.67,6245,197276,6250,296564,6240,456446,6235,328398
2020-06-12 09:49:52.66,6245.67,6245,197176,6250,296564,6240,456456,6235,328398
2020-06-12 09:49:53.68,6245.67,6245,197086,6250,296564,6240,456456,6235,328398
2020-06-12 09:49:54.16,6245.67,6245,197087,6250,296564,6240,459312,6235,328398
2020-06-12 09:49:55.29,6245.67,6245,294231,6250,296564,6240,459312,6235,328398
2020-06-12 09:49:55.79,6245.67,6245,197077,6250,296564,6240,459332,6235,328398
2020-06-12 09:49:56.82,6245.67,6245,197087,6250,296564,6240,459332,6235,328398
2020-06-12 09:49:57.88,6245.67,6245,197087,6250,277542,6240,439699,6235,328398
2020-06-12 09:49:58.30,6244.64,6245,197097,6250,277542,6240,439699,6235,328448
2020-06-12 09:49:59.46,6245.67,6245,197097,6250,277542,6240,439699,6235,328448
2020-06-12 09:50:00.50,6245.7,6245,77559,6250,397100,6240,435699,6235,328448
2020-06-12 09:50:01.57,6245.7,6245,197748,6250,276913,6240,436509,6235,334293
2020-06-12 09:50:02.61,6245.7,6245,78190,6250,396471,6240,436509,6235,334293
2020-06-12 09:50:02.99,6245.7,6245,78269,6250,396471,6240,436529,6235,334293
2020-06-12 09:50:04.17,6245.7,6250,396471,6255,450746,6245,75486,6240,425121
2020-06-12 09:50:05.20,6245.7,6250,396471,6255,450711,6245,30,6240,428756
2020-06-12 09:50:05.69,6245.7,6250,396508,6255,450674,6245,3635,6240,426121
2020-06-12 09:50:06.77,6245.7,6250,396508,6255,450674,6245,646,6240,429756
2020-06-12 09:50:07.81,6245.76,6250,396558,6255,450674,6245,84012,6240,426120
2020-06-12 09:50:08.19,6246.79,6245,5454,6250,396558,6240,429755,6235,334303
2020-06-12 09:50:09.42,6246.76,6245,5454,6250,397201,6240,429756,6235,334303
2020-06-12 09:50:09.92,6246.76,6250,397202,6255,450674,6245,78012,6240,438177
2020-06-12 09:50:11.02,6246.76,6250,396559,6255,450674,6245,77369,6240,438177
2020-06-12 09:50:11.56,6246.76,6250,396559,6255,450674,6245,77364,6240,438177
2020-06-12 09:50:12.41,6246.76,6250,396559,6255,450674,6245,81864,6240,438077
2020-06-12 09:50:13.66,6246.76,6250,399761,6255,450675,6245,182874,6240,438077
2020-06-12 09:50:14.06,6246.76,6250,399760,6255,450675,6245,182702,6240,438076
2020-06-12 09:50:15.00,6246.76,6250,400559,6255,445852,6245,190978,6240,438176
2020-06-12 09:50:16.09,6246.76,6250,400559,6255,445852,6245,21788,6240,441811
2020-06-12 09:50:17.29,6247.82,6250,400559,6255,445852,6245,13788,6240,441811
2020-06-12 09:50:18.34,6248.87,6250,400559,6255,445852,6245,13798,6240,441811
2020-06-12 09:50:19.34,6246.79,6250,401759,6255,445852,6245,14741,6240,441811
2020-06-12 09:50:19.59,6246.79,6245,56435,6250,403759,6240,441791,6235,334308
2020-06-12 09:50:20.42,6245.7,6245,48435,6250,403764,6240,441991,6235,334308
2020-06-12 09:50:21.47,6245.7,6245,56435,6250,403964,6240,433991,6235,334808
2020-06-12 09:50:22.51,6245.7,6245,176143,6250,284406,6240,434001,6235,334808
2020-06-12 09:50:23.56,6245.7,6245,273330,6250,284406,6240,437976,6235,334808
2020-06-12 09:50:24.00,6245.7,6245,273330,6250,284656,6240,281755,6235,441030
2020-06-12 09:50:25.18,6245.7,6245,273330,6250,284976,6240,437977,6235,334808
2020-06-12 09:50:26.23,6245.7,6245,223330,6250,284976,6240,432807,6235,334808
2020-06-12 09:50:26.76,6245.7,6245,176253,6250,284976,6240,447807,6235,334808
2020-06-12 09:50:27.56,6243.61,6245,176233,6250,284976,6240,447807,6235,334808
2020-06-12 09:50:28.85,6244.7,6245,223377,6250,284976,6240,447807,6235,334808
2020-06-12 09:50:29.20,6244.7,6245,273270,6250,284976,6240,447807,6235,334808
2020-06-12 09:50:30.46,6244.64,6245,265311,6250,285052,6240,448307,6235,334808
2020-06-12 09:50:30.87,6244.64,6245,264998,6250,285052,6240,448307,6235,335608
2020-06-12 09:50:31.79,6244.64,6245,167844,6250,285052,6240,447307,6235,335608
2020-06-12 09:50:32.69,6244.64,6245,265427,6250,284663,6240,447307,6235,335608
2020-06-12 09:50:33.63,6244.64,6245,225415,6250,284663,6240,447137,6235,335768
2020-06-12 09:50:34.71,6244.64,6245,178261,6250,284663,6240,447137,6235,335768
2020-06-12 09:50:35.75,6244.64,6245,275405,6250,284663,6240,447137,6235,335768
2020-06-12 09:50:36.78,6244.64,6245,275675,6250,284663,6240,290915,6235,441990
2020-06-12 09:50:37.30,6244.64,6245,275680,6250,284663,6240,186370,6235,445625
2020-06-12 09:50:38.50,6244.7,6245,278164,6250,284763,6240,135949,6235,445625
2020-06-12 09:50:39.59,6241.52,6245,278091,6250,284763,6240,137076,6235,445625
2020-06-12 09:50:40.59,6241.52,6245,280091,6250,282763,6240,136326,6235,445725
2020-06-12 09:50:41.46,6241.52,6245,279981,6250,282763,6240,101475,6235,445725
2020-06-12 09:50:42.62,6241.52,6245,277279,6250,282763,6240,104675,6235,445725
2020-06-12 09:50:43.68,6241.52,6245,277448,6250,286780,6240,104685,6235,445725
2020-06-12 09:50:44.74,6241.52,6240,77500,6245,277448,6235,445726,6230,335306
2020-06-12 09:50:45.80,6241.52,6240,342580,6245,198146,6235,446226,6230,335306
2020-06-12 09:50:46.86,6241.47,6240,342287,6245,198196,6235,446226,6230,335406
2020-06-12 09:50:47.91,6241.49,6240,342187,6245,198196,6235,446226,6230,335406
2020-06-12 09:50:48.40,6239.38,6240,341962,6245,198516,6235,190027,6230,441628
2020-06-12 09:50:49.47,6238.32,6240,341192,6245,198876,6235,189677,6230,441628
2020-06-12 09:50:50.54,6237.29,6240,341196,6245,198876,6235,189594,6230,441628
2020-06-12 09:50:50.99,6237.29,6240,340896,6245,210983,6235,189104,6230,441528
2020-06-12 09:50:52.11,6237.29,6240,340886,6245,210985,6235,135469,6230,445163
2020-06-12 09:50:53.14,6237.29,6240,340886,6245,211325,6235,134679,6230,445163
2020-06-12 09:50:54.49,6237.29,6235,78000,6240,341936,6230,445163,6225,285100
2020-06-12 09:50:55.50,6237.29,6240,401986,6245,261325,6230,435164,6225,285100
2020-06-12 09:50:56.50,6237.29,6240,401986,6245,261325,6235,119136,6230,439528
2020-06-12 09:50:57.50,6237.23,6240,401986,6245,261325,6235,372258,6230,333306
2020-06-12 09:50:58.54,6237.26,6240,401986,6245,261325,6235,372258,6230,333306
2020-06-12 09:50:59.57,6240.35,6240,401890,6245,261325,6235,372258,6230,333456
2020-06-12 09:51:00.62,6240.35,6240,401890,6245,261485,6235,372258,6230,333456
2020-06-12 09:51:01.06,6240.35,6240,401890,6245,261645,6235,372388,6230,333506
2020-06-12 09:51:02.18,6240.35,6240,185088,6245,381363,6235,377258,6230,333506
2020-06-12 09:51:03.21,6240.35,6240,51630,6245,381363,6235,377158,6230,333514
2020-06-12 09:51:04.26,6240.35,6240,52130,6245,381363,6235,377058,6230,333514
2020-06-12 09:51:04.73,6240.35,6240,10660,6245,381353,6235,376323,6230,333514
2020-06-12 09:51:05.84,6240.35,6240,2000,6245,379515,6235,384323,6230,333514
2020-06-12 09:51:06.90,6240.38,6245,379516,6250,358662,6240,59340,6235,384322
2020-06-12 09:51:07.35,6240.38,6245,379526,6250,358672,6240,61556,6235,380687
2020-06-12 09:51:08.51,6241.47,6245,379526,6250,359272,6240,149552,6235,380698
2020-06-12 09:51:08.90,6242.52,6245,379526,6250,359272,6240,60503,6235,420708
2020-06-12 09:51:10.07,6243.55,6245,379526,6250,359272,6240,60003,6235,420708
2020-06-12 09:51:10.59,6242.52,6245,379539,6250,359272,6240,101203,6235,380708
2020-06-12 09:51:11.65,6242.52,6245,379539,6250,359272,6240,306845,6235,274686
2020-06-12 09:51:12.70,6242.52,6245,285894,6250,355773,6240,406735,6235,275692
2020-06-12 09:51:13.76,6242.52,6245,383038,6250,355773,6240,406749,6235,275842
2020-06-12 09:51:14.20,6242.52,6245,383038,6250,355773,6240,406749,6235,275842
2020-06-12 09:51:15.32,6242.52,6245,382738,6250,355773,6240,151527,6235,382564
2020-06-12 09:51:16.37,6242.52,6245,384489,6250,356223,6240,111657,6235,422564
2020-06-12 09:51:17.38,6242.52,6245,384489,6250,356223,6240,61662,6235,422564
2020-06-12 09:51:17.87,6243.64,6240,1250,6245,384422,6235,422542,6230,336744
2020-06-12 09:51:19.02,6241.47,6240,75159,6245,384422,6235,414453,6230,336844
2020-06-12 09:51:20.08,6241.47,6240,706,6245,384522,6235,414603,6230,336844
2020-06-12 09:51:21.15,6241.47,6245,391023,6250,356290,6240,4537,6235,422618
2020-06-12 09:51:22.21,6241.47,6240,294771,6245,271465,6235,414669,6230,337524
2020-06-12 09:51:23.25,6241.47,6240,294771,6245,271465,6235,414669,6230,337524
2020-06-12 09:51:23.69,6241.47,6240,295179,6245,271465,6235,414669,6230,338024
2020-06-12 09:51:24.86,6241.47,6240,293177,6245,271465,6235,258477,6230,444246
2020-06-12 09:51:25.91,6241.47,6240,293177,6245,271465,6235,414709,6230,338024
2020-06-12 09:51:26.39,6241.47,6240,293177,6245,271465,6235,414709,6230,338024
2020-06-12 09:51:27.47,6239.41,6240,293077,6245,271565,6235,414700,6230,338024
2020-06-12 09:51:28.03,6238.29,6240,293077,6245,271645,6235,414696,6230,338029
2020-06-12 09:51:28.89,6238.35,6240,293077,6245,271656,6235,414796,6230,338029
2020-06-12 09:51:29.69,6238.35,6240,293127,6245,271656,6235,329298,6230,373529
2020-06-12 09:51:30.57,6238.32,6240,293177,6245,272106,6235,415298,6230,338035
2020-06-12 09:51:31.39,6238.32,6240,293179,6245,272154,6235,415348,6230,338035
2020-06-12 09:51:32.29,6238.32,6240,293179,6245,273397,6235,415378,6230,337240
2020-06-12 09:51:33.06,6238.32,6240,288197,6245,273397,6235,69156,6230,483462
2020-06-12 09:51:34.29,6238.32,6240,286697,6245,273397,6235,69156,6230,483462
2020-06-12 09:51:34.89,6238.32,6240,286698,6245,273397,6235,109206,6230,443662
2020-06-12 09:51:35.87,6238.32,6240,286698,6245,273397,6235,7635,6230,483662
2020-06-12 09:51:36.93,6238.32,6240,287078,6245,273397,6235,116959,6230,443662
2020-06-12 09:51:38.00,6237.26,6240,289961,6245,270534,6235,114724,6230,443662
2020-06-12 09:51:38.59,6237.26,6240,289961,6245,270534,6235,114917,6230,443662
2020-06-12 09:51:39.54,6237.29,6240,289961,6245,270534,6235,147804,6230,408162
2020-06-12 09:51:40.64,6238.35,6240,290990,6245,270534,6235,318526,6230,337540
2020-06-12 09:51:41.17,6238.35,6240,290990,6245,270534,6235,418526,6230,337540
2020-06-12 09:51:42.21,6238.35,6240,290990,6245,270534,6235,418526,6230,337540
2020-06-12 09:51:42.76,6238.35,6240,290790,6245,270534,6235,418526,6230,337940
2020-06-12 09:51:43.77,6238.35,6240,292392,6245,270534,6235,418526,6230,337940
2020-06-12 09:51:44.82,6238.35,6240,14606,6245,390092,6235,418626,6230,337940
2020-06-12 09:51:45.29,6238.35,6245,390092,6250,356180,6240,102865,6235,379745
2020-06-12 09:51:46.37,6238.35,6245,390092,6250,358680,6240,317241,6235,273723
2020-06-12 09:51:47.41,6239.35,6245,390142,6250,358680,6240,159616,6235,379945
2020-06-12 09:51:47.90,6240.41,6245,390144,6250,358680,6240,159616,6235,379945
2020-06-12 09:51:48.94,6242.52,6245,390144,6250,358680,6240,159567,6235,379945
2020-06-12 09:51:49.98,6242.52,6245,390144,6250,358680,6240,159347,6235,381445
2020-06-12 09:51:50.32,6242.52,6245,390042,6250,358680,6240,315769,6235,275123
2020-06-12 09:51:51.57,6242.52,6245,390052,6250,358680,6240,159577,6235,381382
2020-06-12 09:51:52.62,6242.52,6245,390052,6250,358680,6240,315861,6235,275170
2020-06-12 09:51:53.08,6242.52,6245,390252,6250,358680,6240,315869,6235,275200
2020-06-12 09:51:54.18,6242.52,6245,390252,6250,358685,6240,315877,6235,276064
2020-06-12 09:51:55.24,6242.52,6245,390252,6250,358685,6240,315877,6235,276064
2020-06-12 09:51:55.57,6242.52,6245,390257,6250,358685,6240,315677,6235,276064
2020-06-12 09:51:56.26,6242.52,6245,390257,6250,358685,6240,315877,6235,276065
2020-06-12 09:51:57.29,6242.52,6245,390357,6250,358685,6240,315877,6235,276065
2020-06-12 09:51:57.69,6243.58,6245,293013,6250,358685,6240,415662,6235,276165
2020-06-12 09:51:58.86,6243.64,6245,293012,6250,358685,6240,415462,6235,276165
2020-06-12 09:51:59.30,6245.67,6245,293212,6250,358685,6240,415462,6235,276165
2020-06-12 09:52:00.02,6245.67,6245,291462,6250,358685,6240,415462,6235,276665
2020-06-12 09:52:00.96,6245.67,6245,291462,6250,358685,6240,415462,6235,276665
2020-06-12 09:52:01.46,6245.67,6245,291462,6250,358685,6240,415462,6235,276665
2020-06-12 09:52:02.57,6245.67,6245,388446,6250,359485,6240,415487,6235,276635
2020-06-12 09:52:03.63,6245.67,6245,388446,6250,359485,6240,315487,6235,276635
2020-06-12 09:52:04.10,6245.67,6245,388446,6250,359485,6240,159265,6235,382857
2020-06-12 09:52:05.22,6245.67,6245,388603,6250,358080,6240,159365,6235,382857
2020-06-12 09:52:06.27,6245.67,6245,388423,6250,358080,6240,69365,6235,422857
2020-06-12 09:52:06.72,6245.67,6240,9,6245,388423,6235,422866,6230,342369
2020-06-12 09:52:07.83,6244.67,6245,388423,6250,358080,6240,62221,6235,422866
2020-06-12 09:52:08.86,6241.47,6245,388423,6250,354063,6240,110221,6235,382866
2020-06-12 09:52:09.19,6241.49,6245,388358,6250,354063,6240,70272,6235,422865
2020-06-12 09:52:09.95,6242.52,6245,388358,6250,354063,6240,110272,6235,382865
2020-06-12 09:52:10.98,6242.52,6245,388358,6250,354063,6240,116907,6235,382865
2020-06-12 09:52:12.03,6242.52,6245,388310,6250,354063,6240,77180,6235,422865
2020-06-12 09:52:12.45,6242.52,6245,388310,6250,354063,6240,69200,6235,423081
2020-06-12 09:52:13.30,6242.52,6245,388337,6250,354063,6240,109600,6235,383081
2020-06-12 09:52:14.14,6242.52,6245,388837,6250,355063,6240,107521,6235,383081
2020-06-12 09:52:15.20,6242.52,6245,388837,6250,355063,6240,67521,6235,423081
2020-06-12 09:52:16.25,6242.52,6245,388837,6250,355063,6240,107402,6235,383081
2020-06-12 09:52:17.28,6242.52,6245,388837,6250,355063,6240,65920,6235,423081
2020-06-12 09:52:17.62,6241.47,6245,388837,6250,355063,6240,65900,6235,423081
2020-06-12 09:52:18.36,6242.5,6245,405446,6250,345063,6240,65901,6235,423081
2020-06-12 09:52:19.39,6242.5,6245,405446,6250,345063,6240,65901,6235,423081
2020-06-12 09:52:19.72,6242.5,6245,405446,6250,345123,6240,65851,6235,423081
2020-06-12 09:52:20.45,6242.5,6245,405446,6250,345123,6240,65851,6235,423081
2020-06-12 09:52:21.09,6242.5,6240,71238,6245,405446,6235,423081,6230,341423
2020-06-12 09:52:22.06,6242.5,6240,71332,6245,405446,6235,423582,6230,341423
2020-06-12 09:52:23.09,6242.5,6240,71642,6245,405396,6235,423582,6230,342937
2020-06-12 09:52:23.59,6242.5,6240,71642,6245,405396,6235,423582,6230,342937
2020-06-12 09:52:24.71,6242.5,6240,470,6245,406746,6235,423482,6230,342937
2020-06-12 09:52:25.12,6242.5,6240,79702,6245,406761,6235,423472,6230,342937
2020-06-12 09:52:26.28,6242.5,6240,79332,6245,406761,6235,423469,6230,342937
2020-06-12 09:52:26.70,6242.5,6240,79332,6245,406761,6235,423469,6230,342937
2020-06-12 09:52:27.84,6241.47,6240,79327,6245,406761,6235,423479,6230,342937
2020-06-12 09:52:28.20,6240.46,6240,78832,6245,406811,6235,422879,6230,342937
2020-06-12 09:52:28.85,6241.47,6240,78832,6245,406811,6235,422879,6230,342937
2020-06-12 09:52:29.95,6241.47,6240,80448,6245,406811,6235,422879,6230,343298
2020-06-12 09:52:30.46,6241.47,6240,297150,6245,287253,6235,422979,6230,343298
2020-06-12 09:52:31.29,6241.47,6240,142281,6245,392232,6235,422979,6230,342298
2020-06-12 09:52:32.16,6241.47,6240,298503,6245,286010,6235,422934,6230,342298
2020-06-12 09:52:32.99,6241.47,6240,298905,6245,286010,6235,423021,6230,342298
2020-06-12 09:52:34.19,6241.47,6240,298905,6245,286010,6235,423021,6230,342298
2020-06-12 09:52:34.52,6241.47,6240,82324,6245,405568,6235,423022,6230,342298
2020-06-12 09:52:36.12,6241.47,6240,82824,6245,405568,6235,423022,6230,342298
2020-06-12 09:52:37.37,6240.44,6240,82824,6245,405568,6235,423022,6230,342298
2020-06-12 09:52:37.65,6240.44,6245,405568,6250,346088,6240,51168,6235,423031
2020-06-12 09:52:38.42,6240.44,6245,405568,6250,346088,6240,51176,6235,423031
2020-06-12 09:52:39.50,6241.47,6245,405568,6250,346088,6240,99176,6235,383031
2020-06-12 09:52:39.86,6241.47,6245,405568,6250,346088,6240,99176,6235,388641
2020-06-12 09:52:40.68,6242.52,6245,405568,6250,346088,6240,149676,6235,389141
2020-06-12 09:52:41.57,6242.52,6245,405568,6250,346088,6240,149636,6235,389143
2020-06-12 09:52:42.62,6242.52,6245,405568,6250,346088,6240,305758,6235,282921
2020-06-12 09:52:43.65,6242.52,6245,405574,6250,346088,6240,149696,6235,389143
2020-06-12 09:52:44.12,6242.52,6245,405574,6250,346088,6240,305818,6235,282921
2020-06-12 09:52:45.25,6242.52,6245,405574,6250,345928,6240,306231,6235,282921
2020-06-12 09:52:46.26,6242.52,6245,308430,6250,345928,6240,406231,6235,282921
2020-06-12 09:52:46.62,6242.52,6245,405574,6250,343193,6240,406360,6235,282771
2020-06-12 09:52:47.85,6243.58,6245,405574,6250,343692,6240,250138,6235,388993
2020-06-12 09:52:48.20,6243.58,6245,405574,6250,343692,6240,250038,6235,388998
2020-06-12 09:52:49.38,6244.64,6245,405574,6250,343780,6240,245038,6235,388998
2020-06-12 09:52:49.62,6243.61,6245,405574,6250,343780,6240,401260,6235,279166
2020-06-12 09:52:50.49,6244.64,6245,405574,6250,343820,6240,401259,6235,279166
2020-06-12 09:52:51.48,6244.64,6245,405574,6250,343820,6240,401210,6235,279166
2020-06-12 09:52:52.56,6244.64,6245,405674,6250,343820,6240,375590,6235,279166
2020-06-12 09:52:52.90,6244.64,6245,406574,6250,343920,6240,219568,6235,385388
2020-06-12 09:52:53.66,6244.64,6245,406574,6250,343920,6240,219568,6235,385388
2020-06-12 09:52:54.68,6244.64,6245,404890,6250,343920,6240,219565,6235,385388
2020-06-12 09:52:55.19,6244.64,6245,404890,6250,343920,6240,375787,6235,279166
2020-06-12 09:52:56.27,6244.64,6245,307746,6250,343920,6240,375783,6235,279166
2020-06-12 09:52:56.69,6244.64,6245,308287,6250,343920,6240,381388,6235,279359
2020-06-12 09:52:57.87,6243.61,6245,308287,6250,343920,6240,381388,6235,279359
2020-06-12 09:52:58.26,6244.64,6245,308287,6250,343920,6240,381388,6235,279359
2020-06-12 09:52:59.97,6245.67,6245,405431,6250,343920,6240,381388,6235,279359
2020-06-12 09:53:01.05,6243.64,6245,405431,6250,343920,6240,381388,6235,279359
2020-06-12 09:53:02.11,6243.64,6245,308284,6250,343920,6240,382988,6235,279359
2020-06-12 09:53:02.60,6243.64,6245,33300,6250,463478,6240,387272,6235,279369
2020-06-12 09:53:03.72,6243.64,6250,463478,6255,357662,6245,72249,6240,394773
2020-06-12 09:53:04.77,6243.64,6245,78000,6250,463478,6240,401470,6235,279369
2020-06-12 09:53:05.29,6243.64,6250,463478,6255,357662,6245,72246,6240,394774
2020-06-12 09:53:06.36,6243.64,6250,463444,6255,359662,6245,130237,6240,394773
2020-06-12 09:53:07.43,6245.7,6250,463444,6255,359662,6245,180237,6240,394873
2020-06-12 09:53:08.49,6246.76,6250,463444,6255,359662,6245,386459,6240,288651
2020-06-12 09:53:09.16,6249.9,6250,463128,6255,359762,6245,406459,6240,288651
2020-06-12 09:53:10.15,6248.9,6250,463128,6255,359762,6245,406459,6240,288651
2020-06-12 09:53:11.29,6248.9,6250,282911,6255,443820,6245,406460,6240,288651
2020-06-12 09:53:12.29,6248.9,6250,283411,6255,443820,6245,406344,6240,288651
2020-06-12 09:53:14.29,6248.9,6250,283431,6255,443770,6245,407284,6240,288651
2020-06-12 09:53:14.89,6248.9,6250,464593,6255,359652,6245,407284,6240,288652
2020-06-12 09:53:15.87,6248.9,6250,471000,6255,359652,6245,407484,6240,288652
2020-06-12 09:53:16.93,6248.9,6250,289434,6255,444830,6245,407484,6240,288652
2020-06-12 09:53:17.39,6249.96,6250,297434,6255,444830,6245,407484,6240,288652
2020-06-12 09:53:18.51,6249.96,6250,297387,6255,444830,6245,407484,6240,288652
2020-06-12 09:53:18.96,6250.99,6250,296907,6255,444830,6245,407484,6240,288652
2020-06-12 09:53:19.70,6250.99,6250,296498,6255,444830,6245,407484,6240,288652
2020-06-12 09:53:20.65,6250.99,6250,477700,6255,360772,6245,407484,6240,288652
2020-06-12 09:53:20.99,6250.99,6250,296481,6255,444830,6245,407484,6240,288652
2020-06-12 09:53:21.73,6250.99,6250,296481,6255,444830,6245,407500,6240,288668
2020-06-12 09:53:22.79,6250.99,6250,297086,6255,444830,6245,407500,6240,288668
2020-06-12 09:53:23.26,6250.99,6250,296585,6255,444830,6245,407500,6240,283063
2020-06-12 09:53:23.96,6250.99,6250,296715,6255,444830,6245,407693,6240,283063
2020-06-12 09:53:24.67,6250.99,6250,296705,6255,444830,6245,407853,6240,283063
2020-06-12 09:53:25.40,6250.99,6250,296604,6255,444840,6245,407853,6240,283063
2020-06-12 09:53:26.46,6250.99,6250,296209,6255,444840,6245,407853,6240,283063
2020-06-12 09:53:26.66,6250.99,6250,298333,6255,443620,6245,407853,6240,283063
2020-06-12 09:53:27.52,6249.96,6250,298333,6255,443620,6245,407853,6240,283063
2020-06-12 09:53:27.99,6250.99,6250,263233,6255,479120,6245,407854,6240,283063
2020-06-12 09:53:29.15,6250.99,6250,184901,6255,479120,6245,407854,6240,283063
2020-06-12 09:53:29.55,6250.99,6250,124514,6255,479157,6245,407954,6240,283064
2020-06-12 09:53:30.71,6252.05,6255,478795,6260,358789,6250,166852,6245,367964
2020-06-12 09:53:31.77,6252.05,6255,478400,6260,358789,6250,216353,6245,367971
2020-06-12 09:53:32.82,6252.05,6255,478355,6260,358789,6250,219353,6245,367971
2020-06-12 09:53:33.87,6252.05,6255,478155,6260,358789,6250,219351,6245,367971
2020-06-12 09:53:34.90,6252.05,6255,477655,6260,358789,6250,182996,6245,367971
2020-06-12 09:53:35.37,6252.05,6255,477260,6260,358789,6250,183156,6245,367971
2020-06-12 09:53:36.47,6252.05,6255,477260,6260,358889,6250,183146,6245,367971
2020-06-12 09:53:36.99,6252.05,6255,477260,6260,358889,6250,216501,6245,367971
2020-06-12 09:53:38.05,6254.14,6255,476965,6260,358889,6250,216501,6245,367971
2020-06-12 09:53:39.07,6253.13,6255,476962,6260,358889,6250,216501,6245,370971
2020-06-12 09:53:39.29,6253.11,6255,476962,6260,353889,6250,219531,6245,370971
2020-06-12 09:53:40.14,6254.16,6255,426962,6260,353889,6250,422753,6245,264749
2020-06-12 09:53:41.19,6254.16,6255,425974,6260,353889,6250,216531,6245,370971
2020-06-12 09:53:42.24,6254.16,6255,425079,6260,353889,6250,216531,6245,370971
2020-06-12 09:53:43.25,6254.16,6255,425079,6260,353889,6250,216540,6245,371971
2020-06-12 09:53:43.69,6254.16,6255,424679,6260,353889,6250,252030,6245,336471
2020-06-12 09:53:44.88,6254.16,6255,424679,6260,353890,6250,423012,6245,265589
2020-06-12 09:53:45.92,6254.16,6255,424929,6260,355140,6250,423012,6245,265589
2020-06-12 09:53:46.19,6254.16,6255,424926,6260,355140,6250,316790,6245,371911
2020-06-12 09:53:46.99,6254.19,6255,424531,6260,355140,6250,423012,6245,265689
2020-06-12 09:53:48.03,6254.16,6255,424531,6260,355141,6250,316790,6245,371911
2020-06-12 09:53:49.10,6254.19,6255,424531,6260,355141,6250,423031,6245,265689
2020-06-12 09:53:49.39,6254.19,6255,424031,6260,355141,6250,316809,6245,371931
2020-06-12 09:53:50.13,6254.19,6255,417508,6260,355141,6250,316799,6245,371931
2020-06-12 09:53:51.17,6254.19,6255,417508,6260,356546,6250,316789,6245,371931
2020-06-12 09:53:51.66,6254.19,6255,417308,6260,356746,6250,280434,6245,371931
2020-06-12 09:53:52.75,6254.19,6255,416892,6260,356746,6250,130429,6245,371931
2020-06-12 09:53:53.80,6254.19,6255,416393,6260,356766,6250,216782,6245,371931
2020-06-12 09:53:54.83,6254.19,6255,416395,6260,356766,6250,424004,6245,265709
2020-06-12 09:53:55.86,6254.19,6255,416125,6260,356776,6250,423927,6245,265709
2020-06-12 09:53:56.09,6254.19,6255,415830,6260,357026,6250,424352,6245,265709
2020-06-12 09:53:56.95,6254.19,6255,199353,6260,476584,6250,424653,6245,265709
2020-06-12 09:53:58.01,6253.11,6255,36056,6260,476584,6250,424653,6245,265709
2020-06-12 09:53:58.50,6255.19,6255,121760,6260,476684,6250,424653,6245,265709
2020-06-12 09:53:59.58,6256.31,6255,121123,6260,476694,6250,424679,6245,265709
2020-06-12 09:54:00.59,6256.25,6255,121120,6260,476994,6250,424679,6245,265709
2020-06-12 09:54:00.89,6256.25,6255,121070,6260,476994,6250,424679,6245,265709
2020-06-12 09:54:01.76,6256.25,6255,120675,6260,476994,6250,424679,6245,265709
2020-06-12 09:54:02.66,6256.25,6255,120675,6260,476994,6250,425707,6245,265709
2020-06-12 09:54:03.79,6256.25,6255,119980,6260,476994,6250,425707,6245,265709
2020-06-12 09:54:04.84,6256.25,6255,119815,6260,476994,6250,426207,6245,265689
2020-06-12 09:54:05.29,6256.25,6255,119810,6260,476994,6250,426207,6245,265691
2020-06-12 09:54:06.41,6256.25,6255,114501,6260,476995,6250,426307,6245,265691
2020-06-12 09:54:07.44,6255.25,6255,28751,6260,476995,6250,426307,6245,265691
2020-06-12 09:54:08.46,6256.28,6255,28118,6260,477252,6250,428307,6245,265691
2020-06-12 09:54:08.99,6256.28,6255,113283,6260,477299,6250,428307,6245,265991
2020-06-12 09:54:10.07,6255.25,6255,111283,6260,477299,6250,428307,6245,266571
2020-06-12 09:54:11.13,6255.25,6255,110867,6260,477477,6250,428307,6245,266571
2020-06-12 09:54:12.19,6255.25,6255,118289,6260,476052,6250,428306,6245,266871
2020-06-12 09:54:12.63,6255.25,6255,71509,6260,476052,6250,428246,6245,266871
2020-06-12 09:54:13.79,6255.25,6255,146128,6260,476015,6250,425216,6245,266678
2020-06-12 09:54:14.39,6255.25,6255,362930,6260,356457,6250,425221,6245,266678
2020-06-12 09:54:15.36,6255.25,6255,362724,6260,356458,6250,425061,6245,266678
2020-06-12 09:54:16.41,6255.25,6255,364380,6260,356458,6250,426663,6245,266678
2020-06-12 09:54:16.78,6255.25,6255,356069,6260,356458,6250,423363,6245,266678
2020-06-12 09:54:18.00,6255.28,6255,355669,6260,355958,6250,423363,6245,266688
2020-06-12 09:54:18.22,6255.19,6255,353669,6260,355958,6250,423363,6245,267488
2020-06-12 09:54:19.05,6255.19,6255,353799,6260,355958,6250,317151,6245,373710
2020-06-12 09:54:20.08,6255.19,6255,353798,6260,356858,6250,317151,6245,373710
2020-06-12 09:54:20.49,6255.19,6255,353798,6260,356858,6250,317151,6245,373710
2020-06-12 09:54:21.66,6255.19,6255,353798,6260,356858,6250,318749,6245,373710
2020-06-12 09:54:22.16,6255.19,6255,349398,6260,349448,6250,318749,6245,373710
2020-06-12 09:54:23.22,6255.19,6255,352382,6260,349448,6250,282053,6245,373760
2020-06-12 09:54:23.72,6255.19,6255,352382,6260,349428,6250,282053,6245,373760
2020-06-12 09:54:24.80,6254.14,6255,352382,6260,349428,6250,318408,6245,373760
2020-06-12 09:54:25.39,6254.14,6255,351747,6260,349428,6250,183653,6245,373765
2020-06-12 09:54:26.34,6254.14,6255,351247,6260,349428,6250,133773,6245,374065
2020-06-12 09:54:27.39,6254.14,6255,351273,6260,347928,6250,133773,6245,374065
2020-06-12 09:54:27.66,6253.08,6255,351291,6260,347928,6250,133773,6245,374065
2020-06-12 09:54:28.47,6253.08,6255,351291,6260,347928,6250,133773,6245,374065
2020-06-12 09:54:29.51,6252.05,6255,350911,6260,347928,6245,402566,6240,283804
2020-06-12 09:54:30.03,6252.05,6250,77795,6255,352513,6245,402567,6240,284804
2020-06-12 09:54:31.08,6252.05,6255,352513,6260,347928,6245,402567,6240,284804
2020-06-12 09:54:31.39,6252.05,6250,75102,6255,352313,6245,404559,6240,285304
2020-06-12 09:54:32.19,6252.05,6250,75082,6255,352313,6245,404559,6240,285304
2020-06-12 09:54:33.17,6252.05,6250,349399,6255,232755,6245,404559,6240,285304
2020-06-12 09:54:33.79,6252.05,6250,348899,6255,232755,6245,404569,6240,285304
2020-06-12 09:54:34.73,6252.05,6250,349024,6255,232755,6245,404569,6240,285304
2020-06-12 09:54:35.78,6252.05,6250,350075,6255,233205,6245,404569,6240,285304
2020-06-12 09:54:36.15,6252.05,6250,349774,6255,233205,6245,298346,6240,391526
2020-06-12 09:54:37.37,6252.05,6250,349804,6255,233210,6245,124287,6240,391526
2020-06-12 09:54:38.39,6248.99,6250,349794,6255,233211,6245,47787,6240,391526
2020-06-12 09:54:38.65,6248.87,6250,349804,6255,233211,6245,175787,6240,391526
2020-06-12 09:54:39.50,6246.76,6250,349804,6255,233211,6245,225787,6240,391526
2020-06-12 09:54:40.51,6248.85,6250,349904,6255,233411,6245,332169,6240,285304
2020-06-12 09:54:41.06,6248.85,6250,349704,6255,233446,6245,329169,6240,285804
2020-06-12 09:54:42.07,6248.85,6250,228682,6255,304168,6245,429169,6240,285804
2020-06-12 09:54:43.10,6248.85,6250,168202,6255,317504,6245,429219,6240,285804
2020-06-12 09:54:44.15,6248.85,6250,132672,6255,353004,6245,430874,6240,285654
2020-06-12 09:54:45.21,6248.85,6250,9379,6255,403019,6245,430874,6240,285654
2020-06-12 09:54:45.62,6248.85,6250,11339,6255,403019,6245,430824,6240,285654
2020-06-12 09:54:46.77,6248.85,6255,403019,6260,347633,6250,107616,6245,402472
2020-06-12 09:54:47.09,6249.93,6255,403019,6260,347633,6250,107616,6245,402472
2020-06-12 09:54:48.38,6252.02,6255,403019,6260,347633,6250,201972,6245,402476
2020-06-12 09:54:48.88,6253.11,6255,404253,6260,347633,6250,201943,6245,402476
2020-06-12 09:54:49.96,6253.11,6255,404253,6260,347633,6250,200871,6245,402476
2020-06-12 09:54:50.29,6253.11,6255,404103,6260,347633,6250,201381,6245,402476
2020-06-12 09:54:51.04,6253.11,6255,404779,6260,346957,6250,164013,6245,402476
2020-06-12 09:54:52.10,6253.11,6255,404779,6260,346797,6250,113904,6245,402476
2020-06-12 09:54:52.40,6253.11,6250,77061,6255,403177,6245,430977,6240,287664
2020-06-12 09:54:53.66,6253.11,6250,117029,6255,367693,6245,431828,6240,287664
2020-06-12 09:54:54.08,6253.11,6250,117029,6255,367694,6245,431828,6240,287664
2020-06-12 09:54:54.93,6253.11,6250,117009,6255,367744,6245,431828,6240,287664
2020-06-12 09:54:55.77,6253.11,6250,104,6255,403249,6245,432138,6240,287664
2020-06-12 09:54:56.83,6254.14,6255,403249,6260,348877,6250,1307,6245,432187
2020-06-12 09:54:57.29,6253.11,6250,73201,6255,403249,6245,433488,6240,287764
2020-06-12 09:54:58.41,6249.96,6250,2030,6255,403569,6245,433438,6240,287764
2020-06-12 09:54:58.76,6252.02,6250,1920,6255,404664,6245,434216,6240,287774
2020-06-12 09:54:59.99,6252.02,6250,117421,6255,369164,6245,434216,6240,287774
2020-06-12 09:55:00.46,6250.99,6250,117221,6255,369164,6245,434516,6240,287774
2020-06-12 09:55:01.55,6250.99,6250,81721,6255,404664,6245,434516,6240,291774
2020-06-12 09:55:02.61,6250.99,6250,81330,6255,404514,6245,434666,6240,291794
2020-06-12 09:55:03.07,6250.99,6250,116830,6255,369014,6245,434666,6240,291794
2020-06-12 09:55:04.22,6250.99,6250,287633,6255,284956,6245,434842,6240,291794
2020-06-12 09:55:04.78,6250.99,6250,287628,6255,284956,6245,434813,6240,291794
2020-06-12 09:55:05.78,6250.99,6250,184148,6255,299192,6245,434813,6240,291794
2020-06-12 09:55:06.85,6250.99,6250,294827,6255,285856,6245,434833,6240,292294
2020-06-12 09:55:07.25,6251.02,6250,295007,6255,285856,6245,433777,6240,292294
2020-06-12 09:55:08.41,6249.99,6250,295101,6255,285856,6245,433777,6240,292294
2020-06-12 09:55:08.78,6248.93,6250,295101,6255,285856,6245,433777,6240,292294
2020-06-12 09:55:09.46,6248.93,6250,295021,6255,284606,6245,433777,6240,292394
2020-06-12 09:55:10.16,6248.93,6250,295021,6255,284636,6245,327555,6240,398716
2020-06-12 09:55:11.05,6248.93,6250,295021,6255,284636,6245,433777,6240,292494
2020-06-12 09:55:12.11,6248.93,6250,295521,6255,284636,6245,433777,6240,292494
2020-06-12 09:55:12.49,6248.93,6250,295521,6255,284636,6245,433787,6240,292494
2020-06-12 09:55:13.64,6248.93,6250,295551,6255,284536,6245,433787,6240,292494
2020-06-12 09:55:14.02,6248.93,6250,296851,6255,284536,6245,433787,6240,292494
2020-06-12 09:55:14.80,6248.93,6250,296876,6255,284536,6245,327829,6240,399716
2020-06-12 09:55:15.81,6248.93,6250,297278,6255,284536,6245,327829,6240,399716
2020-06-12 09:55:16.09,6248.93,6250,297308,6255,286138,6245,327829,6240,399716
2020-06-12 09:55:17.36,6248.93,6250,295508,6255,286138,6245,327839,6240,399716
2020-06-12 09:55:17.59,6248.87,6250,295518,6255,286663,6245,327839,6240,399716
2020-06-12 09:55:18.41,6247.84,6250,295518,6255,286563,6245,327839,6240,399717
2020-06-12 09:55:19.50,6248.87,6250,295405,6255,286573,6245,327839,6240,399717
2020-06-12 09:55:19.76,6248.87,6250,296657,6255,286573,6245,327839,6240,399717
2020-06-12 09:55:20.56,6248.85,6250,296657,6255,286573,6245,327839,6240,399717
2020-06-12 09:55:21.58,6248.85,6250,296657,6255,286573,6245,327839,6240,399727
2020-06-12 09:55:21.72,6248.85,6250,296497,6255,286603,6245,327839,6240,399727
2020-06-12 09:55:22.65,6248.85,6250,296598,6255,286648,6245,327839,6240,399727
2020-06-12 09:55:23.12,6248.85,6250,296598,6255,286648,6245,327739,6240,399727
2020-06-12 09:55:24.17,6248.85,6250,296568,6255,286648,6245,327739,6240,399727
2020-06-12 09:55:24.59,6248.85,6250,296568,6255,286648,6245,346739,6240,399727
2020-06-12 09:55:25.75,6248.85,6250,296324,6255,286648,6245,296744,6240,399727
2020-06-12 09:55:26.09,6248.85,6250,296324,6255,286648,6245,146741,6240,399727
2020-06-12 09:55:27.32,6248.85,6245,77999,6250,305124,6240,428228,6235,299587
2020-06-12 09:55:28.39,6246.79,6245,78009,6250,346315,6240,428228,6235,299587
2020-06-12 09:55:29.43,6245.73,6245,78008,6250,346315,6240,428229,6235,279587
2020-06-12 09:55:29.92,6246.76,6250,346320,6255,286648,6245,106492,6240,399727
2020-06-12 09:55:31.01,6246.76,6250,338320,6255,286648,6245,426802,6240,293505
2020-06-12 09:55:32.07,6246.76,6250,338320,6255,286648,6245,427668,6240,293505
2020-06-12 09:55:33.10,6246.76,6250,227845,6255,299984,6245,427668,6240,293505
2020-06-12 09:55:33.59,6246.76,6250,227855,6255,299984,6245,427668,6240,296525
2020-06-12 09:55:34.67,6246.76,6250,80472,6255,447367,6245,427968,6240,296525
2020-06-12 09:55:35.06,6246.76,6250,194694,6255,341145,6245,428018,6240,296525
2020-06-12 09:55:35.81,6246.76,6250,194694,6255,341145,6245,430018,6240,296525
2020-06-12 09:55:36.73,6246.76,6250,194694,6255,341145,6245,430018,6240,296535
2020-06-12 09:55:37.12,6246.76,6250,305274,6255,327809,6245,430018,6240,296535
2020-06-12 09:55:37.85,6248.87,6250,194534,6255,341145,6245,430018,6240,296535
2020-06-12 09:55:38.87,6249.93,6250,194534,6255,341145,6245,430018,6240,296535
2020-06-12 09:55:39.20,6249.93,6250,194534,6255,341145,6245,455703,6240,296535
2020-06-12 09:55:39.91,6250.96,6250,194564,6255,341445,6245,456053,6240,296535
2020-06-12 09:55:40.99,6250.96,6250,195269,6255,341445,6245,456053,6240,296535
2020-06-12 09:55:42.09,6250.96,6250,305749,6255,328109,6245,349830,6240,402757
2020-06-12 09:55:43.02,6250.96,6250,305749,6255,328109,6245,350039,6240,403757
2020-06-12 09:55:44.10,6250.96,6250,305749,6255,328109,6245,456083,6240,297535
2020-06-12 09:55:44.49,6250.96,6250,302549,6255,328109,6245,456083,6240,297535
2020-06-12 09:55:45.66,6250.96,6250,302549,6255,328109,6245,456881,6240,297535
2020-06-12 09:55:45.96,6250.96,6250,300249,6255,328109,6245,456891,6240,297535
2020-06-12 09:55:46.72,6250.96,6250,189416,6255,341445,6245,456741,6240,297535
2020-06-12 09:55:47.77,6248.9,6250,299796,6255,328109,6245,456741,6240,297535
2020-06-12 09:55:48.11,6248.87,6250,189316,6255,341445,6245,456741,6240,297696
2020-06-12 09:55:48.90,6249.93,6250,26784,6255,447687,6245,456741,6240,297696
2020-06-12 09:55:49.85,6249.93,6250,194816,6255,341465,6245,456741,6240,297696
2020-06-12 09:55:50.36,6250.96,6250,78834,6255,447687,6245,449281,6240,297696
2020-06-12 09:55:51.10,6250.96,6250,189307,6255,341465,6245,445876,6240,297696
2020-06-12 09:55:51.96,6250.96,6250,193265,6255,341465,6245,445876,6240,297696
2020-06-12 09:55:52.99,6250.96,6250,193065,6255,341065,6245,445876,6240,297696
2020-06-12 09:55:53.28,6250.96,6250,193065,6255,341065,6245,445876,6240,297696
2020-06-12 09:55:54.07,6250.96,6250,195565,6255,341065,6245,445876,6240,297696
2020-06-12 09:55:55.11,6250.96,6250,304064,6255,327734,6245,445896,6240,297727
2020-06-12 09:55:55.69,6250.96,6250,193584,6255,341070,6245,445896,6240,297777
2020-06-12 09:55:56.66,6250.96,6250,193584,6255,341070,6245,445997,6240,297777
2020-06-12 09:55:57.16,6250.96,6250,87362,6255,447292,6245,448628,6240,297777
2020-06-12 09:55:58.24,6249.93,6250,87367,6255,447292,6245,448638,6240,297778
2020-06-12 09:55:58.60,6250.93,6250,20406,6255,447292,6245,451637,6240,297778
2020-06-12 09:55:59.81,6251.02,6250,89669,6255,447292,6245,451637,6240,303075
2020-06-12 09:56:00.03,6251.02,6250,194438,6255,341070,6245,451637,6240,303075
2020-06-12 09:56:00.86,6251.02,6250,194438,6255,341070,6245,451587,6240,303175
2020-06-12 09:56:01.30,6251.02,6250,194438,6255,341070,6245,451587,6240,303175
2020-06-12 09:56:02.03,6251.02,6250,193158,6255,341070,6245,451587,6240,303175
2020-06-12 09:56:02.98,6251.02,6250,193158,6255,341070,6245,451587,6240,303175
2020-06-12 09:56:03.48,6251.02,6250,193178,6255,341070,6245,451670,6240,303175
2020-06-12 09:56:04.56,6249.99,6250,193678,6255,341070,6245,452170,6240,303175
2020-06-12 09:56:04.80,6249.99,6250,193678,6255,340840,6245,452170,6240,303175
2020-06-12 09:56:05.61,6249.99,6250,192878,6255,340840,6245,452331,6240,303175
2020-06-12 09:56:06.06,6249.99,6250,192578,6255,340840,6245,452331,6240,303175
2020-06-12 09:56:06.72,6249.99,6250,24046,6255,447062,6245,452330,6240,303175
2020-06-12 09:56:07.72,6249.93,6250,17036,6255,447072,6245,452530,6240,303175
2020-06-12 09:56:08.78,6249.93,6250,86845,6255,447072,6245,452530,6240,303175
2020-06-12 09:56:09.12,6250.99,6250,86845,6255,447072,6245,452530,6240,303175
2020-06-12 09:56:09.92,6250.99,6250,193062,6255,340850,6245,452530,6240,303175
2020-06-12 09:56:10.89,6250.99,6250,193062,6255,340850,6245,452530,6240,303175
2020-06-12 09:56:11.33,6250.99,6250,192552,6255,342989,6245,452530,6240,303275
2020-06-12 09:56:12.45,6250.99,6250,86260,6255,449206,6245,452530,6240,303275
2020-06-12 09:56:12.83,6250.99,6250,199444,6255,342984,6245,452330,6240,304075
2020-06-12 09:56:14.17,6250.99,6250,199494,6255,342984,6245,452330,6240,304075
2020-06-12 09:56:15.47,6250.99,6250,199494,6255,342984,6245,452330,6240,304075
2020-06-12 09:56:16.65,6250.99,6250,199494,6255,343484,6245,452330,6240,304075
2020-06-12 09:56:16.82,6250.99,6250,249494,6255,343484,6245,452330,6240,304075
2020-06-12 09:56:17.73,6250.96,6250,309974,6255,330148,6245,452330,6240,304075
2020-06-12 09:56:18.79,6250.96,6250,310075,6255,330148,6245,346108,6240,410297
2020-06-12 09:56:19.29,6249.93,6250,310575,6255,330148,6245,347108,6240,410297
2020-06-12 09:56:20.37,6247.87,6250,310425,6255,330148,6245,347108,6240,410297
2020-06-12 09:56:20.85,6247.87,6250,310363,6255,330148,6245,453830,6240,304075
2020-06-12 09:56:21.96,6247.87,6250,310363,6255,330148,6245,347608,6240,410297
2020-06-12 09:56:22.38,6247.87,6250,310443,6255,330148,6245,297608,6240,410297
2020-06-12 09:56:23.17,6247.87,6250,310443,6255,330648,6245,347608,6240,410297
2020-06-12 09:56:24.09,6247.87,6250,309943,6255,330699,6245,346008,6240,410297
2020-06-12 09:56:24.67,6247.87,6250,307444,6255,330700,6245,346008,6240,410297
2020-06-12 09:56:25.68,6247.87,6250,307434,6255,332302,6245,452746,6240,304075
2020-06-12 09:56:26.20,6247.87,6250,307438,6255,332302,6245,452746,6240,304075
2020-06-12 09:56:27.26,6247.87,6250,307438,6255,332302,6245,452746,6240,304075
2020-06-12 09:56:27.62,6247.84,6250,197123,6255,345638,6245,453424,6240,304075
2020-06-12 09:56:28.49,6248.87,6250,196799,6255,345638,6245,453424,6240,304075
2020-06-12 09:56:29.38,6249.93,6250,90492,6255,451860,6245,453424,6240,304075
2020-06-12 09:56:30.43,6250.99,6250,90322,6255,450358,6245,453424,6240,304075
2020-06-12 09:56:30.82,6250.99,6250,20512,6255,450358,6245,453424,6240,304075
2020-06-12 09:56:32.15,6250.99,6250,19012,6255,450358,6245,454424,6240,304075
2020-06-12 09:56:33.04,6250.99,6250,19002,6255,450369,6245,454424,6240,304075
2020-06-12 09:56:33.55,6250.99,6250,162032,6255,344182,6245,454624,6240,304075
2020-06-12 09:56:34.68,6250.99,6250,162032,6255,344182,6245,454624,6240,304075
2020-06-12 09:56:34.93,6250.99,6250,162032,6255,344182,6245,454624,6240,304075
2020-06-12 09:56:35.74,6250.99,6250,55810,6255,450404,6245,454624,6240,304075
2020-06-12 09:56:36.19,6250.99,6250,55810,6255,450404,6245,454654,6240,304075
2020-06-12 09:56:37.32,6250.99,6250,56310,6255,450404,6245,454654,6240,304075
2020-06-12 09:56:37.58,6250.99,6250,78500,6255,450404,6245,454654,6240,304075
2020-06-12 09:56:38.36,6250.99,6250,192712,6255,344182,6245,454634,6240,304075
2020-06-12 09:56:39.43,6251.02,6250,192712,6255,354581,6245,454634,6240,304075
2020-06-12 09:56:39.69,6251.02,6250,192712,6255,354581,6245,454634,6240,304075
2020-06-12 09:56:40.49,6249.96,6250,192712,6255,354581,6245,454634,6240,304075
2020-06-12 09:56:41.08,6249.96,6250,192712,6255,354581,6245,454644,6240,304075
2020-06-12 09:56:42.07,6249.96,6250,8490,6255,460803,6245,454644,6240,304075
2020-06-12 09:56:43.10,6249.96,6255,460453,6260,370052,6250,2355,6245,455143
2020-06-12 09:56:43.60,6249.96,6255,460453,6260,370052,6250,2355,6245,456143
2020-06-12 09:56:44.67,6249.96,6250,113500,6255,424953,6245,456143,6240,304075
2020-06-12 09:56:45.02,6249.96,6250,184221,6255,354231,6245,456075,6240,304075
2020-06-12 09:56:45.72,6249.96,6250,184291,6255,354231,6245,456075,6240,304075
2020-06-12 09:56:46.77,6249.96,6250,184291,6255,354231,6245,456069,6240,304075
2020-06-12 09:56:47.78,6250.99,6250,187291,6255,354431,6245,456077,6240,304075
2020-06-12 09:56:48.02,6250.99,6250,247771,6255,341095,6245,456177,6240,304075
2020-06-12 09:56:48.88,6249.93,6250,297771,6255,341095,6245,456277,6240,304075
2020-06-12 09:56:49.94,6249.93,6250,297771,6255,341095,6245,460105,6240,304085
2020-06-12 09:56:50.39,6249.93,6250,297765,6255,341095,6245,353883,6240,410307
2020-06-12 09:56:51.52,6249.93,6250,297765,6255,341095,6245,355886,6240,410307
2020-06-12 09:56:52.02,6249.93,6250,297765,6255,341095,6245,356386,6240,410307
2020-06-12 09:56:53.08,6249.93,6250,298024,6255,341225,6245,462608,6240,304086
2020-06-12 09:56:53.47,6249.93,6250,298054,6255,341225,6245,356386,6240,410308
2020-06-12 09:56:54.19,6249.93,6250,298054,6255,341289,6245,356386,6240,410308
2020-06-12 09:56:55.17,6249.93,6250,298054,6255,341289,6245,206386,6240,410308
2020-06-12 09:56:56.22,6249.93,6250,298054,6255,341289,6245,156436,6240,410319
2020-06-12 09:56:57.26,6248.85,6250,298054,6255,341289,6245,156256,6240,410319
2020-06-12 09:56:57.72,6247.82,6250,298053,6255,341289,6245,157256,6240,410319
2020-06-12 09:56:58.29,6246.76,6250,298053,6255,341289,6245,157258,6240,411319
2020-06-12 09:56:59.36,6247.82,6250,298153,6255,341189,6245,157251,6240,411319
2020-06-12 09:56:59.67,6247.82,6250,297153,6255,341189,6245,156251,6240,411319
2020-06-12 09:57:00.49,6247.82,6250,297203,6255,341189,6245,156009,6240,411319
2020-06-12 09:57:01.20,6247.82,6250,297203,6255,342791,6245,206009,6240,411319
2020-06-12 09:57:02.51,6247.82,6250,297304,6255,342791,6245,35235,6240,428393
2020-06-12 09:57:02.88,6247.82,6250,297304,6255,342791,6245,130947,6240,411319
2020-06-12 09:57:04.12,6247.82,6250,297303,6255,342791,6245,121157,6240,411319
2020-06-12 09:57:04.41,6247.82,6250,297304,6255,342791,6245,121033,6240,411319
2020-06-12 09:57:05.16,6247.82,6250,297313,6255,341189,6245,229033,6240,411319
2020-06-12 09:57:06.19,6247.82,6250,297367,6255,341125,6245,229033,6240,411319
2020-06-12 09:57:07.26,6247.82,6250,297367,6255,341125,6245,335245,6240,305097
2020-06-12 09:57:07.62,6247.82,6250,298367,6255,341125,6245,334845,6240,305097
2020-06-12 09:57:08.50,6248.85,6250,298367,6255,341125,6245,334845,6240,305097
2020-06-12 09:57:09.13,6248.87,6250,298367,6255,341125,6245,228623,6240,411319
2020-06-12 09:57:10.39,6248.87,6250,298404,6255,341088,6245,227985,6240,411319
2020-06-12 09:57:10.66,6247.87,6250,298404,6255,341088,6245,227985,6240,411319
2020-06-12 09:57:12.50,6247.87,6250,298814,6255,341088,6245,177986,6240,411319
2020-06-12 09:57:12.86,6247.87,6250,298814,6255,341088,6245,251686,6240,411319
2020-06-12 09:57:13.53,6247.87,6250,298814,6255,341088,6245,251686,6240,411319
2020-06-12 09:57:14.59,6247.87,6250,298176,6255,341088,6245,249586,6240,411319
2020-06-12 09:57:14.92,6247.87,6250,298176,6255,341088,6245,355808,6240,305097
2020-06-12 09:57:15.70,6247.87,6250,298176,6255,341088,6245,249586,6240,411319
2020-06-12 09:57:16.73,6247.87,6250,298181,6255,341088,6245,355308,6240,305097
2020-06-12 09:57:17.09,6247.87,6250,298281,6255,341088,6245,355308,6240,305097
2020-06-12 09:57:18.31,6247.82,6250,298281,6255,341088,6245,251491,6240,411319
2020-06-12 09:57:18.76,6248.87,6250,298381,6255,341088,6245,457895,6240,305097
2020-06-12 09:57:19.87,6248.87,6250,187901,6255,354424,6245,457895,6240,304097
2020-06-12 09:57:20.29,6249.93,6250,187901,6255,354424,6245,457895,6240,304097
2020-06-12 09:57:21.47,6249.93,6250,10967,6255,460646,6245,457900,6240,304097
2020-06-12 09:57:21.92,6249.93,6250,18967,6255,460646,6245,457900,6240,304097
2020-06-12 09:57:23.03,6249.93,6250,11147,6255,460646,6245,457900,6240,304097
2020-06-12 09:57:23.29,6249.93,6250,11152,6255,460646,6245,458400,6240,304097
2020-06-12 09:57:24.04,6249.93,6250,13652,6255,460646,6245,458400,6240,304097
2020-06-12 09:57:24.65,6249.93,6250,13652,6255,460646,6245,458400,6240,304097
2020-06-12 09:57:25.67,6249.93,6255,460646,6260,369014,6250,55668,6245,441425
2020-06-12 09:57:26.14,6249.93,6255,460646,6260,369014,6250,55668,6245,441425
2020-06-12 09:57:26.76,6249.93,6255,460646,6260,369014,6250,55667,6245,441425
2020-06-12 09:57:27.76,6250.99,6255,460646,6260,369014,6250,55567,6245,441425
2020-06-12 09:57:28.18,6253.08,6250,4,6255,460646,6245,458499,6240,304097
2020-06-12 09:57:29.31,6252.08,6250,84242,6255,460646,6245,458500,6240,304097
2020-06-12 09:57:29.62,6252.08,6250,84227,6255,460646,6245,458500,6240,304097
2020-06-12 09:57:30.29,6252.05,6250,500,6255,460646,6245,458498,6240,304097
2020-06-12 09:57:31.42,6252.05,6250,190927,6255,354424,6245,458486,6240,304097
2020-06-12 09:57:31.65,6252.05,6250,190707,6255,354424,6245,458486,6240,304097
2020-06-12 09:57:32.46,6252.05,6250,190957,6255,354424,6245,458786,6240,304097
2020-06-12 09:57:32.96,6252.05,6250,191057,6255,354424,6245,458823,6240,304097
2020-06-12 09:57:33.56,6252.05,6250,192832,6255,354424,6245,458823,6240,304097
2020-06-12 09:57:34.06,6252.05,6250,192832,6255,354424,6245,459028,6240,304097
2020-06-12 09:57:35.07,6252.05,6250,192732,6255,354424,6245,459028,6240,304107
2020-06-12 09:57:35.32,6252.05,6250,192725,6255,354424,6245,459029,6240,304107
2020-06-12 09:57:35.85,6252.05,6250,192735,6255,354424,6245,459029,6240,304107
2020-06-12 09:57:36.62,6252.05,6250,303415,6255,341088,6245,388307,6240,374829
2020-06-12 09:57:37.70,6251.02,6250,303415,6255,341088,6245,459029,6240,304107
2020-06-12 09:57:38.02,6251.02,6250,167270,6255,354424,6245,459029,6240,304107
2020-06-12 09:57:39.43,6249.93,6250,2335,6255,460646,6245,459029,6240,304107
2020-06-12 09:57:40.34,6250.99,6250,2295,6255,460646,6245,459029,6240,304107
2020-06-12 09:57:41.40,6250.99,6250,635,6255,450247,6245,459029,6240,304107
2020-06-12 09:57:41.62,6250.99,6250,59848,6255,450252,6245,459029,6240,304107
2020-06-12 09:57:42.46,6250.99,6255,450252,6260,369074,6250,829,6245,459029
2020-06-12 09:57:43.49,6250.99,6255,450252,6260,369074,6250,8880,6245,459033
2020-06-12 09:57:43.76,6250.99,6255,450252,6260,350074,6250,8962,6245,458851
2020-06-12 09:57:44.55,6250.99,6255,450252,6260,350074,6250,103030,6245,441778
2020-06-12 09:57:45.57,6250.99,6255,450252,6260,350074,6250,103030,6245,441778
2020-06-12 09:57:45.99,6250.99,6255,233217,6260,469632,6250,395607,6245,337179
2020-06-12 09:57:47.16,6251.02,6255,293697,6260,456296,6250,395608,6245,337179
2020-06-12 09:57:48.21,6252.02,6255,233065,6260,469632,6250,395598,6245,337179
2020-06-12 09:57:49.25,6256.25,6255,232325,6260,469632,6250,395598,6245,337179
2020-06-12 09:57:49.66,6256.25,6255,113644,6260,469632,6250,395598,6245,337179
2020-06-12 09:57:50.85,6256.28,6255,105334,6260,469632,6250,395598,6245,337279
2020-06-12 09:57:51.28,6256.28,6255,55819,6260,469632,6250,395598,6245,337279
2020-06-12 09:57:52.41,6256.28,6255,142019,6260,469632,6250,395749,6245,337279
2020-06-12 09:57:53.46,6256.28,6255,143242,6260,469632,6250,395749,6245,337229
2020-06-12 09:57:53.86,6256.28,6255,143242,6260,469632,6250,395339,6245,337229
2020-06-12 09:57:55.03,6256.28,6255,143142,6260,469632,6250,395339,6245,337229
2020-06-12 09:57:55.31,6256.28,6255,143142,6260,469632,6250,395339,6245,337229
2020-06-12 09:57:56.10,6256.28,6255,359844,6260,350074,6250,395339,6245,337229
2020-06-12 09:57:56.69,6256.28,6255,360150,6260,350074,6250,395339,6245,337229
2020-06-12 09:57:57.69,6256.28,6255,360250,6260,350074,6250,395339,6245,337229
2020-06-12 09:57:57.89,6255.25,6255,361064,6260,350074,6250,395449,6245,337219
2020-06-12 09:57:58.75,6255.25,6255,361064,6260,350074,6250,395449,6245,337380
2020-06-12 09:57:59.13,6255.19,6255,361064,6260,350074,6250,395449,6245,337380
2020-06-12 09:58:00.34,6255.19,6255,144362,6260,470206,6250,395535,6245,337380
2020-06-12 09:58:00.69,6255.19,6255,66362,6260,470207,6250,395535,6245,337380
2020-06-12 09:58:01.92,6255.19,6255,58362,6260,470207,6250,396535,6245,337380
2020-06-12 09:58:02.33,6255.19,6255,58347,6260,470207,6250,396583,6245,337380
2020-06-12 09:58:03.52,6255.19,6255,58217,6260,470207,6250,396583,6245,337380
2020-06-12 09:58:03.77,6255.19,6255,58216,6260,470208,6250,396583,6245,337380
2020-06-12 09:58:04.56,6255.19,6260,470208,6265,354912,6255,292614,6250,273338
2020-06-12 09:58:05.62,6255.19,6260,470208,6265,354912,6255,291334,6250,273156
2020-06-12 09:58:06.12,6255.19,6260,469958,6265,354912,6255,291335,6250,273156
2020-06-12 09:58:07.22,6255.19,6260,469958,6265,354912,6255,291335,6250,273166
2020-06-12 09:58:07.45,6256.28,6260,470458,6265,354912,6255,291635,6250,273166
2020-06-12 09:58:08.25,6257.34,6260,470455,6265,354912,6255,135360,6250,380387
2020-06-12 09:58:09.29,6258.43,6260,470455,6265,354912,6255,135560,6250,380287
2020-06-12 09:58:09.70,6258.43,6260,470455,6265,354912,6255,135560,6250,383487
2020-06-12 09:58:11.42,6258.37,6260,470455,6265,354912,6255,137158,6250,383487
2020-06-12 09:58:12.47,6258.37,6260,470555,6265,355212,6255,137158,6250,383587
2020-06-12 09:58:12.76,6258.37,6260,468144,6265,355212,6255,137156,6250,383490
2020-06-12 09:58:13.53,6258.37,6260,472161,6265,355212,6255,137136,6250,383490
2020-06-12 09:58:14.06,6258.37,6260,472161,6265,355212,6255,137136,6250,383490
2020-06-12 09:58:14.79,6258.37,6260,472161,6265,355212,6255,137146,6250,383490
2020-06-12 09:58:15.65,6258.37,6260,472161,6265,355212,6255,137286,6250,383490
2020-06-12 09:58:16.70,6258.37,6260,472183,6265,354912,6255,137286,6250,384640
2020-06-12 09:58:17.06,6258.37,6260,472133,6265,354912,6255,137386,6250,389640
2020-06-12 09:58:17.75,6258.37,6260,473538,6265,354912,6255,136806,6250,395543
2020-06-12 09:58:18.81,6258.4,6260,474038,6265,354912,6255,10642,6250,410588
2020-06-12 09:58:19.26,6258.4,6260,461238,6265,354912,6255,87006,6250,395643
2020-06-12 09:58:20.37,6257.31,6260,461238,6265,354912,6255,10752,6250,410688
2020-06-12 09:58:20.76,6257.31,6255,85902,6260,469238,6250,410689,6245,341045
2020-06-12 09:58:21.93,6257.31,6255,84902,6260,469239,6250,410689,6245,341045
2020-06-12 09:58:22.26,6257.31,6255,76899,6260,469839,6250,410692,6245,341042
2020-06-12 09:58:23.51,6257.31,6255,86399,6260,469839,6250,410692,6245,341042
2020-06-12 09:58:23.85,6257.31,6255,303100,6260,350281,6250,410692,6245,341042
2020-06-12 09:58:25.10,6257.31,6255,303085,6260,350281,6250,411192,6245,342042
2020-06-12 09:58:25.46,6257.31,6255,303085,6260,350281,6250,411193,6245,343042
2020-06-12 09:58:26.65,6257.31,6255,302985,6260,350281,6250,411193,6245,343042
2020-06-12 09:58:26.85,6257.31,6255,303985,6260,350281,6250,411218,6245,343042
2020-06-12 09:58:27.74,6255.28,6255,304285,6260,352311,6250,406218,6245,343042
2020-06-12 09:58:28.79,6254.16,6255,87085,6260,471869,6250,406170,6245,343043
2020-06-12 09:58:29.19,6255.22,6255,2800,6260,471869,6250,406170,6245,343193
2020-06-12 09:58:30.35,6256.28,6255,2497,6260,471869,6250,406170,6245,343193
2020-06-12 09:58:30.79,6256.28,6255,10718,6260,471869,6250,406170,6245,343196
2020-06-12 09:58:31.91,6256.28,6255,2730,6260,472329,6250,406270,6245,343188
2020-06-12 09:58:32.94,6256.28,6255,2658,6260,472337,6250,407270,6245,343188
2020-06-12 09:58:33.32,6256.28,6255,3658,6260,472337,6250,407270,6245,343188
2020-06-12 09:58:34.02,6256.28,6255,3663,6260,472937,6250,407270,6245,343608
2020-06-12 09:58:35.11,6256.28,6255,6873,6260,473387,6250,407870,6245,343508
2020-06-12 09:58:35.61,6256.28,6255,8904,6260,473387,6250,407970,6245,343508
2020-06-12 09:58:36.69,6256.28,6255,7515,6260,473417,6250,407970,6245,343308
2020-06-12 09:58:37.11,6257.31,6255,6342,6260,473417,6250,407971,6245,343308
2020-06-12 09:58:38.24,6257.31,6255,6442,6260,473417,6250,408052,6245,343308
2020-06-12 09:58:38.55,6256.28,6255,6361,6260,473417,6250,411997,6245,343308
2020-06-12 09:58:39.30,6256.28,6255,6361,6260,473417,6250,411997,6245,343309
2020-06-12 09:58:39.86,6256.28,6255,5761,6260,473417,6250,412997,6245,343892
2020-06-12 09:58:40.52,6256.28,6255,5761,6260,473417,6250,412897,6245,343892
2020-06-12 09:58:41.41,6256.28,6255,5760,6260,473417,6250,412897,6245,344392
2020-06-12 09:58:41.75,6256.28,6255,6260,6260,473417,6250,412897,6245,344392
2020-06-12 09:58:42.96,6256.28,6255,14355,6260,473417,6250,412897,6245,344892
2020-06-12 09:58:43.22,6256.28,6255,90640,6260,492400,6250,412897,6245,344892
2020-06-12 09:58:44.08,6256.28,6255,14355,6260,492400,6250,412897,6245,345274
2020-06-12 09:58:45.05,6256.28,6255,14362,6260,492400,6250,412897,6245,345274
2020-06-12 09:58:46.13,6256.28,6255,150579,6260,479064,6250,412897,6245,345274
2020-06-12 09:58:46.39,6256.28,6255,86099,6260,492400,6250,412897,6245,345274
2020-06-12 09:58:47.17,6256.28,6255,86099,6260,492400,6250,412802,6245,345274
2020-06-12 09:58:48.22,6256.28,6255,86100,6260,492400,6250,412802,6245,345274
2020-06-12 09:58:48.52,6255.25,6255,9615,6260,492400,6250,412802,6245,345124
2020-06-12 09:58:49.34,6256.28,6255,85920,6260,492778,6250,412640,6245,345566
2020-06-12 09:58:50.09,6256.31,6255,85970,6260,492908,6250,412640,6245,348566
2020-06-12 09:58:50.85,6256.31,6255,85972,6260,492908,6250,412640,6245,348566
2020-06-12 09:58:53.06,6256.31,6255,302893,6260,373350,6250,412640,6245,348566
2020-06-12 09:58:54.03,6256.31,6255,302893,6260,373350,6250,341918,6245,416883
2020-06-12 09:58:54.38,6256.31,6255,302943,6260,373350,6250,306418,6245,452383
2020-06-12 09:58:55.60,6256.31,6255,302943,6260,373350,6250,412640,6245,346161
2020-06-12 09:58:55.81,6256.31,6255,302943,6260,373349,6250,412640,6245,346161
2020-06-12 09:58:56.65,6256.31,6255,302943,6260,373349,6250,412740,6245,346000
2020-06-12 09:58:57.70,6256.28,6255,302943,6260,373349,6250,412650,6245,346000
2020-06-12 09:58:57.99,6253.16,6255,302943,6260,373349,6250,306431,6245,452222
2020-06-12 09:58:58.73,6254.16,6255,302943,6260,373249,6250,412553,6245,346000
2020-06-12 09:58:59.77,6254.16,6255,302943,6260,373259,6250,412553,6245,346000
2020-06-12 09:59:00.29,6255.22,6255,302943,6260,373259,6250,412553,6245,346000
2020-06-12 09:59:01.37,6255.22,6255,86246,6260,489000,6250,412561,6245,346000
2020-06-12 09:59:01.99,6255.22,6255,9961,6260,489000,6250,412561,6245,346000
2020-06-12 09:59:02.94,6255.22,6255,1961,6260,489000,6250,412561,6245,346000
2020-06-12 09:59:03.46,6255.22,6255,1961,6260,489000,6250,413561,6245,346000
2020-06-12 09:59:04.26,6255.22,6255,1961,6260,487595,6250,413561,6245,346000
2020-06-12 09:59:05.05,6255.22,6255,1961,6260,487695,6250,413561,6245,346010
2020-06-12 09:59:06.10,6255.22,6260,487695,6265,353459,6255,82334,6250,398616
2020-06-12 09:59:06.49,6255.22,6260,479695,6265,353459,6255,132335,6250,398615
2020-06-12 09:59:07.71,6256.28,6260,479695,6265,353459,6255,132365,6250,398615
2020-06-12 09:59:07.90,6256.28,6260,479695,6265,353459,6255,288103,6250,292393
2020-06-12 09:59:08.72,6257.34,6260,479695,6265,353459,6255,288103,6250,292393
2020-06-12 09:59:09.11,6258.4,6260,479695,6265,353459,6255,288003,6250,292544
2020-06-12 09:59:11.03,6258.4,6260,479695,6265,353459,6255,386843,6250,292544
2020-06-12 09:59:11.81,6258.4,6260,479695,6265,353459,6255,386843,6250,292544
2020-06-12 09:59:13.09,6258.4,6260,202993,6265,473017,6255,385843,6250,292744
2020-06-12 09:59:14.14,6258.4,6260,92375,6265,473017,6255,385943,6250,292744
2020-06-12 09:59:15.19,6258.4,6260,341115,6265,353459,6255,384943,6250,292744
2020-06-12 09:59:16.23,6258.4,6260,341115,6265,353459,6255,384943,6250,292944
2020-06-12 09:59:16.76,6259.43,6260,341115,6265,353459,6255,384943,6250,293167
2020-06-12 09:59:18.15,6261.57,6260,388259,6265,353459,6255,385943,6250,293167
2020-06-12 09:59:19.39,6260.54,6260,341244,6265,353459,6255,386050,6250,300311
2020-06-12 09:59:19.67,6259.51,6260,341034,6265,353659,6255,386050,6250,300311
2020-06-12 09:59:20.48,6259.46,6260,341034,6265,353659,6255,386050,6250,300693
2020-06-12 09:59:21.00,6259.46,6260,388078,6265,353659,6255,386150,6250,300693
2020-06-12 09:59:22.07,6259.46,6260,388078,6265,353659,6255,386160,6250,300690
2020-06-12 09:59:22.39,6259.46,6260,387878,6265,353659,6255,386160,6250,300690
2020-06-12 09:59:24.17,6259.46,6260,387679,6265,353659,6255,386160,6250,300690
2020-06-12 09:59:24.35,6259.46,6260,390679,6265,353659,6255,386159,6250,300690
2020-06-12 09:59:25.26,6259.46,6260,390679,6265,353659,6255,386159,6250,300690
2020-06-12 09:59:26.32,6259.46,6260,390679,6265,353659,6255,386159,6250,300690
2020-06-12 09:59:26.65,6259.46,6260,391649,6265,353659,6255,229929,6250,406912
2020-06-12 09:59:27.29,6258.43,6260,388967,6265,353659,6255,129929,6250,406912
2020-06-12 09:59:28.45,6258.45,6260,397366,6265,353659,6255,130479,6250,406862
2020-06-12 09:59:28.67,6258.43,6260,394366,6265,353659,6255,130527,6250,406862
2020-06-12 09:59:29.53,6258.4,6260,394365,6265,353660,6255,286749,6250,300640
2020-06-12 09:59:29.85,6258.4,6260,394365,6265,353660,6255,286824,6250,300540
2020-06-12 09:59:30.59,6258.43,6260,396321,6265,353660,6255,286824,6250,300541
2020-06-12 09:59:31.12,6258.43,6260,396231,6265,353660,6255,286824,6250,300541
2020-06-12 09:59:32.13,6258.43,6260,398731,6265,353700,6255,286624,6250,300541
2020-06-12 09:59:32.41,6258.43,6260,398751,6265,353700,6255,286724,6250,300541
2020-06-12 09:59:33.06,6258.43,6260,398951,6265,353700,6255,286723,6250,300541
2020-06-12 09:59:34.24,6258.43,6260,399036,6265,353615,6255,286723,6250,300441
2020-06-12 09:59:34.38,6258.43,6260,399036,6265,353615,6255,286523,6250,300441
2020-06-12 09:59:35.34,6258.43,6260,398936,6265,353615,6255,286523,6250,300441
2020-06-12 09:59:35.82,6258.43,6260,399297,6265,353615,6255,286533,6250,300441
2020-06-12 09:59:36.90,6258.43,6260,399297,6265,353645,6255,286533,6250,300451
2020-06-12 09:59:37.07,6258.4,6260,398501,6265,353645,6255,286533,6250,300451
2020-06-12 09:59:39.02,6258.43,6260,399504,6265,353645,6255,131121,6250,405863
2020-06-12 09:59:39.32,6258.43,6260,399494,6265,353645,6255,287343,6250,300216
2020-06-12 09:59:40.10,6258.45,6260,399423,6265,353645,6255,287343,6250,300016
2020-06-12 09:59:40.55,6258.45,6260,399423,6265,353845,6255,287343,6250,300016
2020-06-12 09:59:41.66,6258.45,6260,399423,6265,353846,6255,131121,6250,406238
2020-06-12 09:59:41.91,6258.45,6260,399423,6265,354096,6255,131121,6250,406238
2020-06-12 09:59:42.72,6258.45,6260,399413,6265,354096,6255,182158,6250,406738
2020-06-12 09:59:43.76,6258.45,6260,389014,6265,354096,6255,171759,6250,406738
2020-06-12 09:59:44.05,6258.45,6260,389014,6265,354096,6255,171756,6250,406738
2020-06-12 09:59:44.75,6258.45,6260,389014,6265,354096,6255,171756,6250,406738
2020-06-12 09:59:45.82,6258.45,6260,389014,6265,354096,6255,171756,6250,407409
2020-06-12 09:59:46.16,6258.45,6260,389014,6265,354096,6255,169465,6250,407409
2020-06-12 09:59:46.88,6258.45,6260,389014,6265,354096,6255,169465,6250,408409
2020-06-12 09:59:47.39,6258.45,6260,389014,6265,354096,6255,169475,6250,408409
2020-06-12 09:59:48.43,6258.4,6260,389014,6265,354096,6255,119475,6250,408409
2020-06-12 09:59:48.61,6258.37,6260,389115,6265,354096,6255,122741,6250,408409
2020-06-12 09:59:49.49,6258.37,6260,389105,6265,354096,6255,122741,6250,408409
2020-06-12 09:59:49.82,6258.37,6260,388956,6265,354096,6255,65359,6250,423354
2020-06-12 09:59:50.46,6257.4,6260,388956,6265,354097,6255,56160,6250,423354
2020-06-12 09:59:51.61,6257.4,6255,84285,6260,388956,6250,423354,6245,344763
2020-06-12 09:59:52.08,6257.4,6255,338988,6260,269398,6250,317133,6245,450985
2020-06-12 09:59:53.21,6257.4,6255,338988,6260,269398,6250,60783,6245,450985
2020-06-12 09:59:54.25,6257.4,6255,338988,6260,269398,6250,45838,6245,465930
2020-06-12 09:59:55.30,6257.4,6255,337989,6260,269498,6250,45837,6245,465930
2020-06-12 09:59:56.34,6257.4,6255,337509,6260,269498,6250,130777,6245,450985
2020-06-12 09:59:57.38,6255.22,6255,337609,6260,269498,6250,45837,6245,465930
2020-06-12 09:59:57.69,6252.08,6255,337609,6260,269498,6250,46837,6245,465930
2020-06-12 09:59:58.48,6252.08,6255,337599,6260,269498,6250,46837,6245,440230
2020-06-12 09:59:59.45,6252.05,6250,60318,6255,337599,6245,440231,6240,306401
2020-06-12 09:59:59.81,6252.05,6255,337599,6260,269499,6250,83336,6245,428722
2020-06-12 10:00:01.05,6252.05,6255,337599,6260,269499,6250,91336,6245,428722
2020-06-12 10:00:01.42,6252.05,6255,337599,6260,269499,6250,11,6245,443667
2020-06-12 10:00:02.59,6252.05,6255,337499,6260,269499,6250,93846,6245,432759
2020-06-12 10:00:03.65,6252.05,6255,337500,6260,269499,6250,88848,6245,432759
2020-06-12 10:00:04.69,6252.05,6255,339202,6260,269276,6250,5463,6245,447704
2020-06-12 10:00:05.19,6252.05,6255,338868,6260,269276,6250,2512,6245,447704
2020-06-12 10:00:06.26,6252.05,6250,137436,6255,270086,6245,447704,6240,306402
2020-06-12 10:00:07.33,6252.08,6250,172935,6255,294586,6245,451993,6240,306402
2020-06-12 10:00:08.37,6252.08,6250,172415,6255,294586,6245,451994,6240,306402
2020-06-12 10:00:09.42,6249.99,6250,66193,6255,400808,6245,451994,6240,306402
2020-06-12 10:00:10.50,6252.05,6250,8000,6255,401308,6245,454494,6240,306402
2020-06-12 10:00:11.54,6252.05,6250,172935,6255,295087,6245,454494,6240,306402
2020-06-12 10:00:12.59,6252.05,6250,7950,6255,401809,6245,454994,6240,306402
2020-06-12 10:00:12.89,6252.05,6250,8000,6255,401809,6245,454994,6240,306402
2020-06-12 10:00:14.17,6252.05,6255,401809,6260,324783,6250,119696,6245,440091
2020-06-12 10:00:14.62,6252.05,6255,401809,6260,324783,6250,133342,6245,443091
2020-06-12 10:00:15.74,6252.05,6255,396709,6260,324783,6250,169597,6245,443091
2020-06-12 10:00:16.76,6252.05,6255,396609,6260,326153,6250,169600,6245,443091
2020-06-12 10:00:17.06,6252.05,6255,396609,6260,326153,6250,375822,6245,336869
2020-06-12 10:00:17.84,6251.02,6255,179907,6260,450721,6250,375822,6245,336870
2020-06-12 10:00:19.95,6255.22,6260,510721,6265,366950,6255,88945,6250,360878
2020-06-12 10:00:20.99,6257.34,6260,510711,6265,366950,6255,146436,6250,360877
2020-06-12 10:00:21.38,6257.34,6260,510711,6265,366950,6255,302658,6250,256655
2020-06-12 10:00:22.35,6257.34,6260,463567,6265,366950,6255,403599,6250,256665
2020-06-12 10:00:23.62,6257.34,6260,294009,6265,486508,6255,403599,6250,256765
2020-06-12 10:00:24.02,6257.34,6260,463567,6265,366950,6255,401609,6250,256765
2020-06-12 10:00:25.19,6257.34,6260,463527,6265,366950,6255,400919,6250,257766
2020-06-12 10:00:25.65,6257.34,6260,463036,6265,367441,6255,400919,6250,257766
2020-06-12 10:00:26.77,6257.34,6260,461869,6265,367441,6255,400919,6250,257766
2020-06-12 10:00:27.12,6258.43,6260,461869,6265,367441,6255,400919,6250,259346
2020-06-12 10:00:28.33,6259.48,6260,292321,6265,486999,6255,401151,6250,259351
2020-06-12 10:00:28.71,6260.51,6260,292891,6265,486999,6255,401151,6250,259351
2020-06-12 10:00:29.90,6260.51,6260,112791,6265,486999,6255,401151,6250,259351
2020-06-12 10:00:30.29,6261.57,6260,104627,6265,486999,6255,401151,6250,259391
2020-06-12 10:00:31.44,6261.57,6265,487009,6270,429000,6260,142945,6255,386206
2020-06-12 10:00:32.51,6261.57,6265,487008,6270,429000,6260,192925,6255,387210
2020-06-12 10:00:33.55,6261.57,6265,487008,6270,429030,6260,399147,6255,280988
2020-06-12 10:00:34.58,6261.57,6265,485003,6270,431035,6260,192964,6255,387210
2020-06-12 10:00:35.63,6261.57,6265,485303,6270,432523,6260,188963,6255,387210
2020-06-12 10:00:36.66,6261.57,6265,485333,6270,432523,6260,395301,6255,280988
2020-06-12 10:00:37.71,6263.69,6265,158731,6270,552081,6260,394921,6255,280988
2020-06-12 10:00:38.77,6263.69,6265,278289,6270,432523,6260,394920,6255,280988
2020-06-12 10:00:39.83,6265.78,6265,278211,6270,432523,6260,393366,6255,280988
2020-06-12 10:00:40.88,6264.75,6265,268211,6270,432523,6260,393266,6255,280988
2020-06-12 10:00:41.92,6264.75,6265,66467,6270,538745,6260,378531,6255,280988
2020-06-12 10:00:42.95,6264.75,6265,180034,6270,432623,6260,419746,6255,280988
2020-06-12 10:00:43.95,6264.75,6265,169471,6270,432623,6260,419746,6255,280989
2020-06-12 10:00:44.39,6264.75,6265,205056,6270,432625,6260,420023,6255,280989
2020-06-12 10:00:45.61,6264.75,6265,158413,6270,433125,6260,423023,6255,280989
2020-06-12 10:00:46.66,6264.75,6265,157880,6270,426825,6260,430301,6255,280989
2020-06-12 10:00:47.16,6264.75,6265,157241,6270,426826,6260,430433,6255,280857
2020-06-12 10:00:48.22,6265.78,6265,254885,6270,426926,6260,430433,6255,280857
2020-06-12 10:00:49.28,6264.77,6265,249884,6270,426926,6260,431433,6255,280857
2020-06-12 10:00:49.72,6264.77,6265,248155,6270,426926,6260,431933,6255,281937
2020-06-12 10:00:50.84,6263.72,6265,237205,6270,426926,6260,325561,6255,388199
2020-06-12 10:00:51.36,6263.72,6265,237204,6270,426926,6260,431783,6255,281977
2020-06-12 10:00:52.40,6263.72,6265,301222,6270,426926,6260,326044,6255,388199
2020-06-12 10:00:52.98,6263.72,6265,303128,6270,426926,6260,236035,6255,428199
2020-06-12 10:00:53.98,6263.72,6265,303915,6270,427596,6260,226035,6255,388199
2020-06-12 10:00:54.59,6263.72,6265,303905,6270,427596,6260,226035,6255,388189
2020-06-12 10:00:55.56,6263.72,6265,303854,6270,427606,6260,333137,6255,281967
2020-06-12 10:00:56.62,6263.72,6265,304254,6270,427608,6260,333137,6255,281967
2020-06-12 10:00:57.06,6263.69,6265,304547,6270,427608,6260,332861,6255,284967
2020-06-12 10:00:58.22,6262.6,6265,207403,6270,427608,6260,432861,6255,284967
2020-06-12 10:00:58.51,6263.69,6265,205603,6270,427608,6260,429861,6255,284967
2020-06-12 10:00:59.34,6264.8,6270,539592,6275,360632,6265,20389,6260,389870
2020-06-12 10:01:00.29,6266.86,6270,537590,6275,361147,6265,155829,6260,385592
2020-06-12 10:01:01.41,6266.86,6270,537590,6275,361147,6265,216175,6260,385592
2020-06-12 10:01:02.48,6266.86,6270,537590,6275,361147,6265,216182,6260,385592
2020-06-12 10:01:03.08,6266.86,6270,434694,6275,366899,6265,421381,6260,279370
2020-06-12 10:01:04.25,6266.86,6270,75416,6275,473121,6265,365976,6260,207676
2020-06-12 10:01:05.59,6266.86,6270,32488,6275,473121,6265,440174,6260,281478
2020-06-12 10:01:06.78,6266.86,6275,473621,6280,428573,6270,245660,6265,294051
2020-06-12 10:01:07.89,6272.15,6270,199,6275,473622,6265,407725,6260,281478
2020-06-12 10:01:08.98,6272.12,6275,473574,6280,428583,6270,89481,6265,400573
2020-06-12 10:01:09.98,6272.12,6275,473401,6280,428583,6270,190645,6265,390232
2020-06-12 10:01:11.03,6272.12,6275,473261,6280,428583,6270,28999,6265,430265
2020-06-12 10:01:12.06,6272.12,6270,163639,6275,375049,6265,431064,6260,282236
2020-06-12 10:01:13.12,6272.12,6270,163346,6275,375049,6265,431074,6260,282236
2020-06-12 10:01:14.14,6272.12,6270,266076,6275,369297,6265,431075,6260,282246
2020-06-12 10:01:14.51,6272.12,6270,266229,6275,369297,6265,275853,6260,388568
2020-06-12 10:01:15.75,6272.12,6270,299473,6275,369297,6265,1,6260,428568
2020-06-12 10:01:16.79,6272.12,6265,358426,6270,161251,6260,428569,6255,289995
2020-06-12 10:01:17.39,6271.09,6265,358214,6270,161252,6260,428569,6255,289995
2020-06-12 10:01:18.37,6268.98,6265,358134,6270,161452,6260,322352,6255,396217
2020-06-12 10:01:19.43,6263.77,6265,357054,6270,161661,6260,322352,6255,396217
2020-06-12 10:01:20.50,6262.6,6265,356953,6270,161663,6260,82382,6255,436217
2020-06-12 10:01:20.86,6262.6,6260,62906,6265,357141,6255,436217,6250,270440
2020-06-12 10:01:22.06,6262.6,6265,399431,6270,161476,6260,1596,6255,436208
2020-06-12 10:01:23.10,6262.6,6260,72404,6265,399431,6255,436248,6250,270440
2020-06-12 10:01:23.54,6262.6,6260,72563,6265,399431,6255,436727,6250,270441
2020-06-12 10:01:24.70,6262.6,6260,198215,6265,324090,6255,436724,6250,270441
2020-06-12 10:01:25.06,6262.6,6260,319337,6265,253368,6255,436724,6250,270443
2020-06-12 10:01:26.28,6262.6,6260,319337,6265,253368,6255,436724,6250,270488
2020-06-12 10:01:26.53,6262.6,6260,319767,6265,253368,6255,436724,6250,270488
2020-06-12 10:01:27.35,6260.57,6265,399790,6270,211807,6260,72290,6255,444015
2020-06-12 10:01:28.42,6259.48,6265,389790,6270,211907,6260,170291,6255,404015
2020-06-12 10:01:29.46,6262.63,6265,389840,6270,211967,6260,220371,6255,404015
2020-06-12 10:01:30.51,6263.72,6265,389840,6270,212067,6260,326593,6255,297793
2020-06-12 10:01:30.99,6263.72,6265,389840,6270,212067,6260,331593,6255,297793
2020-06-12 10:01:32.09,6263.72,6265,292696,6270,212067,6260,432072,6255,297952
2020-06-12 10:01:32.59,6263.72,6265,292696,6270,212067,6260,433349,6255,298745
2020-06-12 10:01:33.66,6263.72,6265,388900,6270,212068,6260,328087,6255,405017
2020-06-12 10:01:34.71,6263.72,6265,388978,6270,212148,6260,328087,6255,405017
2020-06-12 10:01:35.08,6263.72,6265,388978,6270,212158,6260,238150,6255,445017
2020-06-12 10:01:36.32,6263.72,6265,288361,6270,212458,6260,433894,6255,299295
2020-06-12 10:01:36.73,6263.72,6265,288461,6270,212458,6260,433894,6255,299295
2020-06-12 10:01:37.91,6264.75,6265,335901,6270,212458,6260,433894,6255,299295
2020-06-12 10:01:38.32,6264.75,6265,386897,6270,212458,6260,434042,6255,298817
2020-06-12 10:01:39.13,6264.75,6265,392077,6270,213863,6260,329820,6255,405039
2020-06-12 10:01:40.01,6264.75,6265,393177,6270,214022,6260,329820,6255,405039
2020-06-12 10:01:41.05,6263.72,6265,393178,6270,219039,6260,436040,6255,298817
2020-06-12 10:01:42.10,6263.72,6265,388258,6270,219039,6260,436190,6255,298817
2020-06-12 10:01:43.16,6263.72,6265,93343,6270,365261,6260,436389,6255,298817
2020-06-12 10:01:44.19,6263.72,6265,236626,6270,219094,6260,436389,6255,298817
2020-06-12 10:01:44.69,6263.72,6265,79307,6270,365331,6260,436240,6255,298817
2020-06-12 10:01:45.77,6263.72,6270,365331,6275,388015,6265,114654,6260,396249
2020-06-12 10:01:46.82,6263.72,6270,357331,6275,388015,6265,449617,6260,290027
2020-06-12 10:01:47.86,6264.75,6270,357185,6275,388015,6265,344830,6260,396508
2020-06-12 10:01:48.91,6266.89,6270,357185,6275,388016,6265,344829,6260,396508
2020-06-12 10:01:49.39,6268.95,6270,356590,6275,390018,6265,294929,6260,396667
2020-06-12 10:01:50.46,6266.89,6270,357840,6275,390018,6265,244929,6260,396667
2020-06-12 10:01:51.52,6266.89,6270,359635,6275,390018,6265,351151,6260,290455
2020-06-12 10:01:52.53,6266.89,6270,351444,6275,390018,6265,380353,6260,400565
2020-06-12 10:01:52.99,6266.89,6270,351474,6275,391397,6265,451056,6260,331853
2020-06-12 10:01:54.14,6266.89,6270,349554,6275,391397,6265,451353,6260,331853
2020-06-12 10:01:55.22,6266.89,6270,330598,6275,391402,6265,451553,6260,331853
2020-06-12 10:01:56.28,6266.89,6270,331655,6275,391402,6265,451088,6260,331853
2020-06-12 10:01:56.72,6266.89,6270,327638,6275,391402,6265,344866,6260,438075
2020-06-12 10:01:57.83,6268.98,6270,327491,6275,391402,6265,451138,6260,331873
2020-06-12 10:01:58.87,6270.06,6270,329158,6275,391402,6265,195916,6260,438095
2020-06-12 10:01:59.92,6268.98,6270,332753,6275,391402,6265,246656,6260,438095
2020-06-12 10:02:00.39,6268.98,6270,335573,6275,391392,6265,449878,6260,331873
2020-06-12 10:02:01.51,6268.98,6270,335773,6275,391392,6265,449878,6260,332639
2020-06-12 10:02:02.56,6268.98,6270,336023,6275,391392,6265,449878,6260,332649
2020-06-12 10:02:03.06,6268.98,6270,335163,6275,391392,6265,302038,6260,438871
2020-06-12 10:02:03.98,6268.98,6270,334913,6275,391642,6265,151918,6260,438871
2020-06-12 10:02:05.18,6268.98,6270,334903,6275,391642,6265,36843,6260,470126
2020-06-12 10:02:05.79,6268.98,6270,334453,6275,391642,6265,45350,6260,470126
2020-06-12 10:02:06.76,6268.98,6270,342354,6275,391652,6265,38082,6260,470126
2020-06-12 10:02:07.81,6268.98,6265,234128,6270,196132,6260,470027,6255,298837
2020-06-12 10:02:08.29,6266.86,6265,235207,6270,198132,6260,470017,6255,298837
2020-06-12 10:02:09.40,6264.77,6265,205086,6270,198211,6260,470176,6255,298837
2020-06-12 10:02:09.98,6265.8,6265,98419,6270,304433,6260,469976,6255,298837
2020-06-12 10:02:10.96,6265.8,6265,235309,6270,198211,6260,469498,6255,298837
2020-06-12 10:02:12.01,6265.8,6265,235190,6270,198311,6260,469087,6255,298837
2020-06-12 10:02:13.06,6265.8,6265,235190,6270,198811,6260,469087,6255,299837
2020-06-12 10:02:14.09,6265.8,6265,234950,6270,198811,6260,469127,6255,299867
2020-06-12 10:02:14.49,6265.8,6265,234750,6270,198812,6260,468976,6255,299867
2020-06-12 10:02:15.70,6265.8,6265,130807,6270,305034,6260,469006,6255,299867
2020-06-12 10:02:16.74,6265.8,6265,237023,6270,198812,6260,468966,6255,299867
2020-06-12 10:02:17.76,6265.8,6265,333367,6270,198822,6260,468966,6255,299857
2020-06-12 10:02:18.18,6264.75,6265,333067,6270,199023,6260,468966,6255,299857
2020-06-12 10:02:19.37,6264.77,6265,333146,6270,199023,6260,468966,6255,299857
2020-06-12 10:02:19.85,6264.77,6265,333022,6270,200073,6260,469366,6255,299857
2020-06-12 10:02:20.95,6263.69,6265,333252,6270,200096,6260,469366,6255,299857
2020-06-12 10:02:22.01,6263.69,6265,333702,6270,200396,6260,363144,6255,406079
2020-06-12 10:02:22.38,6263.69,6265,332407,6270,201396,6260,362144,6255,406079
2020-06-12 10:02:23.55,6263.69,6265,332407,6270,211959,6260,469555,6255,299857
2020-06-12 10:02:24.62,6263.69,6265,331984,6270,211959,6260,363183,6255,406079
2020-06-12 10:02:24.99,6263.69,6265,331984,6270,211959,6260,313174,6255,406079
2020-06-12 10:02:26.16,6263.69,6265,332199,6270,211959,6260,62600,6255,437334
2020-06-12 10:02:27.21,6263.69,6265,332199,6270,211959,6260,160852,6255,406079
2020-06-12 10:02:27.66,6263.72,6265,332799,6270,213959,6260,260902,6255,406079
2020-06-12 10:02:28.77,6261.6,6265,332800,6270,214069,6260,464945,6255,299857
2020-06-12 10:02:29.16,6263.69,6265,332007,6270,214079,6260,358723,6255,406079
2020-06-12 10:02:29.85,6263.69,6265,331064,6270,214079,6260,464795,6255,299857
2020-06-12 10:02:30.83,6263.69,6265,331679,6270,214279,6260,465005,6255,300157
2020-06-12 10:02:31.29,6263.69,6265,331644,6270,214279,6260,358783,6255,406379
2020-06-12 10:02:32.41,6263.69,6265,331870,6270,214279,6260,358683,6255,406379
2020-06-12 10:02:32.88,6263.69,6265,331330,6270,214779,6260,465254,6255,300157
2020-06-12 10:02:33.97,6263.69,6265,332312,6270,214779,6260,359032,6255,406389
2020-06-12 10:02:35.03,6263.69,6265,332312,6270,225220,6260,394532,6255,370889
2020-06-12 10:02:35.55,6263.69,6265,235143,6270,225220,6260,465127,6255,300167
2020-06-12 10:02:36.60,6263.69,6265,235143,6270,225220,6260,465977,6255,300167
2020-06-12 10:02:37.66,6263.72,6265,14409,6270,371942,6260,462476,6255,300167
2020-06-12 10:02:38.05,6263.72,6265,22168,6270,371942,6260,424048,6255,300177
2020-06-12 10:02:39.22,6264.75,6265,29168,6270,371942,6260,423998,6255,300177
2020-06-12 10:02:39.45,6266.83,6270,371992,6275,379065,6265,15458,6260,430226
2020-06-12 10:02:40.27,6265.83,6270,371992,6275,379065,6260,431548,6255,300177
2020-06-12 10:02:41.25,6265.83,6265,204740,6270,225770,6260,431548,6255,300177
2020-06-12 10:02:41.55,6265.83,6265,58522,6270,371492,6260,431408,6255,300977
2020-06-12 10:02:42.45,6265.83,6270,369871,6275,379065,6260,431567,6255,300997
2020-06-12 10:02:43.29,6265.83,6270,369871,6275,379065,6265,125780,6260,431567
2020-06-12 10:02:44.51,6265.83,6265,164816,6270,226149,6260,431576,6255,301097
2020-06-12 10:02:44.89,6265.83,6265,303944,6270,226149,6260,425016,6255,301097
2020-06-12 10:02:46.12,6265.83,6265,252944,6270,226149,6260,425026,6255,301097
2020-06-12 10:02:47.14,6265.83,6265,301809,6270,226649,6260,425026,6255,301102
2020-06-12 10:02:47.39,6265.8,6265,301785,6270,226908,6260,431034,6255,301102
2020-06-12 10:02:48.23,6264.75,6265,204641,6270,226908,6260,430884,6255,301102
2020-06-12 10:02:49.29,6264.75,6265,2700,6270,373130,6260,435894,6255,301102
2020-06-12 10:02:49.85,6264.75,6270,373107,6275,379665,6265,101,6260,442654
2020-06-12 10:02:50.88,6266.86,6270,373107,6275,379675,6265,102471,6260,411513
2020-06-12 10:02:51.95,6266.86,6270,498887,6275,379675,6265,110125,6260,411512
2020-06-12 10:02:52.29,6266.86,6270,498937,6275,379675,6265,70970,6260,443026
2020-06-12 10:02:53.29,6266.86,6270,490914,6275,379674,6265,110225,6260,411771
2020-06-12 10:02:54.22,6266.86,6270,500798,6275,380174,6265,110185,6260,411941
2020-06-12 10:02:55.08,6266.86,6265,259172,6270,354576,6260,443283,6255,300329
2020-06-12 10:02:56.27,6266.86,6265,201948,6270,354598,6260,443283,6255,300488
2020-06-12 10:02:56.89,6266.86,6265,298292,6270,354598,6260,436732,6255,300488
2020-06-12 10:02:57.86,6267.92,6265,297833,6270,354598,6260,436542,6255,300488
2020-06-12 10:02:58.91,6265.78,6265,297733,6270,355698,6260,367425,6255,371210
2020-06-12 10:02:59.49,6264.75,6265,297619,6270,356067,6260,438147,6255,300488
2020-06-12 10:03:00.49,6264.75,6265,297619,6270,356067,6260,438535,6255,300468
2020-06-12 10:03:01.55,6264.75,6265,561,6270,500212,6260,438545,6255,300468
2020-06-12 10:03:02.58,6264.75,6270,495750,6275,378574,6260,445750,6255,300468
2020-06-12 10:03:02.99,6264.75,6270,495750,6275,378574,6265,109666,6260,414494
2020-06-12 10:03:04.19,6264.75,6270,495760,6275,378574,6265,78416,6260,445759
2020-06-12 10:03:05.24,6264.75,6270,495736,6275,378574,6265,78416,6260,439751
2020-06-12 10:03:05.72,6264.75,6270,495723,6275,378574,6265,80094,6260,440751
2020-06-12 10:03:06.81,6263.72,6270,495723,6275,378574,6265,81732,6260,440733
2020-06-12 10:03:07.84,6265.8,6270,497723,6275,378574,6265,81991,6260,440733
2020-06-12 10:03:08.16,6266.89,6270,497699,6275,415469,6265,113246,6260,409478
2020-06-12 10:03:08.92,6266.86,6270,497685,6275,415469,6265,113246,6260,409578
2020-06-12 10:03:09.94,6266.86,6270,497685,6275,415469,6265,213256,6260,409578
2020-06-12 10:03:10.97,6267.92,6270,497685,6275,415469,6265,113256,6260,409578
2020-06-12 10:03:11.39,6267.92,6270,497662,6275,415469,6265,419603,6260,304381
2020-06-12 10:03:12.58,6267.92,6270,498207,6275,415469,6265,419553,6260,304883
2020-06-12 10:03:13.61,6267.92,6270,498217,6275,415469,6265,420354,6260,304883
2020-06-12 10:03:14.12,6267.92,6270,498494,6275,415719,6265,314232,6260,413405
2020-06-12 10:03:15.22,6267.92,6270,498393,6275,415719,6265,314082,6260,413405
2020-06-12 10:03:15.65,6267.92,6270,498393,6275,415719,6265,264080,6260,413405
2020-06-12 10:03:16.81,6267.92,6270,491312,6275,415719,6265,314187,6260,413305
2020-06-12 10:03:17.84,6268.98,6270,491305,6275,415719,6265,314182,6260,413305
2020-06-12 10:03:18.33,6268.98,6270,493305,6275,415719,6265,314992,6260,413332
2020-06-12 10:03:19.42,6268.95,6270,493305,6275,415522,6265,314993,6260,413332
2020-06-12 10:03:19.92,6267.92,6270,493283,6275,415525,6265,265093,6260,413332
2020-06-12 10:03:21.00,6267.92,6270,493283,6275,415525,6265,11428,6260,444587
2020-06-12 10:03:21.48,6267.92,6265,206294,6270,357138,6260,445088,6255,302769
2020-06-12 10:03:22.61,6267.92,6265,199144,6270,357238,6260,445090,6255,302769
2020-06-12 10:03:23.65,6267.92,6265,296264,6270,357238,6260,445090,6255,302769
2020-06-12 10:03:24.67,6267.92,6265,297064,6270,356241,6260,367165,6255,373491
2020-06-12 10:03:25.74,6267.92,6265,297664,6270,357851,6260,331665,6255,408992
2020-06-12 10:03:26.21,6267.92,6265,298950,6270,357851,6260,331665,6255,408992
2020-06-12 10:03:27.35,6267.92,6265,293661,6270,357851,6260,437887,6255,302770
2020-06-12 10:03:27.85,6264.75,6265,195518,6270,357862,6260,437887,6255,302770
2020-06-12 10:03:28.92,6263.69,6265,196025,6270,357862,6260,437887,6255,302770
2020-06-12 10:03:29.46,6264.75,6265,189675,6270,357862,6260,437887,6255,302870
2020-06-12 10:03:30.51,6265.78,6265,6378,6270,502007,6260,445050,6255,302870
2020-06-12 10:03:30.99,6265.78,6265,10002,6270,502006,6260,445150,6255,302870
2020-06-12 10:03:32.07,6265.78,6265,9602,6270,506006,6260,452353,6255,302870
2020-06-12 10:03:33.07,6265.78,6265,194987,6270,361861,6260,445150,6255,302870
2020-06-12 10:03:33.46,6265.78,6265,17352,6270,506006,6260,445215,6255,302870
2020-06-12 10:03:34.66,6265.78,6270,506006,6275,405506,6265,149,6260,452417
2020-06-12 10:03:34.96,6265.78,6270,506206,6275,405606,6260,452418,6255,302770
2020-06-12 10:03:35.76,6265.78,6270,506206,6275,405606,6260,452418,6255,302770
2020-06-12 10:03:36.77,6265.78,6270,506206,6275,405606,6265,209520,6260,421213
2020-06-12 10:03:37.38,6265.78,6270,497706,6275,405606,6265,209186,6260,421893
2020-06-12 10:03:38.37,6265.8,6270,497706,6275,405706,6265,209345,6260,421893
2020-06-12 10:03:38.85,6267.89,6270,497706,6275,405706,6265,209408,6260,422893
2020-06-12 10:03:39.94,6267.89,6270,500226,6275,405706,6265,209410,6260,422893
2020-06-12 10:03:40.29,6268.98,6270,500576,6275,405356,6265,415642,6260,316671
2020-06-12 10:03:41.51,6268.98,6270,500571,6275,405356,6265,415642,6260,316666
2020-06-12 10:03:41.88,6268.98,6270,496406,6275,409356,6265,416312,6260,316666
2020-06-12 10:03:43.07,6268.98,6270,496406,6275,409356,6265,416312,6260,316666
2020-06-12 10:03:43.49,6268.98,6270,496407,6275,409356,6265,416312,6260,316666
2020-06-12 10:03:44.66,6268.98,6270,449263,6275,411771,6265,417312,6260,316666
2020-06-12 10:03:45.11,6268.98,6270,496917,6275,411871,6265,311104,6260,422888
2020-06-12 10:03:46.24,6268.98,6270,496914,6275,411871,6265,417326,6260,316666
2020-06-12 10:03:47.25,6268.98,6270,496914,6275,411868,6265,417426,6260,326779
2020-06-12 10:03:47.61,6269.01,6270,458991,6275,449791,6265,417426,6260,326779
2020-06-12 10:03:48.36,6268.98,6270,361899,6275,449791,6265,417425,6260,316779
2020-06-12 10:03:49.41,6270.01,6270,361874,6275,449791,6265,417425,6260,316779
2020-06-12 10:03:50.46,6270.01,6270,361873,6275,449791,6265,417425,6260,316779
2020-06-12 10:03:50.81,6270.01,6270,361272,6275,449891,6265,417429,6260,316866
2020-06-12 10:03:51.66,6270.01,6270,361272,6275,452898,6265,419429,6260,316866
2020-06-12 10:03:52.56,6270.01,6270,295638,6275,452898,6265,419424,6260,317025
2020-06-12 10:03:53.61,6270.01,6270,360983,6275,452898,6265,420424,6260,317025
2020-06-12 10:03:54.66,6270.01,6270,360983,6275,452898,6265,421424,6260,317025
2020-06-12 10:03:55.08,6270.01,6270,360984,6275,452898,6265,421324,6260,317025
2020-06-12 10:03:55.86,6270.01,6270,295429,6275,452598,6265,421524,6260,317025
2020-06-12 10:03:56.78,6270.04,6270,496051,6275,414675,6265,421481,6260,317025
2020-06-12 10:03:57.83,6270.06,6270,360994,6275,453598,6265,421631,6260,317025
2020-06-12 10:03:58.28,6270.06,6270,361046,6275,453498,6265,421681,6260,317025
2020-06-12 10:03:59.41,6271.07,6270,189269,6275,559720,6265,421681,6260,317025
2020-06-12 10:03:59.75,6271.07,6270,4,6275,559720,6265,421671,6260,317025
2020-06-12 10:04:00.94,6271.09,6270,4,6275,559720,6265,421673,6260,317025
2020-06-12 10:04:01.31,6271.09,6275,559720,6280,406103,6270,1,6265,421672
2020-06-12 10:04:02.55,6271.09,6270,326289,6275,415575,6265,421673,6260,356453
2020-06-12 10:04:03.06,6271.09,6270,325809,6275,415575,6265,421673,6260,356453
2020-06-12 10:04:04.11,6271.09,6270,325797,6275,415585,6265,421673,6260,356453
2020-06-12 10:04:05.14,6271.09,6270,196869,6275,453508,6265,421703,6260,356453
2020-06-12 10:04:06.15,6271.09,6270,331936,6275,415585,6265,421803,6260,356453
2020-06-12 10:04:06.56,6271.09,6270,196759,6275,453508,6265,420803,6260,355787
2020-06-12 10:04:07.73,6271.12,6270,199561,6275,453508,6265,420803,6260,354787
2020-06-12 10:04:08.18,6270.06,6270,199562,6275,453508,6265,420803,6260,354787
2020-06-12 10:04:09.31,6271.09,6270,16794,6275,559730,6265,421803,6260,353787
2020-06-12 10:04:09.82,6271.09,6275,559880,6280,406103,6270,112257,6265,390547
2020-06-12 10:04:10.87,6272.15,6275,551980,6280,406103,6270,111590,6265,390523
2020-06-12 10:04:11.32,6272.15,6275,551980,6280,406103,6270,319812,6265,285301
2020-06-12 10:04:12.42,6272.15,6275,551980,6280,406103,6270,163590,6265,391523
2020-06-12 10:04:13.46,6272.15,6275,551901,6280,406103,6270,163690,6265,391523
2020-06-12 10:04:14.51,6272.15,6275,551901,6280,406103,6270,163690,6265,392523
2020-06-12 10:04:14.95,6272.15,6275,551871,6280,406103,6270,163690,6265,392523
2020-06-12 10:04:16.10,6272.15,6275,556871,6280,406103,6270,163790,6265,392523
2020-06-12 10:04:16.68,6272.15,6275,556655,6280,406182,6270,132410,6265,423759
2020-06-12 10:04:17.67,6273.24,6270,106222,6275,450366,6265,423759,6260,352710
2020-06-12 10:04:18.71,6273.18,6270,317476,6275,412444,6265,423760,6260,352710
2020-06-12 10:04:19.12,6271.12,6270,167039,6275,454367,6265,423760,6260,352710
2020-06-12 10:04:20.26,6271.12,6270,167039,6275,454467,6265,423760,6260,352710
2020-06-12 10:04:20.68,6270.04,6270,301924,6275,416544,6265,423760,6260,352710
2020-06-12 10:04:21.84,6270.04,6270,165838,6275,453967,6265,422760,6260,352740
2020-06-12 10:04:22.29,6270.04,6270,189092,6275,452967,6265,422758,6260,352740
2020-06-12 10:04:23.43,6270.04,6270,188741,6275,452967,6265,422788,6260,352740
2020-06-12 10:04:23.79,6270.04,6270,187341,6275,452966,6265,422888,6260,352740
2020-06-12 10:04:24.58,6270.04,6270,273612,6275,415043,6265,422988,6260,352740
2020-06-12 10:04:25.46,6270.04,6270,322585,6275,415023,6265,423088,6260,352740
2020-06-12 10:04:26.61,6270.04,6270,322571,6275,415023,6265,423148,6260,352740
2020-06-12 10:04:27.08,6271.09,6270,322872,6275,415123,6265,423035,6260,352740
2020-06-12 10:04:28.20,6270.04,6270,322872,6275,415283,6265,423035,6260,352740
2020-06-12 10:04:28.58,6268.98,6270,187805,6275,453410,6265,423035,6260,352740
2020-06-12 10:04:29.78,6268.98,6270,187482,6275,453411,6265,423034,6260,352840
2020-06-12 10:04:30.19,6270.06,6270,187483,6275,453411,6265,423034,6260,352810
2020-06-12 10:04:30.89,6270.06,6270,13062,6275,559633,6265,423034,6260,352810
2020-06-12 10:04:31.88,6270.06,6275,559633,6280,406985,6270,64126,6265,423133
2020-06-12 10:04:32.92,6270.06,6275,559633,6280,406985,6270,103368,6265,391878
2020-06-12 10:04:33.36,6270.06,6275,559633,6280,406985,6265,423134,6260,354390
2020-06-12 10:04:34.52,6270.06,6275,559635,6280,407085,6270,8000,6265,423134
2020-06-12 10:04:34.92,6270.06,6275,559635,6280,407085,6270,107658,6265,391999
