time,nav,sell1,sell1_cnt,sell2,sell2_cnt,buy1,buy1_cnt,buy2,buy2_cnt
2020-06-03 09:16:54.670000,28221.48,28180,21,28185,19978,28170,17620,27700,34
2020-06-03 09:16:55.640000,28221.48,28180,21,28185,19978,28170,17619,27700,34
2020-06-03 09:16:57.670000,28221.48,28190,19978,28200,2,28175,17619,27700,34
2020-06-03 09:16:58.670000,28221.48,28180,19978,28200,2,28165,17619,27700,34
2020-06-03 09:16:59.670000,28221.48,28175,19978,28200,2,28160,17619,27700,34
2020-06-03 09:17:00.760000,28221.48,28170,19978,28200,2,28155,17619,27700,34
2020-06-03 09:17:01.870000,28221.48,28160,19978,28200,2,28145,17619,27700,34
2020-06-03 09:17:04.010000,28228.71,28155,19978,28200,2,28140,17619,27700,34
2020-06-03 09:17:05.200000,28228.71,28155,19978,28200,2,28140,17619,27700,34
2020-06-03 09:17:06.390000,28228.71,28170,19978,28200,2,28155,17618,27700,34
2020-06-03 09:17:07.560000,28228.71,28165,19978,28170,125,28150,17618,27700,34
2020-06-03 09:17:08.610000,28228.71,28170,20103,28200,2,28155,17618,27700,34
2020-06-03 09:17:10.770000,28228.71,28170,20103,28200,2,28155,17618,27700,34
2020-06-03 09:17:11.870000,28228.71,28170,20103,28200,2,28155,17618,27700,34
2020-06-03 09:17:12.790000,28228.71,28165,19978,28170,125,28150,17618,28130,10000
2020-06-03 09:17:13.800000,28215.01,28165,19978,28170,125,28150,17618,28130,10000
2020-06-03 09:17:15.850000,28215.01,28165,19978,28170,125,28150,17617,28135,10000
2020-06-03 09:17:16.890000,28215.01,28165,19978,28170,125,28150,17617,28140,10000
2020-06-03 09:17:17.940000,28215.01,28165,19978,28170,125,28150,17617,28140,10000
2020-06-03 09:17:18.970000,28215.01,28170,20103,28175,10000,28155,17617,28145,10000
2020-06-03 09:17:20.020000,28215.01,28170,20103,28175,10000,28155,17617,28145,10040
2020-06-03 09:17:23.130000,28215.01,28165,19978,28170,10125,28150,17617,28145,40
2020-06-03 09:17:23.780000,28219.82,28170,20103,28175,10000,28155,17617,28145,10040
2020-06-03 09:17:24.740000,28219.82,28170,20103,28175,10000,28155,17617,28145,20040
2020-06-03 09:17:25.770000,28219.82,28170,20103,28175,10000,28155,17617,28145,20040
2020-06-03 09:17:26.880000,28219.82,28165,19978,28170,10125,28150,17617,28145,40
2020-06-03 09:17:27.970000,28219.82,28160,19978,28165,10000,28145,17657,28140,10000
2020-06-03 09:17:28.970000,28219.82,28165,19978,28170,10125,28150,17617,28145,10040
2020-06-03 09:17:31.060000,28219.82,28165,19978,28170,10125,28150,17617,28145,40
2020-06-03 09:17:32.170000,28219.82,28170,20103,28175,10000,28155,17617,28145,10000
2020-06-03 09:17:33.260000,28219.82,28170,20103,28175,10000,28155,17617,28145,10000
2020-06-03 09:17:34.220000,28220.58,28170,20103,28175,10000,28155,17617,28145,10000
2020-06-03 09:17:36.220000,28220.58,28170,20103,28175,10000,28155,17617,28145,20000
2020-06-03 09:17:39.350000,28220.58,28165,19978,28170,10125,28150,17617,28140,20000
2020-06-03 09:17:40.380000,28220.58,28160,19978,28165,10000,28145,17617,28140,10000
2020-06-03 09:17:41.440000,28220.58,28155,19978,28160,10000,28140,17617,28135,40
2020-06-03 09:17:42.500000,28220.58,28160,19978,28165,10000,28145,17617,28135,10040
2020-06-03 09:17:43.520000,28220.32,28160,19978,28165,10000,28145,17617,28135,20040
2020-06-03 09:17:46.640000,28220.32,28160,19978,28165,10000,28145,17617,28135,20040
2020-06-03 09:17:47.200000,28220.32,28165,19978,28170,10125,28150,17617,28140,10000
2020-06-03 09:17:48.270000,28220.32,28165,19978,28170,10125,28150,17617,28140,10000
2020-06-03 09:17:50.360000,28220.32,28165,19978,28170,10125,28150,17617,28140,20000
2020-06-03 09:17:51.370000,28220.32,28170,20103,28175,10000,28155,17617,28145,10000
2020-06-03 09:17:52.440000,28220.32,28170,20103,28175,10000,28155,17617,28145,20200
2020-06-03 09:17:54.540000,28225.92,28165,19978,28170,10125,28150,17024,28145,10200
2020-06-03 09:17:56.120000,28225.92,28165,19978,28170,10125,28150,17024,28145,200
2020-06-03 09:17:58.670000,28225.92,28170,20103,28175,10000,28155,17024,28145,10200
2020-06-03 09:18:00.870000,28225.92,28170,19825,28175,10000,28155,17024,28145,20200
2020-06-03 09:18:01.900000,28225.92,28170,19825,28175,10000,28155,17024,28145,20200
2020-06-03 09:18:04.480000,28207.45,28170,19825,28175,10000,28155,17024,28145,20200
2020-06-03 09:18:06.570000,28207.45,28170,19825,28175,10000,28155,17024,28145,20200
2020-06-03 09:18:07.600000,28207.45,28165,19825,28170,10000,28150,17024,28145,10200
2020-06-03 09:18:09.680000,28207.45,28170,19825,28175,10000,28155,17024,28145,10200
2020-06-03 09:18:11.770000,28207.45,28170,19825,28175,10000,28155,17024,28145,20200
2020-06-03 09:18:12.850000,28207.45,28170,19825,28175,10000,28155,17024,28145,20200
2020-06-03 09:18:19.630000,28219.49,28170,1,28175,19825,28160,17024,28150,20000
2020-06-03 09:18:20.270000,28219.49,28170,1,28175,19825,28155,17024,28150,10000
2020-06-03 09:18:21.270000,28219.49,28170,1,28175,29825,28155,17024,28150,10000
2020-06-03 09:18:22.240000,28219.49,28170,1,28175,19825,28160,17024,28150,20000
2020-06-03 09:18:23.290000,28219.49,28175,19825,28180,10000,28160,17024,28150,20000
2020-06-03 09:18:25.770000,28199.57,28170,19825,28175,10000,28155,17024,28145,20200
2020-06-03 09:18:26.960000,28199.57,28175,19825,28180,10000,28160,17024,28150,10000
2020-06-03 09:18:28.020000,28199.57,28170,19825,28175,10000,28155,17024,28145,20200
2020-06-03 09:18:29.050000,28199.57,28170,19825,28175,10000,28155,17024,28145,20200
2020-06-03 09:18:30.660000,28199.57,28175,19825,28180,10000,28160,17024,28150,20000
2020-06-03 09:18:35.910000,28213.68,28180,19825,28185,10000,28165,17024,28155,10000
2020-06-03 09:18:36.970000,28213.68,28180,19825,28185,10000,28165,17024,28155,10000
2020-06-03 09:18:38.010000,28213.68,28175,19825,28180,10000,28160,17024,28155,10000
2020-06-03 09:18:39.080000,28213.68,28175,19825,28180,10000,28160,17024,28155,10000
2020-06-03 09:18:40.140000,28213.68,28180,19825,28185,10000,28165,17024,28155,10000
2020-06-03 09:18:40.760000,28213.68,28175,19825,28180,10000,28160,17024,28150,20000
2020-06-03 09:18:41.730000,28213.68,28180,19825,28185,10000,28165,17024,28155,20000
2020-06-03 09:18:56.290000,28199.82,28175,19825,28180,10000,28160,17024,28150,20000
2020-06-03 09:18:56.760000,28199.82,28180,19825,28185,10000,28165,17024,28155,10000
2020-06-03 09:18:57.900000,28199.82,28180,19825,28185,10000,28165,17024,28155,20000
2020-06-03 09:18:59.490000,28199.82,28180,19950,28185,10000,28165,17024,28155,20000
2020-06-03 09:19:00.570000,28199.82,28180,19950,28185,10000,28165,17024,28155,20000
2020-06-03 09:19:02.620000,28199.82,28175,19825,28180,10375,28160,17024,28150,20000
2020-06-03 09:19:03.650000,28212.3,28170,19825,28175,10000,28155,17024,28150,10000
2020-06-03 09:19:05.720000,28212.3,28170,594,28175,19825,28160,17024,28150,10000
2020-06-03 09:19:07.300000,28212.3,28170,594,28175,19825,28160,17024,28150,20000
2020-06-03 09:19:08.350000,28212.3,28180,20200,28185,10000,28165,17024,28155,10000
2020-06-03 09:19:10.400000,28212.3,28180,20200,28185,10000,28165,17024,28155,20000
2020-06-03 09:19:11.430000,28212.3,28180,20200,28185,10000,28160,17024,28155,10000
2020-06-03 09:19:11.930000,28212.3,28180,20200,28185,10000,28165,17024,28155,20000
2020-06-03 09:19:22.910000,28215.78,28170,1,28180,20200,28165,17024,28155,20000
2020-06-03 09:19:23.950000,28234.1,28180,20200,28185,10000,28165,17024,28155,20000
2020-06-03 09:19:25.480000,28234.1,28175,19825,28180,10375,28160,17024,28150,20000
2020-06-03 09:19:27.060000,28234.1,28180,20200,28185,10000,28165,17024,28155,10000
2020-06-03 09:19:28.110000,28234.1,28175,19825,28180,10375,28160,17024,28155,10000
2020-06-03 09:19:29.170000,28234.1,28180,20200,28185,10000,28165,17024,28155,20000
2020-06-03 09:19:30.200000,28234.1,28180,20200,28185,10000,28165,17024,28155,20000
2020-06-03 09:19:31.230000,28234.1,28180,375,28185,19825,28170,17024,28160,10000
2020-06-03 09:19:32.790000,28234.1,28180,375,28185,19825,28170,17024,28160,20000
2020-06-03 09:19:35.900000,28229.53,28180,20200,28185,10000,28165,17024,28155,20000
2020-06-03 09:19:36.930000,28229.53,28175,19825,28180,10375,28160,17024,28155,10000
2020-06-03 09:19:37.960000,28229.53,28180,375,28185,19825,28170,17024,28160,10000
2020-06-03 09:19:39.000000,28229.53,28180,20200,28185,10000,28165,17024,28155,20000
2020-06-03 09:19:41.160000,28229.53,28180,20200,28185,10000,28165,17024,28155,20000
2020-06-03 09:19:42.270000,28229.53,28180,375,28185,19825,28170,17024,28160,10000
2020-06-03 09:19:43.320000,28229.53,28180,20200,28185,10000,28165,17024,28160,10000
2020-06-03 09:19:45.410000,28225.84,28180,20200,28185,10000,28165,17024,28155,20000
2020-06-03 09:19:45.860000,28225.84,28175,19825,28180,10375,28160,17024,28155,10000
2020-06-03 09:19:46.990000,28225.84,28175,19825,28180,10375,28160,17024,28150,20000
2020-06-03 09:19:48.090000,28225.84,28175,19825,28180,10375,28160,17024,28150,20000
2020-06-03 09:19:50.140000,28225.84,28170,19825,28175,10000,28155,17024,28145,20200
2020-06-03 09:19:51.150000,28225.84,28175,19825,28180,10375,28160,17024,28150,10000
2020-06-03 09:19:52.200000,28225.84,28175,19825,28180,10375,28160,17024,28150,10000
2020-06-03 09:19:53.260000,28225.84,28175,19825,28180,10375,28160,17024,28150,20000
2020-06-03 09:19:53.870000,28232.27,28175,19825,28180,10375,28160,17024,28150,20000
2020-06-03 09:19:54.840000,28232.27,28175,19825,28180,10375,28160,17024,28150,20000
2020-06-03 09:19:56.920000,28232.27,28180,20200,28185,10000,28165,17024,28155,10000
2020-06-03 09:19:57.980000,28232.27,28175,19825,28180,10375,28160,17024,28150,20000
2020-06-03 09:19:59.010000,28232.27,28175,19825,28180,10375,28160,17024,28150,20000
2020-06-03 09:19:59.460000,28232.27,28180,375,28185,19825,28170,17024,28160,10000
2020-06-03 09:20:01.740000,28232.27,28180,375,28185,19825,28170,17024,28160,20000
2020-06-03 09:20:07.450000,28226.68,28180,375,28185,19825,28165,17024,28155,20000
2020-06-03 09:20:07.960000,28226.68,28180,375,28185,19825,28170,17024,28160,10000
2020-06-03 09:20:10.050000,28226.68,28180,375,28185,19825,28170,17024,28160,20000
2020-06-03 09:20:17.070000,28242.21,28170,593,28180,20200,28165,17024,28155,20000
2020-06-03 09:20:18.080000,28242.21,28180,20200,28185,10000,28165,17024,28155,20000
2020-06-03 09:20:19.080000,28242.21,28175,19825,28180,10375,28160,17024,28155,10000
2020-06-03 09:20:20.120000,28242.21,28175,19825,28180,10375,28160,17024,28150,20000
2020-06-03 09:20:23.230000,28242.21,28180,20200,28185,10000,28165,17024,28155,10000
2020-06-03 09:20:23.760000,28232.98,28180,375,28185,19825,28170,17024,28160,10000
2020-06-03 09:20:25.850000,28232.98,28180,375,28185,19825,28170,17024,28160,20000
2020-06-03 09:20:27.960000,28232.98,28185,19825,28190,10000,28170,17024,28160,20000
2020-06-03 09:20:29.570000,28232.98,28180,19825,28185,10000,28165,17024,28160,10000
2020-06-03 09:20:30.620000,28232.98,28180,19825,28185,10000,28165,17024,28155,20000
2020-06-03 09:20:31.650000,28232.98,28185,19825,28190,10000,28170,17024,28160,10000
2020-06-03 09:20:32.710000,28232.98,28190,19825,28195,10000,28175,17024,28165,10000
2020-06-03 09:20:34.840000,28238.39,28190,19825,28195,10000,28175,17024,28165,20000
2020-06-03 09:20:35.850000,28238.39,28190,19825,28195,10000,28175,17024,28165,20000
2020-06-03 09:20:36.900000,28238.39,28185,19825,28190,10000,28170,17024,28160,20000
2020-06-03 09:20:38.290000,28238.39,28185,19825,28195,10000,28170,17024,28160,20000
2020-06-03 09:20:39.520000,28238.39,28190,19825,28195,10000,28175,17024,28165,10000
2020-06-03 09:20:42.130000,28238.39,28190,19825,28195,10000,28175,17024,28165,20000
2020-06-03 09:20:44.600000,28240.36,28185,19825,28190,10000,28170,17024,28160,20000
2020-06-03 09:20:49.000000,28240.36,28180,19825,28185,10000,28165,17024,28155,20000
2020-06-03 09:20:51.030000,28240.36,28185,19825,28190,10000,28170,17024,28160,10000
2020-06-03 09:20:52.090000,28240.36,28185,19950,28190,10000,28170,17024,28160,10000
2020-06-03 09:20:53.120000,28240.36,28185,19950,28190,10000,28170,17024,28160,20000
2020-06-03 09:20:55.760000,28236.22,28180,19825,28185,10125,28165,17024,28155,20000
2020-06-03 09:20:56.790000,28236.22,28180,19825,28185,10125,28165,17024,28155,20000
2020-06-03 09:20:57.820000,28236.22,28180,19825,28185,10125,28165,17024,28155,20000
2020-06-03 09:20:59.400000,28236.22,28185,19950,28190,10000,28170,17024,28160,10000
2020-06-03 09:21:00.410000,28236.22,28185,19950,28190,10000,28170,17024,28160,20000
2020-06-03 09:21:03.520000,28236.22,28180,19825,28185,10125,28165,17024,28155,20000
2020-06-03 09:21:05.120000,28220.18,28180,19825,28185,10125,28165,17024,28155,20000
2020-06-03 09:21:12.030000,28220.18,28185,19950,28190,10000,28170,17024,28160,10000
2020-06-03 09:21:12.970000,28235.7,28180,19825,28185,10125,28165,17024,28155,20000
2020-06-03 09:21:14.050000,28235.7,28180,19825,28185,10125,28165,17024,28155,20000
2020-06-03 09:21:16.360000,28235.7,28175,19825,28180,10000,28160,17024,28150,20000
2020-06-03 09:21:17.270000,28235.7,28180,19825,28185,10125,28165,17024,28155,10000
2020-06-03 09:21:19.320000,28235.7,28180,19825,28185,10125,28165,17024,28155,20000
2020-06-03 09:21:29.270000,28217.75,28180,20418,28185,10125,28165,17024,28155,20000
2020-06-03 09:21:30.770000,28217.75,28175,19825,28180,10593,28160,17024,28150,20000
2020-06-03 09:21:33.450000,28214.86,28175,19825,28180,10593,28160,17024,28150,20000
2020-06-03 09:21:47.650000,28209.78,28180,20418,28185,10125,28165,17024,28155,10000
2020-06-03 09:21:49.170000,28209.78,28180,20418,28185,10125,28165,17024,28155,10000
2020-06-03 09:21:50.250000,28209.78,28175,19825,28180,10593,28160,17024,28150,20000
2020-06-03 09:21:53.920000,28190.88,28170,19825,28175,10000,28155,17024,28145,20200
2020-06-03 09:21:54.960000,28190.88,28175,19825,28180,10593,28160,17024,28150,10000
2020-06-03 09:21:56.020000,28190.88,28175,19825,28180,10593,28160,17024,28150,20000
2020-06-03 09:21:56.990000,28190.88,28175,19825,28180,10593,28160,17024,28150,20000
2020-06-03 09:21:57.370000,28190.88,28175,19825,28180,10593,28160,17024,28150,20000
2020-06-03 09:21:58.300000,28190.88,28175,19825,28180,10593,28160,17024,28150,20000
2020-06-03 09:22:03.470000,28190.88,28175,19825,28180,10593,28160,17024,28150,10000
2020-06-03 09:22:03.860000,28202.46,28170,19825,28175,10000,28155,17024,28145,20200
2020-06-03 09:22:05.030000,28202.46,28170,19825,28175,10000,28155,17024,28145,20200
2020-06-03 09:22:09.160000,28202.46,28165,19825,28170,10000,28150,17024,28145,200
2020-06-03 09:22:11.340000,28202.46,28160,19825,28165,10000,28145,17224,28140,10000
2020-06-03 09:22:11.890000,28202.46,28165,19825,28170,10000,28150,17024,28145,200
2020-06-03 09:22:15.000000,28225.65,28160,19825,28165,10000,28145,17224,28135,20000
2020-06-03 09:22:17.610000,28225.65,28155,19825,28160,10000,28145,200,28140,17024
2020-06-03 09:22:18.030000,28225.65,28155,19825,28160,10000,28145,200,28140,17024
2020-06-03 09:22:19.220000,28225.65,28160,19825,28165,10000,28145,17224,28135,10000
2020-06-03 09:22:19.860000,28225.65,28160,19825,28165,10000,28145,17224,28135,10000
2020-06-03 09:22:20.830000,28225.65,28160,19825,28165,10000,28145,17224,28135,20000
2020-06-03 09:22:22.890000,28225.65,28160,19625,28165,10000,28145,17024,28135,20000
2020-06-03 09:22:25.130000,28196.42,28165,19625,28170,10000,28150,17024,28140,10000
2020-06-03 09:22:25.990000,28196.42,28160,19625,28165,10000,28145,17024,28135,20000
2020-06-03 09:22:27.660000,28196.42,28160,19625,28165,10000,28145,17024,28135,20000
2020-06-03 09:22:28.710000,28196.42,28160,19625,28165,10000,28145,17024,28135,20000
2020-06-03 09:22:30.300000,28196.42,28160,19625,28165,10000,28150,100,28145,17024
2020-06-03 09:22:32.390000,28196.42,28155,19625,28160,10000,28145,100,28140,17024
2020-06-03 09:22:33.960000,28193.94,28155,19625,28160,10000,28145,100,28140,17024
2020-06-03 09:22:36.190000,28193.94,28155,19625,28160,10100,28140,17124,28130,20000
2020-06-03 09:22:38.110000,28193.94,28155,19620,28160,10100,28140,17124,28130,20000
2020-06-03 09:22:39.670000,28193.94,28155,19620,28160,10100,28140,17124,28130,20000
2020-06-03 09:22:41.220000,28193.94,28155,20214,28160,10100,28140,17124,28130,20000
2020-06-03 09:22:42.280000,28193.94,28155,20214,28160,10100,28140,17124,28130,20000
2020-06-03 09:22:42.660000,28193.94,28150,19620,28155,594,28140,100,28135,17024
2020-06-03 09:22:43.620000,28203.91,28150,125,28155,20214,28140,17124,28130,20000
2020-06-03 09:22:47.200000,28203.91,28155,594,28160,19620,28145,17124,28135,10000
2020-06-03 09:22:48.230000,28203.91,28155,594,28160,19620,28145,17024,28140,100
2020-06-03 09:22:49.230000,28203.91,28155,844,28160,19620,28145,17124,28135,10000
2020-06-03 09:22:49.520000,28203.91,28155,844,28160,19620,28145,17124,28135,20000
2020-06-03 09:22:55.460000,28184.74,28155,844,28165,19620,28150,17124,28140,10000
2020-06-03 09:22:56.570000,28184.74,28155,844,28160,19620,28145,17124,28135,20000
2020-06-03 09:22:57.580000,28184.74,28155,844,28160,19720,28145,17024,28140,100
2020-06-03 09:22:58.610000,28184.74,28155,844,28160,19720,28145,17024,28140,100
2020-06-03 09:22:59.050000,28184.74,28155,844,28160,100,28150,17024,28140,10100
2020-06-03 09:23:00.190000,28184.74,28155,844,28160,19720,28145,17024,28140,100
2020-06-03 09:23:03.570000,28193.67,28155,20564,28160,10000,28140,17024,28135,100
2020-06-03 09:23:04.410000,28193.67,28155,844,28160,19720,28145,17024,28140,2400
2020-06-03 09:23:05.460000,28193.67,28155,844,28160,19720,28145,17024,28140,2000
2020-06-03 09:23:05.860000,28193.67,28155,844,28160,24620,28145,17024,28140,6100
2020-06-03 09:23:06.720000,28193.67,28155,5844,28160,24620,28145,17024,28140,1100
2020-06-03 09:23:07.580000,28193.67,28155,844,28160,24620,28145,17024,28140,6100
2020-06-03 09:23:09.670000,28193.67,28155,844,28160,24620,28145,17024,28140,5000
2020-06-03 09:23:12.280000,28193.67,28155,844,28165,24620,28150,17024,28145,5000
2020-06-03 09:23:13.340000,28193.67,28155,844,28160,24620,28145,17024,28140,5000
2020-06-03 09:23:13.920000,28181.47,28155,844,28160,5000,28150,17024,28140,25000
2020-06-03 09:23:14.980000,28181.47,28165,24620,28170,15000,28150,17024,28145,5000
2020-06-03 09:23:15.880000,28181.47,28160,24620,28165,15000,28145,17024,28140,15000
2020-06-03 09:23:17.020000,28181.47,28160,24620,28165,15000,28145,17024,28140,5000
2020-06-03 09:23:24.320000,28200.77,28160,24620,28165,15000,28145,17424,28140,5000
2020-06-03 09:23:24.760000,28200.77,28160,24620,28165,15000,28145,18324,28140,5000
2020-06-03 09:23:26.320000,28200.77,28160,24620,28165,15000,28145,19024,28140,5000
2020-06-03 09:23:27.470000,28200.77,28165,24620,28170,15000,28150,17024,28145,3200
2020-06-03 09:23:27.960000,28200.77,28170,24620,28175,15000,28155,17024,28150,5100
2020-06-03 09:23:29.050000,28200.77,28170,24620,28175,15000,28155,17024,28150,5100
2020-06-03 09:23:30.070000,28200.77,28170,24620,28175,15000,28155,17024,28150,5100
2020-06-03 09:23:32.190000,28200.77,28165,24620,28170,15000,28150,17124,28145,18200
2020-06-03 09:23:33.220000,28200.77,28170,24620,28175,15000,28155,17024,28150,5100
2020-06-03 09:23:33.660000,28205.64,28170,24620,28175,15000,28155,17024,28150,5100
2020-06-03 09:23:34.820000,28205.64,28170,5000,28175,24620,28160,17024,28150,15100
2020-06-03 09:23:35.360000,28205.64,28170,24620,28175,15000,28155,17024,28150,5000
2020-06-03 09:23:37.420000,28205.64,28170,24620,28175,15000,28155,17024,28150,5000
2020-06-03 09:23:47.500000,28212.72,28165,24620,28170,15000,28150,17024,28145,5000
2020-06-03 09:23:48.530000,28212.72,28170,24620,28175,15000,28155,17024,28150,5000
2020-06-03 09:23:49.030000,28212.72,28165,24620,28170,15000,28150,17024,28145,5000
2020-06-03 09:23:50.090000,28212.72,28170,24620,28175,15000,28155,17024,28150,5000
2020-06-03 09:23:51.150000,28212.72,28165,24620,28170,15000,28150,17024,28145,15000
2020-06-03 09:23:51.650000,28212.72,28165,24620,28170,15000,28150,17024,28145,15000
2020-06-03 09:23:52.750000,28212.72,28170,24620,28175,15000,28155,16431,28150,5000
2020-06-03 09:23:54.810000,28210.91,28170,24620,28175,15000,28155,16431,28150,5000
2020-06-03 09:23:56.890000,28210.91,28170,24620,28175,15000,28155,16431,28150,5000
2020-06-03 09:23:59.030000,28210.91,28165,24620,28170,15000,28150,16431,28145,15000
2020-06-03 09:23:59.400000,28210.91,28165,24620,28170,15000,28150,16431,28145,5000
2020-06-03 09:24:01.650000,28210.91,28170,24620,28175,15000,28150,21431,28145,15000
2020-06-03 09:24:02.230000,28210.91,28165,24620,28170,15000,28150,16431,28145,5000
2020-06-03 09:24:07.430000,28215.76,28165,34620,28170,15000,28150,16431,28145,5000
2020-06-03 09:24:08.460000,28215.76,28165,24620,28170,15000,28150,16431,28145,5000
2020-06-03 09:24:08.760000,28215.76,28165,24620,28170,5000,28150,16431,28145,15000
2020-06-03 09:24:10.050000,28215.76,28165,24620,28170,15000,28150,16431,28145,5000
2020-06-03 09:24:10.490000,28215.76,28165,24620,28170,15000,28150,16431,28145,5000
2020-06-03 09:24:12.260000,28215.76,28170,24620,28175,15000,28155,16431,28150,5000
2020-06-03 09:24:13.190000,28215.76,28165,24620,28170,15000,28150,16431,28145,15000
2020-06-03 09:24:15.520000,28211.62,28165,24620,28170,15000,28150,16431,28145,5000
2020-06-03 09:24:24.250000,28188.52,28165,24620,28170,15000,28150,16431,28145,5000
2020-06-03 09:24:26.800000,28188.52,28165,24620,28170,15000,28150,16431,28145,5000
2020-06-03 09:24:32.610000,28188.52,28170,24620,28175,15000,28155,16431,28150,5000
2020-06-03 09:24:33.640000,28188.52,28165,24620,28170,15000,28150,16431,28145,5000
2020-06-03 09:24:35.170000,28202.73,28165,24745,28170,15000,28150,16431,28145,5000
2020-06-03 09:24:46.590000,28183.81,28165,24745,28170,15000,28150,15838,28145,5000
2020-06-03 09:24:47.090000,28183.81,28165,24745,28170,15000,28150,15838,28145,5040
2020-06-03 09:24:58.680000,28182.67,28160,24620,28165,15125,28145,15878,28140,5000
2020-06-03 09:25:01.270000,28182.67,28160,24620,28165,15125,28145,15878,28140,5000
2020-06-03 09:25:02.320000,28182.67,28160,5000,28165,24745,28150,15838,28145,40
2020-06-03 09:25:03.350000,28182.67,28165,24745,28170,15000,28150,15838,28145,5040
2020-06-03 09:25:04.430000,28179.05,28165,24745,28170,15000,28150,15838,28145,5040
2020-06-03 09:25:04.900000,28179.05,28165,24745,28170,15000,28150,15245,28145,5040
2020-06-03 09:25:07.600000,28179.05,28165,24745,28170,15000,28150,15245,28145,15040
2020-06-03 09:25:08.630000,28179.05,28160,5000,28165,24745,28150,15245,28145,10040
2020-06-03 09:25:09.680000,28179.05,28160,24620,28165,15125,28145,25285,28140,5000
2020-06-03 09:25:10.740000,28179.05,28160,19620,28165,15125,28145,15285,28140,5000
2020-06-03 09:25:11.800000,28179.05,28165,24745,28170,15000,28150,15245,28145,5040
2020-06-03 09:25:12.800000,28179.05,28165,24745,28170,15000,28150,15245,28145,5040
2020-06-03 09:25:13.940000,28200.35,28165,125,28170,24620,28155,15245,28150,5000
2020-06-03 09:25:16.000000,28200.35,28165,24745,28170,15000,28150,15245,28145,15040
2020-06-03 09:25:18.100000,28200.35,28165,24745,28170,15000,28150,15245,28145,5040
2020-06-03 09:25:20.200000,28200.35,28165,125,28170,24620,28155,15245,28150,5000
2020-06-03 09:25:20.670000,28200.35,28165,125,28175,24620,28160,15245,28155,5000
2020-06-03 09:25:21.770000,28200.35,28170,24620,28175,15000,28155,15245,28150,5000
2020-06-03 09:25:26.550000,28194.21,28170,24620,28175,15000,28155,15245,28150,5000
2020-06-03 09:25:26.920000,28194.21,28170,24620,28175,15000,28155,15245,28150,5000
2020-06-03 09:25:28.110000,28194.21,28170,5000,28175,24620,28160,15245,28150,15000
2020-06-03 09:25:28.530000,28194.21,28170,5000,28175,24620,28160,15245,28150,25000
2020-06-03 09:25:29.640000,28194.21,28175,24620,28180,15000,28160,15245,28155,5000
2020-06-03 09:25:30.700000,28194.21,28180,24620,28185,15125,28165,15245,28160,5000
2020-06-03 09:25:31.760000,28194.21,28175,24620,28180,15000,28160,15245,28155,15000
2020-06-03 09:25:32.260000,28194.21,28180,24620,28185,15125,28165,15245,28160,5000
2020-06-03 09:25:37.350000,28199.54,28175,24620,28180,15000,28160,15245,28155,5000
2020-06-03 09:25:39.590000,28199.54,28175,5000,28180,24620,28165,15245,28155,25000
2020-06-03 09:25:40.760000,28199.54,28175,5000,28180,24620,28165,15245,28155,25000
2020-06-03 09:25:41.820000,28199.54,28175,24620,28180,15000,28160,20245,28155,15000
2020-06-03 09:25:42.350000,28199.54,28175,24620,28180,15000,28160,15245,28155,5007
2020-06-03 09:25:45.480000,28198.8,28170,24620,28175,15000,28155,15252,28150,5000
2020-06-03 09:25:46.540000,28198.8,28170,5000,28175,24620,28160,15245,28155,7
2020-06-03 09:25:47.050000,28198.8,28175,24620,28180,15000,28160,15245,28155,5007
2020-06-03 09:25:48.570000,28198.8,28175,24620,28180,15000,28160,15245,28155,5007
2020-06-03 09:25:49.730000,28198.8,28175,24620,28180,15000,28160,15245,28155,5007
2020-06-03 09:25:52.320000,28198.8,28175,5000,28180,24620,28165,15245,28155,15007
2020-06-03 09:25:52.820000,28198.8,28175,24620,28180,15000,28160,15245,28155,5007
2020-06-03 09:25:53.910000,28183.41,28175,24620,28180,15000,28160,15245,28155,5007
2020-06-03 09:25:55.290000,28183.41,28175,24620,28180,15000,28170,7,28160,15245
2020-06-03 09:25:56.490000,28183.41,28175,24620,28180,15000,28170,7,28160,15245
2020-06-03 09:25:57.630000,28183.41,28175,19620,28180,15000,28170,7,28160,20245
2020-06-03 09:25:58.600000,28183.41,28175,24620,28180,15000,28170,7,28160,15245
2020-06-03 09:25:59.660000,28183.41,28180,24620,28185,15125,28170,7,28165,15245
2020-06-03 09:26:00.720000,28183.41,28180,24620,28185,15125,28170,7,28165,15245
2020-06-03 09:26:03.890000,28202.03,28180,24620,28185,15125,28170,7,28165,15245
2020-06-03 09:26:04.920000,28202.03,28180,24620,28185,15125,28170,7,28165,15245
2020-06-03 09:26:06.360000,28202.03,28180,19620,28185,15125,28170,7,28165,20245
2020-06-03 09:26:07.520000,28202.03,28185,24745,28190,15000,28170,15252,28165,5000
2020-06-03 09:26:07.950000,28202.03,28180,24620,28185,15125,28170,7,28165,15245
2020-06-03 09:26:09.080000,28202.03,28180,5000,28185,24745,28170,15252,28160,25000
2020-06-03 09:26:10.110000,28202.03,28185,24745,28190,15000,28170,15252,28165,5000
2020-06-03 09:26:10.560000,28202.03,28185,19745,28190,5000,28175,15245,28170,5007
2020-06-03 09:26:11.720000,28202.03,28185,24745,28190,15000,28170,15252,28165,5000
2020-06-03 09:26:15.920000,28193.36,28185,125,28190,24620,28175,15245,28170,5007
2020-06-03 09:26:16.900000,28193.36,28185,125,28190,24620,28175,14651,28170,5007
2020-06-03 09:26:18.540000,28193.36,28185,24745,28190,15000,28170,14658,28165,5000
2020-06-03 09:26:25.880000,28222.26,28180,24620,28185,15125,28170,7,28165,14651
2020-06-03 09:26:26.940000,28222.26,28185,24745,28190,15000,28170,14658,28165,5000
2020-06-03 09:26:27.290000,28222.26,28185,24870,28190,15000,28170,14658,28165,5000
2020-06-03 09:26:28.750000,28222.26,28185,24870,28190,15000,28170,14658,28165,5000
2020-06-03 09:26:32.020000,28222.26,28185,250,28190,24620,28175,14651,28170,5007
2020-06-03 09:26:34.190000,28218.84,28185,24870,28190,15000,28170,14658,28165,15000
2020-06-03 09:26:34.770000,28218.84,28185,25120,28190,15000,28170,14658,28165,5000
2020-06-03 09:26:36.850000,28218.84,28185,5500,28190,24620,28175,14651,28170,7
2020-06-03 09:26:37.880000,28218.84,28185,500,28190,24620,28175,14651,28170,5007
2020-06-03 09:26:43.890000,28221.81,28185,500,28195,24620,28180,14651,28175,5000
2020-06-03 09:26:44.790000,28221.81,28190,24620,28195,15000,28175,14651,28170,5007
2020-06-03 09:26:46.760000,28221.81,28190,24620,28195,15000,28175,14651,28170,5007
2020-06-03 09:26:53.690000,28220.06,28185,19620,28190,15000,28170,19658,28165,5000
2020-06-03 09:26:54.660000,28220.06,28190,24620,28195,15000,28170,19658,28165,5000
2020-06-03 09:26:55.710000,28220.06,28185,5000,28190,24620,28175,14651,28170,7
2020-06-03 09:26:56.730000,28220.06,28185,24620,28190,15000,28170,14658,28165,5000
2020-06-03 09:26:59.900000,28220.06,28190,24620,28195,15000,28175,14651,28170,5007
2020-06-03 09:27:00.940000,28220.06,28190,24620,28195,15000,28175,14651,28170,5007
2020-06-03 09:27:03.000000,28220.06,28190,24620,28195,15000,28175,14651,28170,5007
2020-06-03 09:27:03.390000,28220.06,28185,24620,28190,15000,28170,14658,28165,15000
2020-06-03 09:27:05.070000,28224.56,28185,24620,28190,15000,28170,14658,28165,5000
2020-06-03 09:27:06.380000,28224.56,28185,24620,28190,15000,28170,14658,28165,5000
2020-06-03 09:27:09.280000,28224.56,28185,24620,28190,15000,28170,14658,28165,5000
2020-06-03 09:27:10.860000,28224.56,28185,24620,28190,15000,28170,14658,28165,5000
2020-06-03 09:27:12.190000,28224.56,28185,5000,28190,24620,28180,7,28175,14651
2020-06-03 09:27:13.090000,28224.56,28185,5000,28190,24620,28180,7,28175,14651
2020-06-03 09:27:13.920000,28221.06,28190,24620,28195,15000,28180,7,28175,14651
2020-06-03 09:27:15.140000,28221.06,28185,5000,28190,24620,28180,7,28175,14651
2020-06-03 09:27:15.460000,28221.06,28190,24620,28195,15000,28175,14651,28170,5000
2020-06-03 09:27:17.850000,28221.06,28185,24620,28190,15000,28170,14651,28165,5000
2020-06-03 09:27:20.230000,28221.06,28190,24620,28195,15000,28175,14651,28170,5000
2020-06-03 09:27:22.930000,28217.86,28185,19620,28190,15000,28175,1800,28170,19651
2020-06-03 09:27:24.050000,28217.86,28185,24620,28190,15000,28175,1800,28170,14651
2020-06-03 09:27:25.520000,28217.86,28185,24620,28190,15000,28175,1800,28170,14651
2020-06-03 09:27:28.130000,28217.86,28180,593,28185,24620,28175,1800,28170,14651
2020-06-03 09:27:40.630000,28217.42,28180,25213,28185,15000,28175,1800,28165,14651
2020-06-03 09:27:41.880000,28217.42,28180,25213,28185,15000,28175,1800,28165,14651
2020-06-03 09:27:42.250000,28217.42,28180,25213,28185,15000,28175,1800,28165,14651
2020-06-03 09:27:43.440000,28231.73,28180,25213,28185,15000,28165,14651,28160,5000
2020-06-03 09:27:45.480000,28231.73,28180,593,28185,24620,28170,14651,28165,5000
2020-06-03 09:27:48.810000,28231.73,28180,586,28185,24620,28170,14651,28165,5000
2020-06-03 09:27:52.280000,28231.73,28180,5586,28185,24620,28165,14651,28160,15000
2020-06-03 09:27:52.720000,28231.73,28180,25206,28185,15000,28165,14651,28160,5000
2020-06-03 09:27:53.420000,28234.04,28180,20206,28185,15000,28165,19651,28160,5000
2020-06-03 09:27:54.390000,28234.04,28180,25206,28185,15000,28165,14651,28160,5000
2020-06-03 09:27:55.620000,28234.04,28175,24620,28180,15586,28160,14651,28155,5000
2020-06-03 09:27:59.090000,28234.04,28170,5000,28175,24620,28160,14651,28150,15000
2020-06-03 09:27:59.530000,28234.04,28175,24620,28180,15586,28160,14651,28155,5000
2020-06-03 09:28:01.700000,28234.04,28175,24620,28180,15000,28160,14065,28155,5000
2020-06-03 09:28:02.200000,28234.04,28180,24620,28185,15000,28165,14065,28160,5000
2020-06-03 09:28:04.790000,28223.51,28185,24620,28190,15000,28170,14065,28165,5000
2020-06-03 09:28:05.870000,28223.51,28180,5000,28185,24620,28170,14065,28160,15000
2020-06-03 09:28:06.880000,28223.51,28180,24620,28185,15000,28165,14065,28160,5000
2020-06-03 09:28:07.290000,28223.51,28185,24620,28190,15000,28170,14065,28165,5000
2020-06-03 09:28:09.560000,28223.51,28185,5000,28190,24620,28175,14065,28165,15000
2020-06-03 09:28:10.620000,28223.51,28185,5000,28190,24620,28175,14065,28165,15000
2020-06-03 09:28:11.260000,28223.51,28185,24620,28190,15000,28170,14065,28165,5000
2020-06-03 09:28:12.230000,28223.51,28185,19620,28190,15000,28170,19065,28165,5000
2020-06-03 09:28:13.260000,28223.51,28185,19620,28190,15000,28170,19065,28165,5000
2020-06-03 09:28:14.320000,28227.08,28185,5000,28190,24620,28175,14065,28165,15000
2020-06-03 09:28:14.760000,28227.08,28190,24620,28195,15000,28175,14065,28170,5000
2020-06-03 09:28:15.880000,28227.08,28190,24620,28195,15000,28175,14065,28170,5000
2020-06-03 09:28:19.460000,28227.08,28190,24745,28195,15000,28175,14065,28170,5000
2020-06-03 09:28:20.650000,28227.08,28190,24744,28195,15000,28175,14065,28170,5000
2020-06-03 09:28:21.100000,28227.08,28190,24737,28195,15000,28175,14065,28170,5000
2020-06-03 09:28:22.240000,28227.08,28190,125,28195,24620,28180,14065,28175,6000
2020-06-03 09:28:23.290000,28227.08,28190,5117,28195,24620,28180,15465,28170,25000
2020-06-03 09:28:24.320000,28224.8,28190,5117,28195,24620,28180,14965,28170,25000
2020-06-03 09:28:24.850000,28224.8,28190,125,28195,24620,28180,14765,28175,5000
2020-06-03 09:28:25.890000,28224.8,28190,125,28195,24620,28180,14765,28175,5000
2020-06-03 09:28:27.490000,28224.8,28190,125,28195,24620,28180,14765,28175,5000
2020-06-03 09:28:28.440000,28224.8,28190,125,28195,24620,28180,14565,28175,5000
2020-06-03 09:28:29.460000,28224.8,28190,125,28195,24620,28180,14365,28175,5000
2020-06-03 09:28:30.560000,28224.8,28190,19620,28195,15000,28180,300,28175,29065
2020-06-03 09:28:31.630000,28224.8,28195,24620,28200,14994,28180,14365,28175,15000
2020-06-03 09:28:32.640000,28224.8,28190,24612,28195,15000,28180,300,28175,24065
2020-06-03 09:28:33.050000,28224.8,28190,24612,28195,15000,28180,300,28175,14065
2020-06-03 09:28:34.270000,28213.02,28190,24612,28195,15000,28175,14065,28170,5000
2020-06-03 09:28:34.630000,28213.02,28185,5000,28190,24612,28175,14065,28165,25000
2020-06-03 09:28:35.840000,28213.02,28185,24620,28190,14992,28170,14065,28165,15000
2020-06-03 09:28:36.270000,28213.02,28185,24620,28190,14992,28170,14065,28165,5000
2020-06-03 09:28:39.950000,28213.02,28185,24620,28190,15585,28170,14065,28165,5000
2020-06-03 09:28:41.620000,28213.02,28190,593,28195,24620,28180,14065,28175,5000
2020-06-03 09:28:42.690000,28213.02,28190,25205,28195,15000,28175,14065,28170,5000
2020-06-03 09:28:44.260000,28213.38,28190,25205,28195,15000,28175,14065,28170,5000
2020-06-03 09:28:45.840000,28213.38,28190,593,28195,24620,28180,14065,28175,5000
2020-06-03 09:28:46.320000,28213.38,28190,593,28195,24620,28180,14065,28175,5000
2020-06-03 09:28:48.420000,28213.38,28190,593,28195,24620,28180,14065,28175,5000
2020-06-03 09:28:50.060000,28213.38,28190,593,28200,24614,28185,14065,28180,5000
2020-06-03 09:28:50.530000,28213.38,28200,24614,28205,15000,28185,14065,28180,5000
2020-06-03 09:28:51.670000,28213.38,28200,24614,28205,15000,28185,14065,28180,5000
2020-06-03 09:29:00.430000,28230.6,28200,4994,28205,24620,28190,14065,28180,25000
2020-06-03 09:29:01.630000,28230.6,28200,2,28205,24620,28190,14065,28185,5000
2020-06-03 09:29:02.230000,28230.6,28200,2,28205,24620,28190,14065,28185,5000
2020-06-03 09:29:04.230000,28240.21,28200,2,28205,24620,28190,14065,28185,5000
2020-06-03 09:29:05.550000,28240.21,28195,24620,28200,14994,28180,14065,28175,15000
2020-06-03 09:29:07.330000,28240.21,28200,24614,28205,15000,28185,14065,28180,5000
2020-06-03 09:29:08.510000,28240.21,28200,24614,28205,15000,28185,14065,28180,5000
2020-06-03 09:29:10.080000,28240.21,28200,2,28205,24620,28190,14065,28185,5000
2020-06-03 09:29:11.090000,28240.21,28200,2,28205,24620,28190,14065,28185,5000
2020-06-03 09:29:14.320000,28230.82,28200,24614,28205,15000,28185,14065,28180,5000
2020-06-03 09:29:16.900000,28230.82,28200,24614,28205,15000,28185,14065,28180,5000
2020-06-03 09:29:17.290000,28230.82,28195,24620,28200,14994,28180,14065,28175,15000
2020-06-03 09:29:18.460000,28230.82,28195,24620,28200,14994,28180,14065,28175,15000
2020-06-03 09:29:18.960000,28230.82,28195,24620,28200,14994,28180,14065,28175,5000
2020-06-03 09:29:25.520000,28244.16,28200,24614,28205,15000,28185,14065,28180,5000
2020-06-03 09:29:26.300000,28244.16,28200,24614,28205,15000,28185,14065,28180,5000
2020-06-03 09:29:27.350000,28244.16,28195,24620,28200,14994,28180,14065,28175,5000
2020-06-03 09:29:27.750000,28244.16,28200,24614,28205,15000,28185,14065,28180,5000
2020-06-03 09:29:28.890000,28244.16,28200,24614,28205,15000,28185,14065,28180,5000
2020-06-03 09:29:29.300000,28244.16,28195,5000,28200,24614,28185,14065,28175,25000
2020-06-03 09:29:30.460000,28244.16,28195,24620,28200,14994,28180,14065,28175,15000
2020-06-03 09:29:30.960000,28244.16,28195,24620,28200,4994,28180,14065,28175,15000
2020-06-03 09:29:32.060000,28244.16,28195,5000,28200,24614,28185,14065,28175,15000
2020-06-03 09:29:33.530000,28244.16,28195,24620,28200,14994,28180,14065,28175,15000
2020-06-03 09:29:35.690000,28243.95,28190,4992,28195,24620,28180,14065,28175,10000
2020-06-03 09:29:36.050000,28243.95,28190,4992,28195,24620,28180,14065,28170,25000
2020-06-03 09:29:37.300000,28243.95,28195,24620,28200,14994,28180,14065,28175,5000
2020-06-03 09:29:42.630000,28243.95,28200,24614,28205,15000,28185,14065,28180,5000
2020-06-03 09:29:43.090000,28243.95,28195,24620,28200,14994,28180,14065,28175,5000
2020-06-03 09:29:44.210000,28240.53,28195,5000,28200,24614,28185,14065,28175,15000
2020-06-03 09:29:45.260000,28240.53,28200,24614,28205,15000,28185,14065,28180,5000
2020-06-03 09:29:47.860000,28240.53,28195,5000,28200,24614,28185,14065,28175,25000
2020-06-03 09:29:48.940000,28240.53,28200,24614,28205,15000,28185,14065,28180,5000
2020-06-03 09:29:49.360000,28240.53,28195,5000,28200,24614,28185,14065,28175,25000
2020-06-03 09:29:50.520000,28240.53,28195,24620,28200,14994,28180,14065,28175,5000
2020-06-03 09:29:50.850000,28240.53,28195,5000,28200,24614,28185,14065,28175,15000
2020-06-03 09:29:52.080000,28240.53,28190,594,28195,5000,28185,14065,28175,15000
2020-06-03 09:29:52.420000,28240.53,28190,594,28195,5000,28185,14065,28175,25000
2020-06-03 09:29:53.700000,28240.53,28190,594,28195,5000,28185,14065,28175,25000
2020-06-03 09:29:53.990000,28243.54,28190,594,28195,5000,28185,14065,28175,25000
2020-06-03 09:29:54.800000,28243.54,28190,594,28195,5000,28185,14065,28175,25000
2020-06-03 09:29:55.780000,28243.54,28190,594,28195,5000,28185,14065,28175,15000
2020-06-03 09:29:56.830000,28243.54,28190,594,28195,5000,28185,14065,28175,15000
2020-06-03 09:29:57.420000,28243.54,28190,594,28200,24614,28185,14065,28180,5000
2020-06-03 09:29:58.390000,28243.54,28190,594,28200,24614,28185,14065,28180,5000
2020-06-03 09:29:59.440000,28243.54,28190,594,28195,5000,28185,14065,28175,25000
2020-06-03 09:30:00.470000,28243.54,28200,2,28205,24620,28190,14065,28185,5000
2020-06-03 09:30:01.500000,28243.54,28200,2,28205,34620,28190,14065,28185,5000
2020-06-03 09:30:02.060000,28243.54,28200,2,28205,24620,28190,14065,28185,5000
2020-06-03 09:30:03.090000,28243.54,28200,24614,28205,15000,28185,14065,28180,5000
2020-06-03 09:30:05.200000,28259.39,28200,2,28205,24620,28190,14065,28185,5000
2020-06-03 09:30:06.230000,28259.39,28200,2,28205,24620,28190,14065,28185,5000
2020-06-03 09:30:07.780000,28259.39,28205,5000,28210,24612,28195,14065,28185,15000
2020-06-03 09:30:08.790000,28259.39,28210,24612,28215,15000,28195,14065,28190,5000
2020-06-03 09:30:09.230000,28259.39,28205,19620,28210,14992,28190,19065,28185,5000
2020-06-03 09:30:10.400000,28259.39,28205,5000,28210,24612,28195,14065,28185,25000
2020-06-03 09:30:11.460000,28259.39,28205,5125,28210,24612,28195,14065,28185,25000
2020-06-03 09:30:11.920000,28259.39,28205,5125,28210,24612,28195,14065,28185,25000
2020-06-03 09:30:13.040000,28259.39,28205,125,28210,24612,28195,14065,28190,5000
2020-06-03 09:30:20.790000,28272.17,28205,375,28210,24612,28195,14065,28190,5000
2020-06-03 09:30:25.160000,28279.62,28210,19620,28215,15000,28195,19065,28190,5000
2020-06-03 09:30:26.230000,28279.62,28210,19620,28215,15000,28195,19065,28190,5000
2020-06-03 09:30:26.870000,28279.62,28210,4992,28215,24620,28200,14065,28190,15000
2020-06-03 09:30:27.770000,28279.62,28215,24620,28220,14992,28200,14065,28195,5000
2020-06-03 09:30:30.360000,28279.62,28215,5000,28220,24612,28205,14065,28195,25000
2020-06-03 09:30:31.430000,28279.62,28220,24612,28225,15000,28205,14065,28200,5000
2020-06-03 09:30:31.820000,28279.62,28225,24620,28230,14992,28210,14065,28205,5000
2020-06-03 09:30:32.990000,28279.62,28225,24620,28230,14992,28210,14065,28205,5000
2020-06-03 09:30:34.460000,28264.32,28225,24620,28230,14992,28210,14165,28205,5000
2020-06-03 09:30:35.630000,28264.32,28225,5000,28230,24612,28215,14065,28210,100
2020-06-03 09:30:36.140000,28264.32,28225,5000,28230,24612,28215,14065,28205,25000
2020-06-03 09:30:37.240000,28264.32,28230,24612,28235,15000,28215,14065,28210,5000
2020-06-03 09:30:37.780000,28264.32,28230,24612,28235,15000,28215,14565,28210,5000
2020-06-03 09:30:38.780000,28264.32,28230,24612,28235,15000,28215,18165,28210,5000
2020-06-03 09:30:39.880000,28264.32,28235,24620,28240,14992,28220,14065,28215,9100
2020-06-03 09:30:40.880000,28264.32,28235,24620,28240,14992,28220,14465,28215,9100
2020-06-03 09:30:43.550000,28264.32,28240,24612,28245,15000,28225,14065,28220,5400
2020-06-03 09:30:45.800000,28277.08,28235,24620,28240,14992,28220,14465,28215,19100
2020-06-03 09:30:46.690000,28277.08,28235,5000,28240,24612,28225,14065,28220,400
2020-06-03 09:30:47.720000,28277.08,28240,24612,28245,15000,28225,14065,28220,5400
2020-06-03 09:30:48.080000,28277.08,28240,24612,28245,15000,28225,14065,28220,5400
2020-06-03 09:30:49.780000,28277.08,28240,24612,28245,15000,28225,14065,28220,5400
2020-06-03 09:30:50.840000,28277.08,28245,24620,28250,14992,28230,14065,28225,5000
2020-06-03 09:30:52.470000,28277.08,28245,24620,28250,14992,28230,14065,28225,5000
2020-06-03 09:30:59.750000,28285.64,28250,24612,28255,15000,28235,14065,28230,5000
2020-06-03 09:31:01.280000,28285.64,28255,24620,28260,14992,28240,14065,28235,5000
2020-06-03 09:31:02.340000,28285.64,28255,24620,28260,14992,28240,14065,28235,5000
2020-06-03 09:31:03.790000,28298.14,28255,24620,28260,14992,28240,13472,28235,5000
2020-06-03 09:31:06.730000,28298.14,28260,24612,28265,15000,28245,13472,28240,5000
2020-06-03 09:31:07.560000,28298.14,28260,24612,28265,15000,28245,13472,28240,5000
2020-06-03 09:31:08.620000,28298.14,28260,24612,28265,15000,28245,13472,28240,5000
2020-06-03 09:31:09.730000,28298.14,28260,4992,28265,24620,28250,13472,28240,25000
2020-06-03 09:31:10.700000,28298.14,28260,24612,28265,15000,28245,13472,28240,15000
2020-06-03 09:31:12.800000,28298.14,28260,24612,28265,5000,28245,13472,28240,15000
2020-06-03 09:31:13.190000,28298.14,28260,24612,28265,15000,28245,13472,28240,5000
2020-06-03 09:31:16.150000,28303.35,28265,24620,28270,14992,28250,13472,28245,5000
2020-06-03 09:31:16.990000,28303.35,28260,19620,28265,15000,28245,18472,28240,5000
2020-06-03 09:31:18.020000,28303.35,28260,19620,28265,15000,28245,13472,28240,7500
2020-06-03 09:31:18.520000,28303.35,28260,24572,28265,15000,28245,13472,28240,7500
2020-06-03 09:31:20.050000,28303.35,28260,24572,28265,15000,28245,13472,28240,7500
2020-06-03 09:31:21.630000,28303.35,28260,19620,28265,15000,28245,18472,28240,7500
2020-06-03 09:31:22.710000,28303.35,28265,24620,28270,14952,28250,13472,28245,5000
2020-06-03 09:31:24.130000,28307.87,28265,24620,28270,14952,28250,13472,28245,5000
2020-06-03 09:31:25.630000,28307.87,28260,19620,28265,15000,28245,18472,28240,17500
2020-06-03 09:31:26.880000,28307.87,28260,19620,28265,15000,28245,18472,28240,17500
2020-06-03 09:31:27.170000,28307.87,28260,24572,28265,15000,28245,13472,28240,7500
2020-06-03 09:31:31.450000,28307.87,28265,24620,28270,14952,28250,13472,28245,5000
2020-06-03 09:31:33.160000,28307.87,28260,19620,28265,15000,28245,18472,28240,7500
2020-06-03 09:31:34.200000,28295.95,28260,4952,28265,24620,28250,13472,28240,17500
2020-06-03 09:31:35.230000,28295.95,28265,24620,28270,14952,28250,13472,28245,5000
2020-06-03 09:31:36.780000,28295.95,28265,24620,28270,14952,28250,13472,28245,5000
2020-06-03 09:31:41.480000,28295.95,28265,24620,28270,14952,28250,13472,28245,5000
2020-06-03 09:31:42.000000,28295.95,28265,24620,28270,14952,28250,13472,28245,5000
2020-06-03 09:31:45.110000,28295.06,28265,24620,28270,14952,28250,13472,28245,5000
2020-06-03 09:31:45.560000,28295.06,28265,5000,28270,34572,28255,13472,28245,15000
2020-06-03 09:31:46.700000,28295.06,28270,24572,28275,15000,28255,13472,28250,5000
2020-06-03 09:31:47.700000,28295.06,28270,24572,28275,15000,28255,13472,28250,5000
2020-06-03 09:31:50.900000,28295.06,28270,24572,28275,15000,28255,13472,28250,5000
2020-06-03 09:31:52.190000,28295.06,28270,24572,28275,15000,28255,13472,28250,5000
2020-06-03 09:31:53.020000,28295.06,28270,24572,28275,15000,28255,13472,28250,5000
2020-06-03 09:31:54.050000,28314.13,28270,24572,28275,15000,28255,13472,28250,5000
2020-06-03 09:31:54.460000,28314.13,28270,24572,28275,5000,28255,13472,28250,15000
2020-06-03 09:31:55.660000,28314.13,28270,24572,28275,15000,28255,13472,28250,5000
2020-06-03 09:31:55.960000,28314.13,28270,19620,28275,15000,28255,18472,28250,5000
2020-06-03 09:31:57.220000,28314.13,28270,19620,28275,15000,28255,18472,28250,5004
2020-06-03 09:31:57.550000,28314.13,28270,24572,28275,15000,28255,13472,28250,5004
2020-06-03 09:31:58.800000,28314.13,28270,19620,28275,15000,28255,18472,28250,5004
2020-06-03 09:31:59.130000,28314.13,28270,19620,28275,15000,28255,18472,28250,15004
2020-06-03 09:32:00.410000,28314.13,28270,19620,28275,15000,28255,18472,28250,15004
2020-06-03 09:32:00.780000,28314.13,28275,24620,28280,14992,28260,13472,28255,5000
2020-06-03 09:32:01.720000,28314.13,28270,19620,28275,15000,28255,18472,28250,15004
2020-06-03 09:32:02.670000,28314.13,28270,24572,28275,15000,28255,13472,28250,5004
2020-06-03 09:32:03.420000,28311.08,28270,19745,28275,15000,28255,18472,28250,5004
2020-06-03 09:32:04.670000,28311.08,28270,24697,28275,15000,28255,13472,28250,5004
2020-06-03 09:32:04.960000,28311.08,28270,19745,28275,15000,28255,18472,28250,5004
2020-06-03 09:32:05.740000,28311.08,28270,125,28275,24620,28260,13472,28255,5000
2020-06-03 09:32:10.250000,28311.08,28270,125,28275,19620,28260,18472,28255,5000
2020-06-03 09:32:11.530000,28311.08,28280,24612,28285,15000,28265,13472,28260,5000
2020-06-03 09:32:12.070000,28311.08,28275,5000,28280,24612,28265,13472,28255,15000
2020-06-03 09:32:13.130000,28311.08,28280,24612,28285,15000,28265,13472,28260,5000
2020-06-03 09:32:13.660000,28312.6,28280,24612,28285,15000,28265,13472,28260,5000
2020-06-03 09:32:15.770000,28312.6,28270,593,28280,24612,28265,13472,28260,5000
2020-06-03 09:32:16.720000,28312.6,28280,24612,28285,15000,28265,15772,28260,5000
2020-06-03 09:32:19.910000,28312.6,28280,24612,28285,15000,28265,15772,28260,5000
2020-06-03 09:32:22.530000,28312.6,28280,24612,28285,15000,28265,15772,28260,5000
2020-06-03 09:32:26.220000,28330.15,28280,40,28285,24620,28270,13472,28265,7300
2020-06-03 09:32:28.110000,28330.15,28280,40,28285,24620,28270,13472,28265,7300
2020-06-03 09:32:34.040000,28327.39,28280,40,28285,24620,28270,13472,28265,7300
2020-06-03 09:32:35.820000,28327.39,28280,40,28285,24620,28270,13472,28265,7300
2020-06-03 09:32:37.700000,28327.39,28280,24612,28285,15000,28265,15772,28260,15000
2020-06-03 09:32:38.120000,28327.39,28280,40,28285,24620,28270,13472,28265,7300
2020-06-03 09:32:39.490000,28327.39,28290,24572,28295,15000,28275,13472,28270,5000
2020-06-03 09:32:40.370000,28327.39,28285,5000,28290,24572,28275,13472,28265,17300
2020-06-03 09:32:42.480000,28327.39,28290,24572,28295,15000,28275,13472,28270,5000
2020-06-03 09:32:46.150000,28346.28,28290,24572,28295,15000,28275,13472,28270,5000
2020-06-03 09:32:47.730000,28346.28,28285,5000,28290,24572,28275,13472,28265,27300
2020-06-03 09:32:48.320000,28346.28,28290,24572,28295,15000,28275,13472,28270,5000
2020-06-03 09:32:50.350000,28346.28,28290,24572,28295,15000,28275,13472,28270,5000
2020-06-03 09:32:50.850000,28346.28,28295,24620,28300,14959,28280,13472,28275,5000
2020-06-03 09:32:51.900000,28346.28,28295,24620,28300,14959,28280,13472,28275,5000
2020-06-03 09:32:53.320000,28346.28,28300,24579,28305,15712,28285,13472,28280,5000
2020-06-03 09:32:54.510000,28331.28,28300,24579,28305,15712,28285,13472,28280,5000
2020-06-03 09:32:56.930000,28331.28,28300,24579,28305,15712,28285,13472,28280,15003
2020-06-03 09:32:57.600000,28331.28,28300,24579,28305,15712,28280,28475,28275,15000
2020-06-03 09:32:58.690000,28331.28,28300,24579,28305,15712,28285,13472,28280,15003
2020-06-03 09:32:59.050000,28331.28,28300,24579,28305,15712,28285,13472,28280,5003
2020-06-03 09:33:00.240000,28331.28,28300,7,28305,25332,28290,13472,28285,5000
2020-06-03 09:33:00.600000,28331.28,28305,5712,28310,24572,28295,13472,28285,15000
2020-06-03 09:33:01.780000,28331.28,28305,712,28310,24572,28295,13472,28290,5000
2020-06-03 09:33:03.250000,28331.28,28305,712,28315,24620,28300,13472,28295,5000
2020-06-03 09:33:04.380000,28329.92,28315,24620,28320,14952,28300,16272,28295,5000
2020-06-03 09:33:05.440000,28329.92,28315,24620,28320,14952,28295,18472,28290,15000
2020-06-03 09:33:05.780000,28329.92,28315,24620,28320,14952,28300,13472,28295,5000
2020-06-03 09:33:07.470000,28329.92,28320,24572,28325,15001,28305,13472,28300,5000
2020-06-03 09:33:08.630000,28329.92,28325,24621,28330,14952,28310,13472,28305,5000
2020-06-03 09:33:10.700000,28329.92,28325,24621,28330,14952,28310,13472,28305,5000
2020-06-03 09:33:11.090000,28329.92,28325,1,28330,24572,28315,13472,28310,5000
2020-06-03 09:33:12.280000,28329.92,28325,1,28330,24572,28315,13472,28310,5000
2020-06-03 09:33:12.800000,28329.92,28325,1,28330,24572,28315,13472,28310,5000
2020-06-03 09:33:13.840000,28365.76,28330,4952,28335,24620,28320,13472,28310,15000
2020-06-03 09:33:14.330000,28365.76,28335,24620,28340,14952,28320,13472,28315,5000
2020-06-03 09:33:16.450000,28365.76,28340,24572,28345,15711,28325,13472,28320,5000
2020-06-03 09:33:16.760000,28365.76,28335,19620,28340,14952,28320,18472,28315,15000
2020-06-03 09:33:18.010000,28365.76,28330,24572,28335,15000,28315,23472,28310,5000
2020-06-03 09:33:19.030000,28365.76,28330,19620,28335,15000,28315,28472,28310,5000
2020-06-03 09:33:19.420000,28365.76,28330,24572,28335,15000,28315,13472,28310,5000
2020-06-03 09:33:21.180000,28365.76,28330,4952,28335,24620,28320,13472,28310,15000
2020-06-03 09:33:22.230000,28365.76,28330,4952,28335,24620,28320,13472,28310,25000
2020-06-03 09:33:23.280000,28365.76,28335,24620,28340,14952,28320,13472,28315,5000
2020-06-03 09:33:24.340000,28369.36,28340,24572,28345,15711,28325,13472,28320,5000
2020-06-03 09:33:25.390000,28369.36,28345,25331,28350,14952,28330,13392,28325,5000
2020-06-03 09:33:25.850000,28369.36,28345,25331,28350,14952,28330,13392,28325,5000
2020-06-03 09:33:26.960000,28369.36,28345,25331,28350,14952,28330,12798,28325,5000
2020-06-03 09:33:28.030000,28369.36,28345,25331,28350,14952,28330,12798,28325,5000
2020-06-03 09:33:28.560000,28369.36,28345,25331,28350,14952,28330,12798,28325,5000
2020-06-03 09:33:29.590000,28369.36,28345,25331,28350,14952,28330,12798,28325,5000
2020-06-03 09:33:30.630000,28369.36,28345,711,28350,24572,28335,12798,28330,5000
2020-06-03 09:33:31.120000,28369.36,28345,711,28350,24572,28335,12798,28330,5000
2020-06-03 09:33:32.260000,28369.36,28345,671,28350,24572,28335,12798,28330,5000
2020-06-03 09:33:34.260000,28376.57,28350,24572,28355,15000,28335,12127,28330,15000
2020-06-03 09:33:35.400000,28376.57,28355,24620,28360,14952,28340,12127,28335,5000
2020-06-03 09:33:37.050000,28376.57,28350,24572,28355,15000,28335,12127,28330,5000
2020-06-03 09:33:38.040000,28376.57,28350,24572,28355,15000,28335,12127,28330,5000
2020-06-03 09:33:39.080000,28376.57,28350,24572,28355,15000,28335,12127,28330,5000
2020-06-03 09:33:40.150000,28376.57,28345,24620,28350,14952,28330,12127,28325,5000
2020-06-03 09:33:40.650000,28376.57,28345,24620,28350,14952,28330,12127,28325,5000
2020-06-03 09:33:41.710000,28376.57,28340,24572,28345,15000,28325,12127,28320,15000
2020-06-03 09:33:42.790000,28376.57,28335,19620,28340,14952,28320,27127,28315,5000
2020-06-03 09:33:43.800000,28376.57,28335,24620,28340,14952,28320,12127,28315,5000
2020-06-03 09:33:44.220000,28383.32,28340,24572,28345,15000,28325,12127,28320,5000
2020-06-03 09:33:45.390000,28383.32,28335,19620,28340,14952,28320,17127,28315,5000
2020-06-03 09:33:45.820000,28383.32,28335,5000,28340,24572,28325,12127,28315,25000
2020-06-03 09:33:46.970000,28383.32,28335,24620,28340,14952,28320,12127,28315,15000
2020-06-03 09:33:48.550000,28383.32,28335,24620,28340,14952,28320,12127,28315,5000
2020-06-03 09:33:50.660000,28383.32,28330,19620,28335,15000,28315,17127,28310,15000
2020-06-03 09:33:51.710000,28383.32,28330,24572,28335,15000,28315,12127,28310,5000
2020-06-03 09:33:52.740000,28383.32,28320,24572,28325,15000,28305,22127,28300,5000
2020-06-03 09:33:53.270000,28383.32,28320,24572,28325,15000,28305,12127,28300,5000
2020-06-03 09:33:54.280000,28382.09,28320,24572,28325,15000,28305,12127,28300,5000
2020-06-03 09:33:55.310000,28382.09,28320,24572,28325,15000,28300,17127,28295,15000
2020-06-03 09:33:56.330000,28382.09,28315,24620,28320,5077,28300,12127,28295,25000
2020-06-03 09:33:56.630000,28382.09,28315,24620,28320,15077,28300,12127,28295,5000
2020-06-03 09:33:59.850000,28382.09,28310,4952,28315,24620,28300,12127,28290,15000
2020-06-03 09:34:01.100000,28382.09,28310,24572,28315,15000,28295,12127,28290,5000
2020-06-03 09:34:02.760000,28382.09,28310,24572,28315,15000,28295,12127,28290,5000
2020-06-03 09:34:05.560000,28346.19,28305,24620,28310,14952,28290,12127,28285,5000
2020-06-03 09:34:07.730000,28346.19,28305,24620,28310,15202,28290,12127,28285,5000
2020-06-03 09:34:08.930000,28346.19,28305,24620,28310,15202,28290,12127,28285,5000
2020-06-03 09:34:09.260000,28346.19,28305,24620,28310,15202,28290,12127,28285,5000
2020-06-03 09:34:10.060000,28346.19,28305,24620,28310,15202,28290,12127,28285,5000
2020-06-03 09:34:11.020000,28346.19,28305,34620,28310,15202,28290,12127,28285,5000
2020-06-03 09:34:12.140000,28346.19,28300,24572,28305,15000,28285,12127,28280,5003
2020-06-03 09:34:13.160000,28346.19,28295,19620,28300,4952,28280,17130,28275,25000
2020-06-03 09:34:13.690000,28329.56,28300,24572,28305,15000,28285,12127,28280,5003
2020-06-03 09:34:14.750000,28329.56,28295,5000,28300,34572,28280,12130,28275,15000
2020-06-03 09:34:15.780000,28329.56,28300,24572,28305,15000,28285,12127,28280,5003
2020-06-03 09:34:16.220000,28329.56,28300,24572,28305,15000,28285,12127,28280,5003
2020-06-03 09:34:17.340000,28329.56,28300,24569,28305,15000,28285,12127,28280,5000
2020-06-03 09:34:17.750000,28329.56,28300,24569,28305,15000,28285,12127,28280,5000
2020-06-03 09:34:18.950000,28329.56,28300,24569,28305,15000,28285,12127,28280,5000
2020-06-03 09:34:19.330000,28329.56,28295,24620,28300,12449,28280,12127,28275,5000
2020-06-03 09:34:20.480000,28329.56,28295,19620,28300,12449,28280,17127,28275,15000
2020-06-03 09:34:20.970000,28329.56,28295,5000,28300,22069,28285,12127,28275,25000
2020-06-03 09:34:22.530000,28329.56,28300,22069,28305,15000,28285,12127,28280,5000
2020-06-03 09:34:23.640000,28329.56,28305,24620,28310,12699,28290,12127,28285,5000
2020-06-03 09:34:25.730000,28311.27,28305,24620,28310,12699,28285,17127,28280,5000
2020-06-03 09:34:26.820000,28311.27,28305,24620,28310,12699,28290,12127,28285,5000
2020-06-03 09:34:27.290000,28311.27,28300,2449,28305,24620,28290,12127,28280,25000
2020-06-03 09:34:28.390000,28311.27,28300,22069,28305,15000,28285,12127,28280,15000
2020-06-03 09:34:29.390000,28311.27,28300,22069,28305,15000,28285,12127,28280,5000
2020-06-03 09:34:30.980000,28311.27,28300,22069,28305,15000,28285,12127,28280,5000
2020-06-03 09:34:34.130000,28308.75,28300,2449,28305,24620,28290,12127,28280,15000
2020-06-03 09:34:35.210000,28308.75,28300,2449,28305,24620,28290,12127,28280,15000
2020-06-03 09:34:36.230000,28308.75,28300,22069,28305,15000,28285,12127,28280,5000
2020-06-03 09:34:36.760000,28308.75,28300,22069,28305,15000,28285,12127,28280,5000
2020-06-03 09:34:39.400000,28308.75,28300,22662,28305,15000,28285,12127,28280,5000
2020-06-03 09:34:40.490000,28308.75,28295,24620,28300,13042,28280,12127,28275,5000
2020-06-03 09:34:40.940000,28308.75,28290,22069,28295,15000,28275,12127,28270,15000
2020-06-03 09:34:43.050000,28308.75,28290,22069,28295,15000,28275,12127,28270,5000
2020-06-03 09:34:44.080000,28314.37,28295,24620,28300,13042,28280,12127,28275,5000
2020-06-03 09:34:44.550000,28314.37,28290,22069,28295,15000,28275,12127,28270,5000
2020-06-03 09:34:46.190000,28314.37,28280,19620,28285,15000,28265,19427,28260,15000
2020-06-03 09:34:47.220000,28314.37,28280,2449,28285,24620,28270,12127,28265,2300
2020-06-03 09:34:48.300000,28314.37,28285,24620,28290,12449,28270,12127,28265,7300
2020-06-03 09:34:49.290000,28314.37,28280,22069,28285,15000,28265,14427,28260,5000
2020-06-03 09:34:51.930000,28314.37,28280,22069,28285,15000,28265,12127,28260,5000
2020-06-03 09:34:55.050000,28295.08,28285,24620,28290,12449,28270,12127,28265,5000
2020-06-03 09:34:56.100000,28295.08,28280,2449,28285,24620,28270,12127,28260,15000
2020-06-03 09:34:57.160000,28295.08,28280,22069,28285,15000,28265,12127,28260,5000
2020-06-03 09:34:58.750000,28295.08,28280,22069,28285,15000,28265,12127,28260,5000
2020-06-03 09:34:59.810000,28295.08,28280,22069,28285,15000,28265,12127,28260,5000
2020-06-03 09:35:00.860000,28295.08,28275,24620,28280,12449,28260,12127,28255,5000
2020-06-03 09:35:01.940000,28295.08,28280,22069,28285,15000,28265,12127,28260,5000
2020-06-03 09:35:02.950000,28295.08,28280,22069,28285,15000,28265,12127,28260,5000
2020-06-03 09:35:04.000000,28272.04,28275,24620,28280,12449,28260,12127,28255,5000
2020-06-03 09:35:06.090000,28272.04,28275,24620,28280,12449,28260,12127,28255,5000
2020-06-03 09:35:07.700000,28272.04,28265,24620,28270,12449,28250,22131,28245,5000
2020-06-03 09:35:08.750000,28272.04,28265,24620,28270,12449,28250,12131,28245,5000
2020-06-03 09:35:10.250000,28272.04,28265,24620,28270,12449,28250,12131,28245,5000
2020-06-03 09:35:11.390000,28272.04,28265,24620,28270,12449,28250,12131,28245,5000
2020-06-03 09:35:12.420000,28272.04,28260,22069,28265,15000,28250,4,28245,12127
2020-06-03 09:35:12.950000,28272.04,28260,22069,28265,15000,28245,12127,28240,5000
2020-06-03 09:35:13.980000,28278.89,28255,24620,28260,12449,28240,12127,28235,5000
2020-06-03 09:35:15.040000,28278.89,28255,24620,28260,12449,28240,12127,28235,5000
2020-06-03 09:35:16.110000,28278.89,28250,22069,28255,15000,28235,12127,28230,15000
2020-06-03 09:35:17.170000,28278.89,28250,22069,28255,15000,28235,12127,28230,5000
2020-06-03 09:35:18.730000,28278.89,28250,22069,28255,15000,28235,12127,28230,5000
2020-06-03 09:35:19.320000,28278.89,28240,19620,28245,15000,28225,17127,28220,15400
2020-06-03 09:35:20.320000,28278.89,28245,24620,28250,12449,28230,12127,28225,5000
2020-06-03 09:35:22.420000,28278.89,28240,19620,28245,15000,28225,17127,28220,5400
2020-06-03 09:35:23.480000,28278.89,28240,22069,28245,15000,28225,12127,28220,5400
2020-06-03 09:35:24.540000,28274.36,28240,22069,28245,15000,28225,12127,28220,5400
2020-06-03 09:35:24.850000,28274.36,28235,5000,28240,22069,28225,12127,28220,400
2020-06-03 09:35:25.690000,28274.36,28235,5000,28240,22069,28225,12127,28220,400
2020-06-03 09:35:26.460000,28274.36,28235,5000,28240,22069,28225,12127,28220,400
2020-06-03 09:35:27.740000,28274.36,28235,19620,28240,12449,28220,17527,28215,9100
2020-06-03 09:35:28.050000,28274.36,28240,22069,28245,15000,28225,12127,28220,5400
2020-06-03 09:35:29.300000,28274.36,28240,22069,28245,15000,28225,12127,28220,5400
2020-06-03 09:35:32.990000,28274.36,28235,24620,28240,12449,28220,12527,28215,9100
2020-06-03 09:35:34.520000,28254.96,28230,22069,28235,15000,28215,16227,28210,15000
2020-06-03 09:35:35.580000,28254.96,28230,22069,28235,15000,28215,12127,28210,5000
2020-06-03 09:35:36.610000,28254.96,28225,24620,28230,12449,28210,12127,28205,15000
2020-06-03 09:35:37.950000,28254.96,28215,5000,28220,22069,28205,12127,28195,25000
2020-06-03 09:35:39.220000,28254.96,28220,22069,28225,15000,28205,12127,28200,5000
2020-06-03 09:35:39.690000,28254.96,28220,22069,28225,15000,28205,12127,28200,5000
2020-06-03 09:35:40.780000,28254.96,28225,24620,28230,12449,28210,12127,28205,5000
2020-06-03 09:35:42.150000,28254.96,28230,22069,28235,15000,28215,12127,28210,5000
2020-06-03 09:35:43.860000,28259.09,28230,22069,28235,15000,28215,12127,28210,5000
2020-06-03 09:35:44.970000,28259.09,28230,22069,28235,15000,28215,12127,28210,5000
2020-06-03 09:35:46.000000,28259.09,28225,24620,28230,12449,28210,12127,28205,15000
2020-06-03 09:35:46.450000,28259.09,28225,24620,28230,12449,28210,12127,28205,5000
2020-06-03 09:35:47.560000,28259.09,28225,125,28230,22069,28215,12127,28210,5000
2020-06-03 09:35:49.670000,28259.09,28225,24745,28230,12449,28210,12127,28205,15000
2020-06-03 09:35:50.700000,28259.09,28225,24745,28230,12449,28210,12127,28205,15000
2020-06-03 09:35:51.760000,28259.09,28225,24745,28230,12449,28210,12127,28205,15000
2020-06-03 09:35:52.790000,28259.09,28225,24745,28230,12449,28210,12127,28205,5000
2020-06-03 09:35:53.230000,28259.09,28220,22069,28225,15125,28205,12127,28200,15000
2020-06-03 09:35:55.400000,28239.13,28220,22069,28225,15125,28205,12127,28200,5000
2020-06-03 09:35:56.400000,28239.13,28215,24620,28220,12449,28200,12127,28195,15000
2020-06-03 09:35:58.350000,28239.13,28215,24620,28220,12449,28200,12127,28195,5000
2020-06-03 09:36:00.050000,28239.13,28205,24620,28210,12449,28190,22127,28185,5000
2020-06-03 09:36:01.260000,28239.13,28195,14620,28200,12449,28180,12127,28175,5000
2020-06-03 09:36:04.330000,28255.18,28190,9620,28195,15000,28175,17127,28170,15000
2020-06-03 09:36:05.370000,28255.18,28200,12069,28205,15000,28185,12127,28180,5000
2020-06-03 09:36:05.860000,28255.18,28205,14620,28210,12449,28190,12127,28185,5000
2020-06-03 09:36:06.970000,28255.18,28205,14620,28210,12449,28190,12127,28185,5000
2020-06-03 09:36:08.000000,28255.18,28215,14620,28220,12449,28200,12127,28195,5000
2020-06-03 09:36:08.560000,28255.18,28215,14620,28220,12449,28200,12127,28195,5000
2020-06-03 09:36:09.620000,28255.18,28215,14620,28220,12449,28200,12127,28195,5000
2020-06-03 09:36:10.670000,28255.18,28220,12069,28225,15125,28205,12127,28200,5000
2020-06-03 09:36:11.720000,28255.18,28220,12069,28225,15125,28205,12127,28200,5000
2020-06-03 09:36:13.280000,28244.4,28220,9620,28225,15125,28205,17127,28200,15000
2020-06-03 09:36:14.320000,28244.4,28220,12069,28225,15125,28205,12127,28200,15000
2020-06-03 09:36:14.860000,28244.4,28225,14745,28230,12449,28210,12127,28205,5000
2020-06-03 09:36:16.980000,28244.4,28225,125,28230,12069,28215,12127,28210,5000
2020-06-03 09:36:18.060000,28244.4,28230,12069,28235,15000,28215,12127,28210,5000
2020-06-03 09:36:18.650000,28244.4,28235,14620,28240,12449,28220,12127,28215,5000
2020-06-03 09:36:19.590000,28244.4,28230,12069,28235,15000,28215,12127,28210,15000
2020-06-03 09:36:20.640000,28244.4,28235,14620,28240,12449,28220,12127,28215,5000
2020-06-03 09:36:21.680000,28244.4,28235,14620,28240,12449,28220,12127,28215,5000
2020-06-03 09:36:23.120000,28244.4,28240,12069,28245,15000,28225,12127,28220,5000
2020-06-03 09:36:24.270000,28248.61,28235,14620,28240,12449,28220,12127,28215,15000
2020-06-03 09:36:24.760000,28248.61,28240,12069,28245,15000,28225,12127,28220,5000
2020-06-03 09:36:25.850000,28248.61,28235,14620,28240,12449,28220,12127,28215,15000
2020-06-03 09:36:26.260000,28248.61,28235,14620,28240,12449,28220,12127,28215,5000
2020-06-03 09:36:27.380000,28248.61,28240,12069,28245,15000,28225,12127,28220,5000
2020-06-03 09:36:27.820000,28248.61,28245,14620,28250,13042,28230,12127,28225,5000
2020-06-03 09:36:28.980000,28248.61,28245,14620,28250,13042,28230,12127,28225,5000
2020-06-03 09:36:29.980000,28248.61,28250,12662,28255,15000,28235,12127,28230,5000
2020-06-03 09:36:30.460000,28248.61,28250,10213,28255,15000,28235,17127,28230,5000
2020-06-03 09:36:31.350000,28248.61,28250,10213,28255,15000,28235,17127,28230,5000
2020-06-03 09:36:32.580000,28248.61,28250,12662,28255,15000,28235,12127,28230,5000
2020-06-03 09:36:33.680000,28270.1,28240,12069,28245,15000,28225,22127,28220,5000
2020-06-03 09:36:34.690000,28270.1,28240,12069,28245,15000,28225,12127,28220,5000
2020-06-03 09:36:35.740000,28270.1,28240,12069,28245,15000,28225,12127,28220,5000
2020-06-03 09:36:38.400000,28270.1,28245,14620,28250,13042,28230,12127,28225,5000
2020-06-03 09:36:40.440000,28270.1,28250,12662,28255,15000,28230,17127,28225,5000
2020-06-03 09:36:41.550000,28270.1,28250,12662,28255,15000,28235,12127,28230,5000
2020-06-03 09:36:44.160000,28286.78,28250,593,28255,14620,28240,12127,28235,5000
2020-06-03 09:36:44.600000,28286.78,28245,9620,28250,13042,28230,27127,28225,5000
2020-06-03 09:36:45.750000,28286.78,28245,14620,28250,13042,28230,22127,28225,5000
2020-06-03 09:36:46.250000,28286.78,28245,14620,28250,13042,28230,22127,28225,5000
2020-06-03 09:36:47.360000,28286.78,28245,14620,28250,13042,28230,12127,28225,5000
2020-06-03 09:36:47.810000,28286.78,28250,12662,28255,15000,28235,12127,28230,5000
2020-06-03 09:36:48.940000,28286.78,28245,14620,28250,13042,28230,12127,28225,5000
2020-06-03 09:36:49.450000,28286.78,28245,5000,28250,12662,28235,12127,28225,25000
2020-06-03 09:36:50.520000,28286.78,28245,5000,28250,12662,28235,12127,28225,25000
2020-06-03 09:36:51.090000,28286.78,28245,5000,28250,12662,28235,12127,28225,25000
2020-06-03 09:36:52.110000,28286.78,28245,14620,28250,13042,28230,12127,28225,15000
2020-06-03 09:36:53.170000,28286.78,28250,12662,28255,15000,28235,12127,28230,5000
2020-06-03 09:36:54.950000,28304.97,28250,12662,28255,15000,28235,12127,28230,5000
2020-06-03 09:36:55.810000,28304.97,28245,14620,28250,13042,28230,12127,28225,5000
2020-06-03 09:36:56.870000,28304.97,28250,12662,28255,15000,28235,12127,28230,5000
2020-06-03 09:36:58.420000,28304.97,28250,12662,28255,15000,28235,12127,28230,5000
2020-06-03 09:37:01.010000,28304.97,28250,593,28255,14620,28240,12127,28235,5000
2020-06-03 09:37:01.450000,28304.97,28255,14620,28260,12449,28240,12127,28235,5000
2020-06-03 09:37:02.610000,28304.97,28250,594,28255,14620,28240,12127,28235,5000
2020-06-03 09:37:03.030000,28304.97,28255,14620,28260,12449,28240,12127,28235,5000
2020-06-03 09:37:04.180000,28293.99,28250,12069,28255,15000,28235,12127,28230,5000
2020-06-03 09:37:06.030000,28293.99,28245,9620,28250,12449,28230,17127,28225,15000
2020-06-03 09:37:06.850000,28293.99,28245,9620,28250,12449,28230,17127,28225,5000
2020-06-03 09:37:07.890000,28293.99,28250,12069,28255,15000,28235,12127,28230,5000
2020-06-03 09:37:09.980000,28293.99,28250,12069,28255,15000,28235,12127,28230,5000
2020-06-03 09:37:11.530000,28293.99,28255,14620,28260,12449,28240,12127,28235,5000
2020-06-03 09:37:12.560000,28293.99,28255,14620,28260,12449,28240,12127,28235,5000
2020-06-03 09:37:13.620000,28293.99,28255,14620,28260,12449,28240,12127,28235,5000
2020-06-03 09:37:19.520000,28298.24,28255,14620,28260,12449,28240,12127,28235,5000
2020-06-03 09:37:21.460000,28298.24,28260,12069,28265,15000,28245,12127,28240,5000
2020-06-03 09:37:21.990000,28298.24,28260,12069,28265,15000,28245,12127,28240,5000
2020-06-03 09:37:23.010000,28298.24,28255,14620,28260,12449,28240,12127,28235,15000
2020-06-03 09:37:24.570000,28294.25,28265,14620,28270,12449,28250,12127,28245,5000
2020-06-03 09:37:25.720000,28294.25,28260,9620,28265,15000,28245,17127,28240,5000
2020-06-03 09:37:27.020000,28294.25,28260,12069,28265,15000,28245,12127,28240,5000
2020-06-03 09:37:28.290000,28294.25,28265,14620,28270,12449,28250,12127,28245,5000
2020-06-03 09:37:29.320000,28294.25,28265,14620,28270,12449,28250,12127,28245,5000
2020-06-03 09:37:29.750000,28294.25,28265,14620,28270,12449,28245,17127,28240,25000
2020-06-03 09:37:30.860000,28294.25,28260,9620,28265,15000,28245,17127,28240,15000
2020-06-03 09:37:31.360000,28294.25,28260,12069,28265,15000,28245,12127,28240,15000
2020-06-03 09:37:32.420000,28294.25,28260,12069,28265,15000,28245,12127,28240,5000
2020-06-03 09:37:32.920000,28303.41,28260,12069,28265,15000,28245,12127,28240,5000
2020-06-03 09:37:33.990000,28303.41,28255,14620,28260,12449,28240,12127,28235,15000
2020-06-03 09:37:35.030000,28303.41,28255,14620,28260,12449,28240,12127,28235,5000
2020-06-03 09:37:38.190000,28303.41,28260,12069,28265,15000,28245,12127,28240,5000
2020-06-03 09:37:39.230000,28303.41,28265,5000,28270,12069,28255,12127,28245,15000
2020-06-03 09:37:40.250000,28303.41,28265,125,28270,12069,28255,12127,28250,5000
2020-06-03 09:37:40.750000,28303.41,28265,14745,28270,12449,28250,12127,28245,15000
2020-06-03 09:37:41.810000,28303.41,28265,14745,28270,12449,28250,12127,28245,15000
2020-06-03 09:37:43.890000,28312.81,28265,14745,28270,12449,28250,12127,28245,5000
2020-06-03 09:37:44.220000,28312.81,28265,125,28270,12069,28255,12127,28250,5000
2020-06-03 09:37:46.420000,28312.81,28265,125,28270,12069,28255,12127,28250,5000
2020-06-03 09:37:47.920000,28312.81,28265,125,28270,12069,28255,12127,28250,5000
2020-06-03 09:37:49.080000,28312.81,28265,9745,28270,2449,28250,17127,28245,5000
2020-06-03 09:37:49.540000,28312.81,28265,125,28270,22069,28255,12127,28250,5000
2020-06-03 09:37:50.670000,28312.81,28265,125,28270,12069,28255,12127,28250,5000
2020-06-03 09:37:51.790000,28312.81,28265,125,28270,12069,28255,12127,28250,5000
2020-06-03 09:37:53.180000,28312.81,28265,375,28270,12069,28255,12127,28250,5000
2020-06-03 09:37:54.310000,28298.86,28265,14995,28270,12449,28250,12127,28245,5000
2020-06-03 09:37:54.650000,28298.86,28275,14620,28280,12449,28260,12127,28255,5000
2020-06-03 09:37:55.530000,28298.86,28270,12069,28275,15000,28255,12127,28250,5000
2020-06-03 09:37:56.400000,28298.86,28275,14620,28280,12449,28260,12127,28255,5000
2020-06-03 09:37:57.450000,28298.86,28275,14620,28280,12449,28260,12127,28255,5000
2020-06-03 09:37:58.480000,28298.86,28275,9620,28280,2449,28265,12127,28260,5000
2020-06-03 09:37:58.960000,28298.86,28275,14620,28280,12449,28260,12127,28255,5000
2020-06-03 09:38:01.520000,28298.86,28280,12069,28285,15000,28265,12127,28260,5000
2020-06-03 09:38:02.710000,28298.86,28275,14620,28280,12449,28260,12127,28255,5000
2020-06-03 09:38:03.760000,28298.78,28275,14620,28280,12449,28260,12127,28255,5000
2020-06-03 09:38:04.810000,28298.78,28275,14620,28280,12449,28260,12127,28255,5000
2020-06-03 09:38:05.850000,28298.78,28275,14620,28280,12449,28260,12127,28255,5000
2020-06-03 09:38:07.260000,28298.78,28275,9620,28280,12449,28260,17127,28255,5000
2020-06-03 09:38:08.020000,28298.78,28275,14620,28280,12449,28260,12127,28255,5000
2020-06-03 09:38:10.020000,28298.78,28280,12069,28285,15000,28265,12127,28260,5000
2020-06-03 09:38:10.520000,28298.78,28275,9620,28280,12449,28260,17127,28255,5000
2020-06-03 09:38:11.570000,28298.78,28275,14620,28280,12449,28260,12127,28255,5000
2020-06-03 09:38:13.150000,28298.78,28280,12069,28285,15000,28265,12127,28260,5000
2020-06-03 09:38:14.680000,28303.87,28280,12069,28285,15000,28265,11534,28260,5000
2020-06-03 09:38:14.990000,28303.87,28275,14620,28280,12449,28260,11534,28255,5000
2020-06-03 09:38:18.850000,28303.87,28275,14620,28280,12449,28260,11534,28255,5000
2020-06-03 09:38:19.990000,28303.87,28275,9620,28280,12449,28260,16534,28255,5000
2020-06-03 09:38:20.460000,28303.87,28275,14620,28280,12449,28260,11534,28255,5000
2020-06-03 09:38:21.580000,28303.87,28275,14620,28280,12449,28260,11534,28255,5000
2020-06-03 09:38:24.220000,28290.16,28275,14620,28280,12449,28260,11534,28255,5000
2020-06-03 09:38:26.250000,28290.16,28270,12069,28275,15000,28255,11534,28250,5000
2020-06-03 09:38:27.660000,28290.16,28265,14620,28270,12449,28250,11534,28245,15000
2020-06-03 09:38:29.480000,28290.16,28265,14620,28270,12449,28250,11534,28245,5000
2020-06-03 09:38:35.760000,28283.13,28260,9620,28265,15000,28245,16534,28240,5000
2020-06-03 09:38:35.980000,28283.13,28255,14620,28260,12449,28240,11534,28235,15000
2020-06-03 09:38:38.360000,28283.13,28255,14620,28260,12449,28240,11534,28235,5000
2020-06-03 09:38:40.360000,28283.13,28260,12069,28265,15000,28245,11534,28240,5000
2020-06-03 09:38:45.310000,28282.22,28255,14620,28260,12449,28240,11534,28235,5000
2020-06-03 09:38:46.650000,28282.22,28250,12069,28255,15000,28235,11534,28230,15000
2020-06-03 09:38:48.480000,28282.22,28245,9620,28250,12449,28230,16534,28225,15000
2020-06-03 09:38:48.880000,28282.22,28250,12069,28255,15000,28235,11534,28230,5000
2020-06-03 09:38:49.680000,28282.22,28250,12069,28255,15000,28235,11534,28230,5000
2020-06-03 09:38:55.790000,28268.28,28250,12069,28255,15000,28235,11534,28230,5209
2020-06-03 09:38:56.090000,28268.28,28250,12069,28255,15000,28235,11534,28230,5209
2020-06-03 09:38:57.910000,28268.28,28250,12069,28255,15000,28235,11534,28230,5209
2020-06-03 09:38:58.910000,28268.28,28250,2449,28255,14620,28235,11534,28230,5209
2020-06-03 09:38:59.160000,28268.28,28250,2449,28255,14620,28240,11534,28230,15209
2020-06-03 09:38:59.960000,28268.28,28255,14620,28260,12449,28240,11534,28235,5000
2020-06-03 09:39:01.020000,28268.28,28250,2449,28255,14620,28235,11534,28230,15209
2020-06-03 09:39:01.520000,28268.28,28255,14620,28260,12449,28240,11534,28235,5000
2020-06-03 09:39:03.630000,28268.28,28250,12069,28255,15000,28235,11534,28230,5209
2020-06-03 09:39:04.660000,28267.5,28250,12069,28255,15000,28235,11534,28230,5209
2020-06-03 09:39:06.270000,28267.5,28250,12069,28255,15000,28235,11534,28230,5209
2020-06-03 09:39:06.580000,28267.5,28250,9620,28255,15000,28235,11534,28230,5209
2020-06-03 09:39:07.280000,28267.5,28250,2449,28255,24620,28240,11534,28230,5209
2020-06-03 09:39:08.390000,28267.5,28250,2449,28255,14620,28240,11534,28230,25209
2020-06-03 09:39:09.390000,28267.5,28250,12069,28255,15000,28235,11534,28230,15209
2020-06-03 09:39:10.490000,28267.5,28250,12069,28255,15000,28235,11534,28230,15209
2020-06-03 09:39:11.550000,28267.5,28250,12069,28255,15000,28235,11534,28230,5209
2020-06-03 09:39:15.700000,28287.03,28250,2449,28255,14620,28235,11534,28230,15209
2020-06-03 09:39:15.950000,28287.03,28250,12069,28255,15000,28235,11534,28230,15209
2020-06-03 09:39:17.800000,28287.03,28245,9620,28250,12449,28230,26743,28225,5000
2020-06-03 09:39:18.250000,28287.03,28250,12069,28255,15000,28230,16743,28225,5000
2020-06-03 09:39:19.330000,28287.03,28245,9620,28250,12449,28230,16743,28225,5000
2020-06-03 09:39:19.690000,28287.03,28245,9620,28250,12449,28230,16743,28225,5000
2020-06-03 09:39:20.310000,28287.03,28245,14620,28250,12449,28230,11743,28225,5000
2020-06-03 09:39:21.890000,28287.03,28240,12069,28245,15000,28230,209,28225,11534
2020-06-03 09:39:23.030000,28287.03,28245,14620,28250,12449,28230,11743,28225,5000
2020-06-03 09:39:23.450000,28275.62,28250,12069,28255,15000,28235,11534,28230,5209
2020-06-03 09:39:24.560000,28275.62,28250,12069,28255,15000,28235,11534,28230,5209
2020-06-03 09:39:24.950000,28275.62,28250,12069,28255,15000,28235,11534,28230,5209
2020-06-03 09:39:26.120000,28275.62,28245,14620,28250,12449,28230,11743,28225,15000
2020-06-03 09:39:26.510000,28275.62,28250,12069,28255,15000,28235,11534,28230,5209
2020-06-03 09:39:27.700000,28275.62,28245,14620,28250,12449,28230,11743,28225,5000
2020-06-03 09:39:27.950000,28275.62,28245,5000,28250,12069,28235,11534,28230,209
2020-06-03 09:39:29.290000,28275.62,28245,14620,28250,12449,28230,11743,28225,15000
2020-06-03 09:39:31.280000,28275.62,28245,5000,28250,12069,28235,11534,28230,209
2020-06-03 09:39:31.650000,28275.62,28245,125,28250,12069,28235,11534,28230,5209
2020-06-03 09:39:39.520000,28276.65,28245,14745,28250,12449,28230,11743,28225,5000
2020-06-03 09:39:41.660000,28276.65,28245,5125,28250,12069,28235,11534,28230,209
2020-06-03 09:39:42.910000,28276.65,28245,5125,28250,12069,28235,11534,28230,209
2020-06-03 09:39:43.150000,28276.65,28245,125,28250,12069,28230,16743,28225,5000
2020-06-03 09:39:44.010000,28288.88,28245,14745,28250,12449,28230,11743,28225,5000
2020-06-03 09:39:45.050000,28288.88,28245,14745,28250,12449,28230,11743,28225,5000
2020-06-03 09:39:46.160000,28288.88,28245,14745,28250,12449,28230,11743,28225,5000
2020-06-03 09:39:47.180000,28288.88,28245,14745,28250,12449,28230,11743,28225,5000
2020-06-03 09:39:48.320000,28288.88,28240,12069,28245,15125,28230,209,28225,11534
2020-06-03 09:39:49.520000,28288.88,28240,12069,28245,15125,28230,209,28225,11534
2020-06-03 09:39:51.880000,28288.88,28235,14620,28240,12449,28230,209,28220,11534
2020-06-03 09:39:52.270000,28288.88,28240,12069,28245,15125,28230,209,28225,11534
2020-06-03 09:39:53.470000,28260.62,28240,12069,28245,15125,28230,209,28225,11534
2020-06-03 09:39:53.910000,28260.62,28240,12069,28245,15125,28230,209,28220,16534
2020-06-03 09:39:55.050000,28260.62,28235,14620,28240,12449,28230,209,28220,11534
2020-06-03 09:39:55.550000,28260.62,28240,12069,28245,15125,28225,11534,28220,5000
2020-06-03 09:39:58.190000,28260.62,28245,14745,28250,12449,28230,11534,28225,5000
2020-06-03 09:39:58.490000,28260.62,28240,12069,28245,15125,28225,11534,28220,5000
2020-06-03 09:39:59.690000,28260.62,28245,14745,28250,12449,28230,11534,28225,5000
2020-06-03 09:39:59.990000,28260.62,28245,14745,28250,12449,28230,11484,28225,5000
2020-06-03 09:40:00.810000,28260.62,28245,14745,28250,12449,28230,11484,28225,5000
2020-06-03 09:40:01.860000,28260.62,28240,12069,28245,15125,28225,11484,28220,15000
2020-06-03 09:40:02.920000,28260.62,28245,14954,28250,12449,28230,11484,28225,5000
2020-06-03 09:40:03.560000,28256.67,28245,14954,28250,12449,28230,11484,28225,5000
2020-06-03 09:40:06.230000,28256.67,28245,14954,28250,12449,28230,11484,28225,5000
2020-06-03 09:40:08.160000,28256.67,28240,12069,28245,15334,28225,11484,28220,15000
2020-06-03 09:40:09.120000,28256.67,28240,12069,28245,15334,28225,11484,28220,5000
2020-06-03 09:40:10.340000,28256.67,28235,14620,28240,12449,28220,11484,28215,15000
2020-06-03 09:40:12.260000,28256.67,28235,14620,28240,12449,28220,11484,28215,5000
2020-06-03 09:40:13.750000,28266.99,28230,12069,28235,15000,28215,11484,28210,15000
2020-06-03 09:40:14.920000,28266.99,28235,14620,28240,12449,28220,11484,28215,5000
2020-06-03 09:40:17.360000,28266.99,28235,14620,28240,12449,28220,11483,28215,5000
2020-06-03 09:40:18.890000,28266.99,28240,12069,28245,15334,28225,11483,28220,5000
2020-06-03 09:40:20.090000,28266.99,28235,5000,28240,12069,28225,11483,28215,25000
2020-06-03 09:40:20.340000,28266.99,28240,12069,28245,15334,28225,11483,28220,5000
2020-06-03 09:40:21.180000,28266.99,28240,12068,28245,15334,28225,11483,28220,5000
2020-06-03 09:40:22.560000,28266.99,28235,14620,28240,12448,28220,11483,28215,5000
2020-06-03 09:40:26.900000,28254.91,28230,9620,28235,15000,28215,16483,28210,5000
2020-06-03 09:40:27.320000,28254.91,28230,12068,28235,15000,28215,11483,28210,5000
2020-06-03 09:40:30.010000,28254.91,28230,9620,28235,15000,28215,16483,28210,5000
2020-06-03 09:40:31.040000,28254.91,28235,14620,28240,12448,28220,11483,28215,5000
2020-06-03 09:40:32.650000,28254.91,28235,14620,28240,12448,28220,11483,28215,5000
2020-06-03 09:40:33.690000,28254.91,28235,14620,28240,12448,28220,11483,28215,5000
2020-06-03 09:40:34.120000,28267.2,28235,14620,28240,12448,28220,11483,28215,5000
2020-06-03 09:40:38.190000,28267.2,28235,14620,28240,13042,28220,11483,28215,5000
2020-06-03 09:40:41.470000,28267.2,28230,9620,28235,15000,28215,16483,28210,5000
2020-06-03 09:40:41.880000,28267.2,28235,14620,28240,13042,28220,11483,28215,5000
2020-06-03 09:40:44.610000,28254.73,28235,14620,28240,13042,28220,11483,28210,25000
2020-06-03 09:40:44.930000,28254.73,28235,14620,28240,13042,28220,11483,28215,5000
2020-06-03 09:40:49.890000,28254.73,28240,12662,28245,15334,28225,11483,28220,5000
2020-06-03 09:40:50.910000,28254.73,28240,12662,28245,15334,28225,11483,28220,5000
2020-06-03 09:40:52.970000,28254.63,28240,594,28245,14954,28230,11483,28225,5000
2020-06-03 09:40:55.050000,28254.63,28240,12662,28245,15334,28225,11483,28220,5000
2020-06-03 09:41:02.810000,28254.63,28240,12662,28245,15334,28225,11483,28220,15000
2020-06-03 09:41:03.190000,28254.63,28235,14620,28240,13042,28220,21483,28215,5000
2020-06-03 09:41:04.390000,28255.71,28230,2448,28235,14620,28220,11483,28215,5000
2020-06-03 09:41:05.430000,28255.71,28230,2448,28235,14620,28220,11483,28210,25000
2020-06-03 09:41:06.420000,28255.71,28230,12068,28235,15000,28215,11483,28210,15000
2020-06-03 09:41:07.480000,28255.71,28230,12068,28235,15000,28215,11483,28210,5000
2020-06-03 09:41:09.570000,28255.71,28225,14620,28230,12448,28210,11483,28205,5000
2020-06-03 09:41:10.620000,28255.71,28230,12068,28235,15000,28215,11483,28210,5000
2020-06-03 09:41:12.710000,28255.71,28230,12068,28235,15000,28215,11483,28210,5000
2020-06-03 09:41:14.810000,28256.59,28235,14620,28240,13042,28220,11483,28215,5000
2020-06-03 09:41:15.840000,28256.59,28235,14620,28240,13042,28220,11483,28215,5000
2020-06-03 09:41:18.980000,28256.59,28240,12662,28245,15334,28225,11483,28220,5000
2020-06-03 09:41:19.290000,28256.59,28240,12662,28245,15334,28225,11483,28220,5000
2020-06-03 09:41:21.090000,28256.59,28240,12662,28245,15334,28225,11483,28220,5000
2020-06-03 09:41:21.520000,28256.59,28235,14620,28240,13042,28220,11483,28215,15000
2020-06-03 09:41:22.680000,28256.59,28235,14620,28240,13042,28220,11483,28215,15000
2020-06-03 09:41:23.020000,28261.18,28235,14745,28240,13042,28220,11483,28215,5000
2020-06-03 09:41:24.430000,28261.18,28230,12068,28235,15125,28215,11483,28210,15000
2020-06-03 09:41:25.820000,28261.18,28230,12068,28235,15125,28215,11483,28210,5000
2020-06-03 09:41:27.930000,28261.18,28235,14745,28240,13042,28220,11483,28215,5000
2020-06-03 09:41:29.010000,28261.18,28235,14745,28240,13042,28220,11483,28215,5000
2020-06-03 09:41:29.350000,28261.18,28235,125,28240,12662,28225,11483,28220,5000
2020-06-03 09:41:31.610000,28261.18,28235,125,28240,12662,28225,11483,28220,5000
2020-06-03 09:41:33.740000,28255.26,28235,14745,28240,13042,28220,11483,28215,15000
2020-06-03 09:41:34.250000,28255.26,28235,125,28240,12662,28225,11483,28220,5000
2020-06-03 09:41:36.890000,28255.26,28235,14745,28240,13042,28220,11483,28215,5000
2020-06-03 09:41:39.390000,28255.26,28235,14995,28240,13042,28220,11483,28215,5000
2020-06-03 09:41:45.310000,28252.09,28230,12068,28235,15375,28215,11483,28210,5000
2020-06-03 09:41:45.750000,28252.09,28230,2448,28235,14995,28220,11483,28210,15000
2020-06-03 09:41:47.190000,28252.09,28230,2448,28235,14995,28220,11483,28210,25000
2020-06-03 09:41:47.950000,28252.09,28230,2448,28235,24995,28215,11483,28210,15000
2020-06-03 09:41:48.980000,28252.09,28230,2448,28235,14995,28220,11483,28210,25000
2020-06-03 09:41:50.030000,28252.09,28230,12068,28235,15375,28215,11483,28210,5000
2020-06-03 09:41:50.550000,28252.09,28230,2448,28235,14995,28220,11483,28210,15000
2020-06-03 09:41:51.640000,28252.09,28230,12068,28235,15375,28215,11483,28210,5000
2020-06-03 09:42:00.820000,28268.02,28225,14620,28230,12448,28210,11483,28205,5000
2020-06-03 09:42:01.650000,28268.02,28220,12068,28225,15000,28205,11483,28200,15000
2020-06-03 09:42:02.670000,28268.02,28220,12068,28225,15000,28205,11483,28200,15000
2020-06-03 09:42:03.710000,28268.02,28215,5000,28220,12068,28205,11483,28200,10000
2020-06-03 09:42:04.180000,28252.19,28220,12068,28225,15000,28205,11483,28200,5000
2020-06-03 09:42:05.280000,28252.19,28215,14620,28220,12448,28200,11483,28195,15000
2020-06-03 09:42:06.680000,28252.19,28215,14620,28220,12448,28200,11483,28195,5000
2020-06-03 09:42:08.020000,28252.19,28215,14620,28220,12448,28200,11483,28195,5000
2020-06-03 09:42:08.960000,28252.19,28220,12068,28225,15000,28205,11483,28200,5000
2020-06-03 09:42:09.490000,28252.19,28220,12068,28225,15000,28205,11483,28200,5000
2020-06-03 09:42:11.050000,28252.19,28220,12068,28225,15000,28205,11483,28200,5000
2020-06-03 09:42:14.740000,28245.56,28220,12068,28225,15000,28205,11483,28200,5000
2020-06-03 09:42:15.120000,28245.56,28225,5000,28230,22068,28210,11483,28205,5000
2020-06-03 09:42:16.330000,28245.56,28225,14620,28230,12448,28210,11483,28205,5000
2020-06-03 09:42:16.720000,28245.56,28225,14620,28230,12448,28210,11483,28205,5000
2020-06-03 09:42:17.880000,28245.56,28225,14620,28230,12448,28210,11483,28205,5000
2020-06-03 09:42:18.220000,28245.56,28230,2448,28235,14995,28220,11483,28210,15000
2020-06-03 09:42:19.430000,28245.56,28230,12068,28235,15375,28215,11483,28210,5000
2020-06-03 09:42:19.680000,28245.56,28230,12068,28235,15375,28215,11483,28210,5000
2020-06-03 09:42:28.880000,28248.89,28230,9620,28235,15375,28215,16483,28210,5000
2020-06-03 09:42:29.920000,28248.89,28230,12068,28235,15375,28215,11483,28210,5000
2020-06-03 09:42:32.020000,28248.89,28230,12068,28235,15375,28215,11483,28210,5000
2020-06-03 09:42:34.160000,28253.11,28230,12068,28235,15375,28215,11483,28210,5000
2020-06-03 09:42:34.620000,28253.11,28230,12068,28235,15375,28215,11483,28210,5000
2020-06-03 09:42:37.340000,28253.11,28230,12068,28235,15375,28215,11483,28210,5000
2020-06-03 09:42:38.420000,28253.11,28230,12068,28235,15375,28210,16483,28205,15000
2020-06-03 09:42:38.670000,28253.11,28225,14620,28230,12448,28210,11483,28205,15000
2020-06-03 09:42:40.500000,28253.11,28225,14620,28230,12448,28210,11483,28205,5000
2020-06-03 09:42:44.760000,28264.55,28225,14620,28230,12448,28210,11483,28205,5000
2020-06-03 09:42:45.810000,28264.55,28225,14620,28230,12448,28210,11483,28205,5000
2020-06-03 09:42:46.900000,28264.55,28230,12068,28235,15375,28215,11483,28210,5000
2020-06-03 09:42:47.930000,28264.55,28230,12068,28235,15375,28215,11483,28210,5000
2020-06-03 09:42:53.710000,28255.53,28225,14620,28230,12448,28210,11483,28205,5000
2020-06-03 09:42:56.320000,28255.53,28225,14620,28230,12448,28210,11483,28205,5000
2020-06-03 09:42:58.960000,28255.53,28230,12068,28235,15375,28215,11483,28210,5000
2020-06-03 09:42:59.410000,28255.53,28230,12068,28235,15375,28215,11483,28210,5000
2020-06-03 09:43:00.520000,28255.53,28230,2448,28235,14995,28220,11483,28210,15000
2020-06-03 09:43:01.680000,28255.53,28230,12068,28235,15375,28215,11483,28210,5000
2020-06-03 09:43:02.570000,28255.53,28230,12068,28235,15375,28215,11483,28210,5000
2020-06-03 09:43:04.680000,28247.97,28225,14620,28230,12448,28210,11483,28205,5000
2020-06-03 09:43:06.800000,28247.97,28225,14620,28230,12448,28210,11483,28205,5000
2020-06-03 09:43:07.850000,28247.97,28220,12068,28225,15000,28205,11483,28200,15000
2020-06-03 09:43:08.350000,28247.97,28215,14620,28220,12448,28200,21483,28195,5000
2020-06-03 09:43:09.440000,28247.97,28220,12068,28225,15000,28205,11483,28200,15000
2020-06-03 09:43:09.940000,28247.97,28220,12068,28225,15000,28205,11483,28200,5000
2020-06-03 09:43:12.020000,28247.97,28215,14620,28220,12448,28200,11483,28195,15000
2020-06-03 09:43:13.020000,28247.97,28215,14620,28220,12448,28200,11483,28195,5000
2020-06-03 09:43:14.610000,28266.88,28220,12068,28225,15000,28205,11483,28200,5000
2020-06-03 09:43:14.920000,28266.88,28220,12068,28225,15000,28205,11483,28200,5000
2020-06-03 09:43:15.640000,28266.88,28220,12193,28225,15000,28205,11483,28200,5000
2020-06-03 09:43:16.720000,28266.88,28220,125,28225,14620,28210,11483,28205,5000
2020-06-03 09:43:17.080000,28266.88,28220,12193,28225,15000,28205,11483,28200,5000
2020-06-03 09:43:18.270000,28266.88,28220,125,28225,14620,28210,11483,28205,5000
2020-06-03 09:43:20.380000,28266.88,28220,125,28225,14620,28210,11483,28205,5000
2020-06-03 09:43:20.690000,28266.88,28230,12068,28235,15375,28215,11483,28210,5000
2020-06-03 09:43:22.790000,28266.88,28230,12068,28235,15375,28215,11483,28210,5000
2020-06-03 09:43:23.670000,28261.4,28235,14995,28240,14228,28220,11483,28215,5000
2020-06-03 09:43:25.630000,28261.4,28235,14995,28240,14228,28220,11483,28215,5000
2020-06-03 09:43:25.870000,28261.4,28235,14995,28240,14228,28220,11483,28215,5000
2020-06-03 09:43:26.760000,28261.4,28230,12068,28235,15375,28215,11483,28210,15000
2020-06-03 09:43:28.310000,28261.4,28225,14620,28230,12448,28210,11483,28205,15000
2020-06-03 09:43:28.540000,28261.4,28225,14620,28230,12448,28210,11483,28205,15000
2020-06-03 09:43:29.400000,28261.4,28230,12068,28235,15375,28215,11483,28210,5000
2020-06-03 09:43:36.720000,28284.37,28230,12068,28235,15375,28215,11483,28210,5000
2020-06-03 09:43:36.970000,28284.37,28235,14995,28240,14228,28220,11483,28215,5000
2020-06-03 09:43:39.330000,28284.37,28235,14995,28240,14228,28220,11483,28215,5000
2020-06-03 09:43:43.490000,28284.37,28235,375,28240,13848,28225,11483,28220,5000
2020-06-03 09:43:43.750000,28262.68,28240,1780,28245,14954,28225,16483,28220,15000
2020-06-03 09:43:44.660000,28262.68,28240,13848,28245,15334,28225,11483,28220,5000
2020-06-03 09:43:45.640000,28262.68,28240,13848,28245,15334,28220,16483,28215,25000
2020-06-03 09:43:46.220000,28262.68,28240,13848,28245,15334,28225,11483,28220,5000
2020-06-03 09:43:47.390000,28262.68,28235,14620,28240,14228,28220,11483,28215,15000
2020-06-03 09:43:48.190000,28262.68,28240,13848,28245,15334,28225,11483,28220,5000
2020-06-03 09:43:52.390000,28262.68,28240,13848,28245,15334,28225,11483,28220,5000
2020-06-03 09:43:54.500000,28274.68,28240,13848,28245,15334,28225,11483,28220,5000
2020-06-03 09:43:54.920000,28274.68,28240,11400,28245,15334,28225,16483,28220,5000
2020-06-03 09:43:56.110000,28274.68,28240,1780,28245,14954,28230,11483,28225,5000
2020-06-03 09:43:57.090000,28274.68,28240,13848,28245,15334,28225,11483,28220,15000
2020-06-03 09:43:57.420000,28274.68,28240,1780,28245,14954,28230,11483,28225,5000
2020-06-03 09:43:58.220000,28274.68,28240,1780,28245,14954,28230,11483,28225,5000
2020-06-03 09:44:03.150000,28274.68,28240,13848,28245,15334,28225,11483,28220,5000
2020-06-03 09:44:04.420000,28290.34,28240,13848,28245,15334,28225,11483,28220,5000
2020-06-03 09:44:05.530000,28290.34,28240,1780,28245,14954,28230,11483,28225,5000
2020-06-03 09:44:05.760000,28290.34,28240,13848,28245,15334,28225,11483,28220,5000
2020-06-03 09:44:07.620000,28290.34,28240,1780,28245,14954,28230,11483,28225,5000
2020-06-03 09:44:08.680000,28290.34,28240,1780,28245,14954,28230,11483,28225,5000
2020-06-03 09:44:10.040000,28290.34,28240,1780,28245,14954,28230,11483,28225,5000
2020-06-03 09:44:10.910000,28290.34,28240,1780,28245,334,28235,11483,28230,5000
2020-06-03 09:44:12.880000,28290.34,28240,1780,28245,14954,28230,11483,28225,5000
2020-06-03 09:44:13.970000,28272.43,28235,594,28240,1780,28230,11483,28225,5000
2020-06-03 09:44:14.440000,28272.43,28240,1780,28245,14954,28230,13783,28225,5000
2020-06-03 09:44:15.550000,28272.43,28240,1780,28245,334,28235,11483,28230,7300
2020-06-03 09:44:15.750000,28272.43,28245,334,28250,12068,28235,11483,28230,7300
2020-06-03 09:44:16.600000,28272.43,28245,334,28250,12068,28235,16483,28230,7300
2020-06-03 09:44:17.690000,28272.43,28245,14954,28250,12448,28230,13783,28225,15000
2020-06-03 09:44:18.690000,28272.43,28245,334,28250,12068,28235,11483,28230,9200
2020-06-03 09:44:19.070000,28272.43,28245,14954,28250,12448,28230,15683,28225,5000
2020-06-03 09:44:21.750000,28272.43,28245,14954,28250,12448,28230,15683,28225,5000
2020-06-03 09:44:23.250000,28272.43,28245,5334,28250,12068,28235,11483,28230,4200
2020-06-03 09:44:24.440000,28276.41,28245,14954,28250,12448,28230,15683,28225,5000
2020-06-03 09:44:24.750000,28276.41,28245,334,28250,12068,28235,11483,28230,9200
2020-06-03 09:44:27.060000,28276.41,28245,334,28250,12068,28235,11483,28230,9200
2020-06-03 09:44:28.950000,28276.41,28245,334,28250,12068,28240,2500,28235,11483
2020-06-03 09:44:31.810000,28276.41,28245,334,28250,12068,28240,2500,28235,11483
2020-06-03 09:44:33.890000,28260.78,28245,14954,28250,12448,28240,2500,28230,15683
2020-06-03 09:44:34.900000,28260.78,28245,14954,28250,12448,28230,15683,28225,5000
2020-06-03 09:44:35.250000,28260.78,28245,334,28250,12068,28235,11483,28230,9200
2020-06-03 09:44:36.980000,28260.78,28245,334,28250,12068,28235,11483,28230,9200
2020-06-03 09:44:42.920000,28260.78,28245,334,28250,12068,28235,11483,28230,9200
2020-06-03 09:44:43.790000,28260.78,28245,334,28255,14620,28240,11483,28235,5000
2020-06-03 09:44:44.810000,28254.42,28245,334,28250,2448,28240,11483,28230,19200
2020-06-03 09:44:45.870000,28254.42,28245,334,28255,14620,28240,11483,28235,5000
2020-06-03 09:44:47.460000,28254.42,28245,334,28250,12068,28235,11483,28230,19200
2020-06-03 09:44:47.950000,28254.42,28245,334,28250,12068,28235,11483,28230,9200
2020-06-03 09:44:49.040000,28254.42,28245,334,28255,14620,28240,11483,28235,5000
2020-06-03 09:44:50.590000,28254.42,28260,12068,28265,15607,28245,11483,28240,6300
2020-06-03 09:44:52.680000,28254.42,28260,12068,28265,15607,28245,11483,28240,6300
2020-06-03 09:44:57.400000,28267.74,28260,2448,28265,15227,28250,11483,28240,16300
2020-06-03 09:44:58.440000,28267.74,28265,15227,28270,12448,28250,11483,28245,5000
2020-06-03 09:44:58.740000,28267.74,28265,607,28270,12068,28255,11483,28250,5000
2020-06-03 09:44:59.720000,28267.74,28265,607,28270,12068,28255,11483,28250,15000
2020-06-03 09:45:03.230000,28267.74,28265,607,28270,12068,28255,11483,28250,5000
2020-06-03 09:45:08.510000,28291.62,28265,732,28275,14620,28260,11483,28255,5000
2020-06-03 09:45:09.570000,28291.62,28275,14620,28280,12448,28260,14283,28255,5000
2020-06-03 09:45:11.150000,28291.62,28275,14620,28280,12448,28260,14283,28255,5000
2020-06-03 09:45:15.420000,28288.6,28275,5000,28280,12068,28260,14283,28255,5000
2020-06-03 09:45:15.820000,28288.6,28275,14620,28280,12448,28260,14283,28255,5000
2020-06-03 09:45:18.060000,28288.6,28275,5000,28280,12068,28265,11483,28260,2800
2020-06-03 09:45:19.120000,28288.6,28280,12068,28285,15000,28265,11483,28260,7800
2020-06-03 09:45:23.850000,28308.87,28280,12068,28285,15000,28265,11483,28260,7800
2020-06-03 09:45:25.460000,28308.87,28280,250,28285,14620,28270,11483,28265,5000
2020-06-03 09:45:26.520000,28308.87,28280,250,28285,14620,28270,10890,28265,5000
2020-06-03 09:45:27.580000,28308.87,28280,250,28285,14620,28270,10890,28265,5000
2020-06-03 09:45:28.650000,28308.87,28280,250,28285,5000,28275,10890,28265,15000
2020-06-03 09:45:29.160000,28308.87,28280,250,28290,12068,28275,10890,28270,5000
2020-06-03 09:45:30.220000,28308.87,28280,10,28290,12068,28275,10890,28270,5000
2020-06-03 09:45:30.740000,28308.87,28280,10,28285,9620,28270,15890,28265,15000
2020-06-03 09:45:31.790000,28308.87,28280,10,28290,12068,28275,10890,28270,5000
2020-06-03 09:45:32.860000,28308.87,28290,12068,28295,15000,28275,10990,28270,5000
2020-06-03 09:45:33.880000,28308.87,28285,5000,28290,12068,28275,10990,28265,15000
2020-06-03 09:45:34.350000,28313.22,28290,12068,28295,15000,28275,10990,28270,5000
2020-06-03 09:45:36.530000,28313.22,28290,9620,28295,15000,28275,15990,28270,5000
2020-06-03 09:45:37.600000,28313.22,28290,2448,28295,14620,28280,10890,28275,5100
2020-06-03 09:45:38.640000,28313.22,28295,14620,28300,13241,28280,10890,28275,5100
2020-06-03 09:45:39.700000,28313.22,28295,14620,28300,13241,28280,10890,28275,5100
2020-06-03 09:45:44.450000,28314.68,28300,12861,28305,15000,28285,10890,28280,5000
2020-06-03 09:45:44.920000,28314.68,28300,12861,28305,15000,28285,10890,28280,5000
2020-06-03 09:45:46.050000,28314.68,28300,12861,28305,15000,28285,10890,28280,5000
2020-06-03 09:45:50.150000,28314.68,28300,10413,28305,15000,28285,15890,28280,5000
2020-06-03 09:45:51.330000,28314.68,28300,10413,28305,15000,28285,15890,28280,5000
2020-06-03 09:45:51.780000,28314.68,28300,12861,28305,15000,28285,10890,28280,5000
2020-06-03 09:45:55.010000,28340.86,28300,3241,28305,14620,28290,10890,28280,15000
2020-06-03 09:45:55.420000,28340.86,28300,793,28305,14620,28290,10890,28285,5000
2020-06-03 09:45:58.120000,28340.86,28300,793,28305,14620,28290,10890,28285,5000
2020-06-03 09:45:58.350000,28340.86,28300,10413,28305,15000,28285,15890,28280,15000
2020-06-03 09:45:59.150000,28340.86,28300,12861,28305,15000,28285,10890,28280,15000
2020-06-03 09:46:00.210000,28340.86,28300,793,28305,14620,28290,10890,28285,5000
2020-06-03 09:46:02.870000,28340.86,28300,793,28305,14620,28290,10890,28285,5000
2020-06-03 09:46:05.450000,28343.52,28300,12861,28305,15000,28285,10890,28280,5000
2020-06-03 09:46:06.490000,28343.52,28300,10413,28305,15000,28285,15890,28280,5000
2020-06-03 09:46:06.660000,28343.52,28300,793,28305,24620,28290,10890,28285,5000
2020-06-03 09:46:07.520000,28343.52,28300,793,28305,14620,28290,10890,28285,5000
2020-06-03 09:46:08.520000,28343.52,28300,793,28305,14620,28290,10890,28285,5000
2020-06-03 09:46:09.590000,28343.52,28300,12961,28305,15000,28285,10890,28280,15000
2020-06-03 09:46:11.150000,28343.52,28300,10513,28305,15000,28285,15890,28280,5000
2020-06-03 09:46:11.550000,28343.52,28300,12961,28305,15000,28285,10890,28280,5000
2020-06-03 09:46:12.690000,28343.52,28300,10513,28305,15000,28285,15890,28280,5000
2020-06-03 09:46:13.120000,28343.52,28300,893,28305,14620,28290,10890,28285,5000
2020-06-03 09:46:15.800000,28344.62,28300,12961,28305,15000,28285,10890,28280,15000
2020-06-03 09:46:16.240000,28344.62,28300,12961,28305,15000,28285,10890,28280,5000
2020-06-03 09:46:19.460000,28344.62,28300,12961,28305,15000,28285,10890,28280,5000
2020-06-03 09:46:26.410000,28345.87,28300,12961,28305,15000,28280,15890,28275,5100
2020-06-03 09:46:27.280000,28345.87,28300,12961,28305,15000,28285,10890,28280,5000
2020-06-03 09:46:28.310000,28345.87,28295,9620,28300,13341,28280,15890,28275,5100
2020-06-03 09:46:28.550000,28345.87,28295,14620,28300,13341,28280,10890,28275,5100
2020-06-03 09:46:33.450000,28346.86,28295,14620,28300,13341,28280,10890,28275,5100
2020-06-03 09:46:34.560000,28346.86,28290,9620,28295,15000,28275,15990,28270,5000
2020-06-03 09:46:35.050000,28346.86,28290,12068,28295,15000,28275,10990,28270,5000
2020-06-03 09:46:36.150000,28346.86,28295,14620,28300,13341,28280,10890,28275,5100
2020-06-03 09:46:37.720000,28346.86,28295,14620,28300,13341,28280,10297,28275,5100
2020-06-03 09:46:38.750000,28346.86,28300,12961,28305,15000,28285,10297,28280,5000
2020-06-03 09:46:39.790000,28346.86,28300,22961,28305,15000,28280,15297,28275,5100
2020-06-03 09:46:40.180000,28346.86,28295,14620,28300,13341,28280,10297,28275,5100
2020-06-03 09:46:45.000000,28329.31,28290,2448,28295,14620,28280,10297,28275,100
2020-06-03 09:46:45.280000,28329.31,28290,12068,28295,15000,28275,10397,28270,5000
2020-06-03 09:46:46.950000,28329.31,28290,12068,28295,15000,28275,10397,28270,15000
2020-06-03 09:46:48.150000,28329.31,28290,12068,28295,15000,28275,10397,28270,15000
2020-06-03 09:46:50.040000,28329.31,28290,12068,28295,15000,28275,10397,28270,5000
2020-06-03 09:46:50.840000,28329.31,28290,2448,28295,14620,28280,10297,28275,100
2020-06-03 09:46:51.880000,28329.31,28290,2448,28295,14620,28280,10297,28275,100
2020-06-03 09:46:52.210000,28329.31,28290,2448,28295,14620,28280,10297,28275,100
2020-06-03 09:46:52.850000,28338.37,28290,2448,28295,14620,28280,10297,28275,100
2020-06-03 09:46:53.450000,28338.37,28295,14620,28300,13341,28280,10297,28275,5100
2020-06-03 09:46:54.490000,28338.37,28300,12961,28305,15000,28285,10297,28280,5000
2020-06-03 09:46:54.850000,28338.37,28295,14620,28300,13341,28280,10297,28275,5100
2020-06-03 09:46:55.660000,28338.37,28295,14620,28300,13341,28280,10297,28275,5100
2020-06-03 09:46:56.600000,28338.37,28290,12068,28295,15000,28275,10397,28270,5000
2020-06-03 09:46:57.150000,28338.37,28285,14620,28290,12448,28270,10297,28265,15000
2020-06-03 09:46:58.230000,28338.37,28285,14620,28290,12448,28270,10297,28265,5000
2020-06-03 09:47:00.520000,28338.37,28285,14620,28290,12448,28270,10297,28265,5000
2020-06-03 09:47:01.380000,28338.37,28285,125,28290,12068,28275,10297,28270,5000
2020-06-03 09:47:02.440000,28338.37,28285,5125,28290,12068,28275,10297,28265,15000
2020-06-03 09:47:02.880000,28338.37,28285,125,28290,12068,28275,10297,28270,5000
2020-06-03 09:47:04.410000,28338.09,28285,125,28290,12068,28275,10297,28270,5000
2020-06-03 09:47:05.600000,28338.09,28285,125,28290,12068,28275,10297,28270,5000
2020-06-03 09:47:06.680000,28338.09,28285,5125,28290,12068,28275,10297,28265,15000
2020-06-03 09:47:07.740000,28338.09,28285,125,28290,12068,28275,10297,28270,5000
2020-06-03 09:47:09.280000,28338.09,28285,125,28290,12068,28275,10297,28270,5000
2020-06-03 09:47:10.830000,28338.09,28285,125,28295,14620,28280,10297,28275,5000
2020-06-03 09:47:11.380000,28338.09,28290,12068,28295,15000,28275,10297,28270,5000
2020-06-03 09:47:12.440000,28338.09,28290,12068,28295,15000,28275,10297,28270,5000
2020-06-03 09:47:15.100000,28349.45,28285,5000,28290,12068,28275,10297,28265,15000
2020-06-03 09:47:16.110000,28349.45,28290,12068,28295,15000,28275,10297,28270,5000
2020-06-03 09:47:16.360000,28349.45,28290,12068,28295,15000,28275,10297,28270,5000
2020-06-03 09:47:17.190000,28349.45,28290,12068,28295,15000,28275,10297,28270,5000
2020-06-03 09:47:17.640000,28349.45,28290,12067,28295,15000,28275,10297,28270,5000
2020-06-03 09:47:26.120000,28346.58,28290,12047,28295,15000,28275,10297,28270,5000
2020-06-03 09:47:28.720000,28346.58,28295,14620,28300,13320,28275,15297,28270,5000
2020-06-03 09:47:29.810000,28346.58,28295,14620,28300,13320,28280,10297,28275,5000
2020-06-03 09:47:30.150000,28346.58,28290,12047,28295,15000,28275,10297,28270,5000
2020-06-03 09:47:31.400000,28346.58,28295,14620,28300,13320,28280,10297,28275,5000
2020-06-03 09:47:31.750000,28346.58,28295,14620,28300,13320,28280,10297,28275,5000
2020-06-03 09:47:33.540000,28346.58,28290,12047,28295,15000,28275,10297,28270,15000
2020-06-03 09:47:33.790000,28343.37,28290,12047,28295,15000,28275,10297,28270,5000
2020-06-03 09:47:34.600000,28343.37,28290,12047,28295,15000,28275,10297,28270,5000
2020-06-03 09:47:35.670000,28343.37,28295,14620,28300,13320,28280,10297,28275,5000
