time,nav,sell1,sell1_cnt,sell2,sell2_cnt,buy1,buy1_cnt,buy2,buy2_cnt
2020-06-11 09:36:10.75,0.0,29050,10052,29055,9999,29030,19721,29025,9999
2020-06-11 09:36:12.05,0.0,29060,10052,29065,9999,29040,9974,29035,19746
2020-06-11 09:36:12.85,0.0,29060,10052,29065,9999,29040,19721,29035,9999
2020-06-11 09:36:13.69,29114.02,29060,10052,29065,9999,29040,19721,29035,9999
2020-06-11 09:36:14.52,29114.02,29060,10052,29065,9999,29040,19721,29035,9999
2020-06-11 09:36:15.39,29114.02,29065,20051,29070,9997,29045,9747,29040,9974
2020-06-11 09:36:16.19,29114.02,29060,10052,29065,9999,29040,19721,29035,9999
2020-06-11 09:36:17.60,29114.02,29060,10052,29065,9999,29040,19721,29035,9999
2020-06-11 09:36:20.69,29114.02,29065,10052,29070,9997,29045,9999,29040,19721
2020-06-11 09:36:21.46,29114.02,29060,10052,29065,9999,29040,19721,29035,9999
2020-06-11 09:36:25.93,29114.02,29060,10052,29065,9999,29040,19721,29035,9999
2020-06-11 09:36:29.22,29114.02,29055,10052,29060,9997,29035,19746,29030,9974
2020-06-11 09:36:30.05,29114.02,29050,10052,29055,9999,29030,19721,29025,9999
2020-06-11 09:36:52.36,29111.36,29060,10052,29065,9999,29040,19721,29035,9999
2020-06-11 09:36:53.33,29106.83,29060,10052,29065,9999,29040,19721,29035,9999
2020-06-11 09:36:54.30,29106.83,29055,10052,29060,9997,29035,19746,29030,9974
2020-06-11 09:36:55.97,29106.83,29060,10052,29065,9999,29040,19721,29035,9999
2020-06-11 09:36:57.52,29106.83,29060,10052,29065,9999,29040,9974,29035,19746
2020-06-11 09:36:58.27,29106.83,29060,10052,29065,9999,29040,19721,29035,9999
2020-06-11 09:36:59.00,29106.83,29055,10052,29060,9997,29035,19746,29030,9974
2020-06-11 09:36:59.66,29106.83,29060,10052,29065,9999,29040,19721,29035,9999
2020-06-11 09:37:02.60,29106.83,29060,10052,29065,9999,29040,19721,29035,9999
2020-06-11 09:37:04.32,29107.6,29050,10052,29060,9997,29035,9999,29030,19721
2020-06-11 09:37:05.21,29107.6,29050,10052,29055,9999,29030,19721,29025,9999
2020-06-11 09:37:08.04,29107.6,29050,10052,29055,9999,29030,9974,29025,19746
2020-06-11 09:37:08.80,29107.6,29050,10052,29055,9999,29030,19721,29025,9999
2020-06-11 09:37:11.19,29107.6,29045,10052,29050,9997,29025,19746,29020,9974
2020-06-11 09:37:32.47,0.0,29045,10052,29050,9997,29025,19746,29020,9974
2020-06-11 09:37:33.21,29118.82,29045,10052,29050,9997,29025,19746,29020,9974
2020-06-11 09:37:34.97,29118.82,29050,10052,29055,9999,29030,9974,29025,19746
2020-06-11 09:37:35.68,29118.82,29050,10052,29055,9999,29030,19721,29025,9999
2020-06-11 09:37:44.57,29097.39,29055,10052,29060,9997,29035,19746,29030,9974
2020-06-11 09:37:48.05,29097.39,29050,10052,29055,9999,29030,19721,29025,9999
2020-06-11 09:37:50.21,29097.39,29055,10052,29060,9997,29035,19746,29030,9974
2020-06-11 09:37:51.86,29097.39,29060,20049,29065,9999,29040,9747,29035,9999
2020-06-11 09:37:52.82,29097.39,29060,10052,29065,9999,29040,19721,29035,9999
2020-06-11 09:37:53.74,29099.98,29060,20049,29065,9999,29040,9747,29035,9999
2020-06-11 09:37:54.54,29099.98,29060,10052,29065,9999,29040,19721,29035,9999
2020-06-11 09:37:59.68,29099.98,29065,10052,29070,9997,29045,19746,29040,9974
2020-06-11 09:38:00.74,29099.98,29065,20051,29070,9997,29045,9747,29040,9974
2020-06-11 09:38:01.82,29099.98,29065,20051,29070,9997,29045,9747,29040,9974
2020-06-11 09:38:02.82,29099.98,29060,10052,29065,9999,29040,19721,29035,9999
2020-06-11 09:38:03.41,29085.45,29060,10052,29065,9999,29040,19721,29035,9999
2020-06-11 09:38:04.13,29085.45,29055,10052,29060,9997,29035,19746,29030,9974
2020-06-11 09:38:04.99,29085.45,29050,10052,29060,9997,29035,9999,29030,19721
2020-06-11 09:38:06.47,29085.45,29050,10052,29060,9997,29035,9999,29030,19721
2020-06-11 09:38:07.30,29085.45,29055,10052,29060,9997,29035,19746,29030,9974
2020-06-11 09:38:11.30,29085.45,29055,10052,29065,9999,29040,9974,29035,19746
2020-06-11 09:38:11.80,29085.45,29060,10052,29065,9999,29040,19700,29035,9999
2020-06-11 09:38:15.71,29116.28,29055,306,29060,10052,29040,19700,29035,9999
2020-06-11 09:38:17.18,29116.28,29055,306,29060,10052,29040,19700,29035,9999
2020-06-11 09:38:19.97,29116.28,29055,306,29060,10052,29040,19700,29035,9999
2020-06-11 09:38:20.61,29116.28,29055,306,29060,10052,29040,19700,29035,9999
2020-06-11 09:38:25.21,29116.61,29055,306,29060,10052,29040,19700,29035,9999
2020-06-11 09:38:26.55,29116.61,29055,10358,29060,9997,29035,19746,29030,9953
2020-06-11 09:38:27.32,29116.61,29055,306,29060,10052,29040,19700,29035,9999
2020-06-11 09:38:28.13,29116.61,29055,306,29060,10052,29040,9953,29035,19746
2020-06-11 09:38:28.74,29116.61,29055,10358,29060,9997,29035,19746,29030,9953
2020-06-11 09:38:29.47,29116.61,29050,10052,29055,306,29035,9999,29030,19700
2020-06-11 09:38:30.11,29116.61,29050,10358,29060,9997,29035,9987,29030,19700
2020-06-11 09:38:30.91,29116.61,29050,10358,29055,9999,29030,19700,29025,9987
2020-06-11 09:38:31.68,29116.61,29050,306,29055,10052,29035,19734,29030,9953
2020-06-11 09:38:32.79,29116.61,29050,306,29055,10052,29035,19734,29030,9953
2020-06-11 09:38:37.27,29105.48,29050,306,29055,10052,29035,9987,29030,19700
2020-06-11 09:38:37.88,29105.48,29050,10358,29055,9999,29030,19700,29025,9987
2020-06-11 09:38:39.98,29105.48,29050,306,29055,10052,29035,19734,29030,9953
2020-06-11 09:38:41.61,29105.48,29050,10358,29055,9999,29030,19700,29025,9987
2020-06-11 09:38:43.50,29105.48,29050,306,29055,10052,29035,19734,29030,9953
2020-06-11 09:38:43.77,29105.48,29050,10358,29055,9999,29030,19700,29025,9987
2020-06-11 09:38:49.63,29114.99,29045,10052,29050,10303,29025,19734,29020,9953
2020-06-11 09:38:50.32,29114.99,29045,10358,29050,9997,29025,19734,29020,9953
2020-06-11 09:38:52.49,29114.99,29045,10358,29050,9997,29025,19734,29020,9953
2020-06-11 09:38:53.30,29114.99,29045,10358,29050,9997,29025,19734,29020,9953
2020-06-11 09:38:55.00,29106.46,29045,306,29050,10052,29030,19700,29025,9987
2020-06-11 09:38:59.21,29106.46,29045,10358,29050,9997,29025,19734,29020,9953
2020-06-11 09:39:01.89,29106.46,29045,306,29050,10052,29030,19700,29025,9987
2020-06-11 09:39:02.49,29106.46,29045,10358,29050,9997,29025,19734,29020,9953
2020-06-11 09:39:04.43,29109.49,29045,10358,29050,9997,29025,19734,29020,9953
2020-06-11 09:39:06.16,29109.49,29040,10052,29045,10305,29020,19700,29015,9987
2020-06-11 09:39:06.74,29109.49,29040,10358,29045,9999,29020,19700,29015,9987
2020-06-11 09:39:10.43,29109.49,29040,306,29045,10052,29025,19734,29020,9953
2020-06-11 09:39:11.08,29109.49,29040,10358,29050,9997,29025,9987,29020,19700
2020-06-11 09:39:11.86,29109.49,29040,10358,29045,9999,29020,19700,29015,9987
2020-06-11 09:39:15.74,29116.56,29040,10358,29045,9999,29020,19700,29015,9987
2020-06-11 09:39:16.41,29116.56,29040,10358,29045,9999,29020,19700,29015,9987
2020-06-11 09:39:17.57,29116.56,29035,10052,29040,10303,29015,19734,29010,9953
2020-06-11 09:39:18.21,29116.56,29035,10358,29045,9999,29020,9953,29015,19734
2020-06-11 09:39:18.88,29116.56,29035,10358,29040,9997,29015,19734,29010,9953
2020-06-11 09:39:19.61,29116.56,29035,10358,29040,9997,29015,19734,29010,9953
2020-06-11 09:39:20.27,29116.56,29035,10358,29040,9997,29015,19734,29010,9953
2020-06-11 09:39:21.74,29116.56,29035,10358,29040,9997,29015,19734,29010,9953
2020-06-11 09:39:24.04,29102.67,29035,10358,29040,9997,29015,19734,29010,9953
2020-06-11 09:39:24.88,29102.67,29030,10052,29035,10305,29010,19700,29005,9987
2020-06-11 09:39:25.53,29102.67,29030,10358,29035,9999,29010,19700,29005,9987
2020-06-11 09:39:26.30,29102.67,29030,10358,29035,9999,29010,19700,29005,9987
2020-06-11 09:39:26.97,29102.67,29030,306,29035,10052,29015,19734,29010,9953
2020-06-11 09:39:27.71,29102.67,29030,10358,29035,9999,29010,19700,29005,9987
2020-06-11 09:39:30.14,29102.67,29030,306,29035,10052,29015,19734,29010,9953
2020-06-11 09:39:31.02,29102.67,29030,10358,29040,9997,29015,9987,29010,19700
2020-06-11 09:39:31.85,29102.67,29030,306,29035,10052,29015,19734,29010,9953
2020-06-11 09:39:32.61,29102.67,29030,10358,29040,9997,29015,9987,29010,19700
2020-06-11 09:39:33.38,29102.67,29030,306,29035,10052,29015,19734,29010,9953
2020-06-11 09:39:34.17,29091.36,29030,306,29035,10052,29015,19734,29010,9953
2020-06-11 09:39:36.88,29091.36,29030,306,29035,10052,29015,19734,29010,9953
2020-06-11 09:39:40.34,29091.36,29030,306,29040,20049,29020,9747,29015,9987
2020-06-11 09:39:41.00,29091.36,29030,306,29035,10052,29015,19734,29010,9953
2020-06-11 09:39:41.61,29091.36,29030,306,29040,10052,29020,19700,29015,9987
2020-06-11 09:39:42.31,29091.36,29030,306,29040,20049,29020,9747,29015,9987
2020-06-11 09:39:43.67,29090.62,29030,306,29040,10052,29020,19700,29015,9987
2020-06-11 09:39:44.31,29090.62,29030,306,29040,10052,29020,19700,29015,9987
2020-06-11 09:39:45.00,29090.62,29030,306,29040,20049,29020,9747,29015,9987
2020-06-11 09:39:47.50,29090.62,29030,306,29040,10052,29020,19700,29015,9987
2020-06-11 09:39:50.48,29090.62,29030,306,29040,20049,29020,9747,29015,9987
2020-06-11 09:39:51.10,29090.62,29030,306,29035,10052,29015,19734,29010,9953
2020-06-11 09:39:52.64,29090.62,29030,306,29035,10052,29015,19734,29010,9953
2020-06-11 09:39:58.40,29073.57,29030,10358,29035,9999,29010,19700,29005,9987
2020-06-11 09:40:04.71,29093.43,29030,20355,29035,9999,29010,9747,29005,9987
2020-06-11 09:40:05.51,29093.43,29030,10358,29035,9999,29010,19700,29005,9987
2020-06-11 09:40:06.24,29093.43,29025,10052,29030,10303,29005,19734,29000,9953
2020-06-11 09:40:06.94,29093.43,29025,10358,29030,9997,29005,19734,29000,9953
2020-06-11 09:40:10.15,29093.43,29020,10052,29025,10305,29000,19700,28995,9987
2020-06-11 09:40:10.86,29093.43,29020,10358,29025,9999,29000,19700,28995,9987
2020-06-11 09:40:11.71,29093.43,29020,20355,29025,9999,29000,9747,28995,9987
2020-06-11 09:40:12.54,29093.43,29015,10052,29020,10303,28995,19734,28990,9953
2020-06-11 09:40:13.44,29093.43,29015,10358,29020,9997,28995,19734,28990,9953
2020-06-11 09:40:14.47,29067.02,29010,10052,29015,10305,28990,19700,28985,9987
2020-06-11 09:40:15.44,29067.02,29010,306,29015,10052,28995,19734,28990,9953
2020-06-11 09:40:16.97,29067.02,29010,306,29015,10052,28995,19734,28990,9953
2020-06-11 09:40:18.25,29067.02,29010,10358,29015,9999,28990,19700,28985,9987
2020-06-11 09:40:18.96,29067.02,29010,306,29015,10052,28995,19734,28990,9953
2020-06-11 09:40:21.17,29067.02,29010,306,29020,10052,29000,19700,28995,9987
2020-06-11 09:40:22.28,29067.02,29010,306,29015,10052,29000,9953,28995,19734
2020-06-11 09:40:22.58,29067.02,29010,306,29015,10052,28995,19734,28990,9953
2020-06-11 09:40:23.38,29060.42,29010,306,29020,10052,29000,19700,28995,9987
2020-06-11 09:40:24.44,29060.42,29010,306,29020,20049,29000,9747,28995,9987
2020-06-11 09:40:24.88,29060.42,29010,306,29015,10052,29000,9953,28995,19734
2020-06-11 09:40:25.61,29060.42,29010,306,29015,10052,28995,9987,28990,19700
2020-06-11 09:40:26.53,29060.42,29010,10358,29015,9999,28990,19700,28985,9987
2020-06-11 09:40:28.11,29060.42,29005,10052,29010,306,28990,9953,28985,19734
2020-06-11 09:40:28.41,29060.42,29005,10358,29015,9999,28990,9953,28985,19734
2020-06-11 09:40:29.14,29060.42,29005,10358,29015,9999,28990,9953,28985,19734
2020-06-11 09:40:31.28,29060.42,29005,10358,29015,9999,28990,9953,28985,19734
2020-06-11 09:40:31.67,29060.42,29005,10358,29010,9997,28985,19734,28980,9953
2020-06-11 09:40:32.84,29060.42,29005,306,29010,10052,28990,19700,28985,9987
2020-06-11 09:40:33.17,29060.42,29005,306,29010,10052,28990,19700,28985,9987
2020-06-11 09:40:34.94,29057.74,29005,306,29010,10052,28990,19700,28985,9987
2020-06-11 09:40:39.90,29057.74,29005,306,29015,10052,28995,19734,28990,9953
2020-06-11 09:40:40.73,29057.74,29015,10052,29020,9997,28995,19734,28990,9953
2020-06-11 09:40:41.76,29057.74,29015,10052,29025,9999,29000,9953,28995,19734
2020-06-11 09:40:42.20,29057.74,29020,10052,29025,9999,29000,19700,28995,9987
2020-06-11 09:40:44.40,29065.88,29015,10052,29020,9997,28995,19734,28990,9953
2020-06-11 09:40:47.10,29065.88,29020,10052,29025,9999,29000,19700,28995,9987
2020-06-11 09:40:48.09,29065.88,29025,10052,29030,9997,29005,19734,29000,9953
2020-06-11 09:40:56.48,29059.15,29025,10052,29030,9997,29005,19734,29000,9953
2020-06-11 09:41:00.63,29059.15,29020,10052,29030,9997,29005,9987,29000,19700
2020-06-11 09:41:01.65,29059.15,29020,10052,29025,9999,29000,19700,28995,9987
2020-06-11 09:41:02.71,29059.15,29020,10052,29030,9997,29005,9987,29000,19700
2020-06-11 09:41:03.07,29059.15,29020,10052,29025,9999,29000,19700,28995,9987
2020-06-11 09:41:04.43,29082.17,29020,10052,29030,9997,29005,9987,29000,19700
2020-06-11 09:41:05.35,29082.17,29025,10052,29030,9997,29005,19734,29000,9953
2020-06-11 09:41:06.38,29082.17,29020,10052,29030,9997,29005,9987,29000,19700
2020-06-11 09:41:06.71,29082.17,29025,20051,29030,9997,29005,9747,29000,9953
2020-06-11 09:41:07.41,29082.17,29025,10052,29030,9997,29005,19734,29000,9953
2020-06-11 09:41:08.82,29082.17,29030,20049,29035,10051,29010,9747,29005,9987
2020-06-11 09:41:09.53,29082.17,29035,10104,29040,9997,29015,19734,29010,9953
2020-06-11 09:41:13.20,29082.17,29035,10104,29040,9997,29015,19734,29010,9953
2020-06-11 09:41:14.28,29075.52,29030,10052,29035,10051,29010,19700,29005,9987
2020-06-11 09:41:17.41,29075.52,29035,10104,29040,9997,29015,19734,29010,9953
2020-06-11 09:41:18.42,29075.52,29035,52,29040,20049,29020,9747,29015,9987
2020-06-11 09:41:18.73,29075.52,29035,52,29040,10052,29020,9953,29015,19734
2020-06-11 09:41:20.02,29075.52,29035,10104,29040,9997,29015,19734,29010,9953
2020-06-11 09:41:23.58,29062.38,29035,52,29040,10052,29020,19700,29015,9987
2020-06-11 09:41:24.69,29062.38,29035,10104,29040,9997,29015,19734,29010,9953
2020-06-11 09:41:25.72,29062.38,29035,52,29040,10052,29020,19700,29015,9987
2020-06-11 09:41:26.79,29062.38,29035,10104,29040,9997,29015,19734,29010,9953
2020-06-11 09:41:34.48,29064.9,29030,10052,29035,10051,29010,19700,29005,9987
2020-06-11 09:41:35.70,29064.9,29035,20103,29040,9997,29015,9747,29010,9953
2020-06-11 09:41:36.79,29064.9,29035,20103,29040,9997,29015,9747,29010,9953
2020-06-11 09:41:37.01,29064.9,29035,10104,29040,9997,29015,19734,29010,9953
2020-06-11 09:41:37.82,29064.9,29030,10052,29035,10051,29010,19700,29005,9987
2020-06-11 09:41:38.24,29064.9,29035,10104,29040,9997,29015,19734,29010,9953
2020-06-11 09:41:42.52,29064.9,29030,10052,29035,10051,29010,19700,29005,9987
2020-06-11 09:41:45.16,29084.05,29025,184,29030,10052,29010,19700,29005,9987
2020-06-11 09:41:48.94,29084.05,29025,184,29035,20103,29015,9747,29010,9953
2020-06-11 09:41:49.91,29084.05,29035,10104,29040,9997,29015,19734,29010,9953
2020-06-11 09:41:51.49,29084.05,29035,20103,29040,9997,29015,9747,29010,9953
2020-06-11 09:41:52.52,29084.05,29035,10104,29040,9997,29015,19734,29010,9953
2020-06-11 09:41:58.35,29085.82,29030,10052,29035,52,29015,9987,29010,19700
2020-06-11 09:41:59.32,29085.82,29035,10104,29040,9997,29015,19722,29010,9953
2020-06-11 09:42:04.70,29090.36,29030,10052,29035,10051,29010,19688,29005,9987
2020-06-11 09:42:06.70,29090.36,29035,20103,29040,9997,29015,9735,29010,9953
2020-06-11 09:42:07.77,29090.36,29030,10052,29035,10051,29010,19688,29005,9987
2020-06-11 09:42:10.41,29090.36,29035,10104,29040,9997,29015,19722,29010,9953
2020-06-11 09:42:16.73,29093.56,29030,10052,29035,10051,29010,19688,29005,9987
2020-06-11 09:42:20.37,29093.56,29035,20103,29040,9997,29015,9735,29010,9953
2020-06-11 09:42:20.78,29093.56,29030,10052,29035,10051,29010,19688,29005,9987
2020-06-11 09:42:35.91,29077.92,29025,10052,29030,9997,29005,19722,29000,9953
2020-06-11 09:42:39.59,29077.92,29030,10052,29035,10051,29010,19688,29005,9987
2020-06-11 09:42:40.73,29077.92,29025,10052,29035,10051,29010,9953,29005,19722
2020-06-11 09:42:41.81,29077.92,29030,10052,29035,10051,29010,19688,29005,9987
2020-06-11 09:42:42.84,29077.92,29035,10104,29040,9997,29015,19722,29010,9953
2020-06-11 09:42:43.94,29094.5,29030,10052,29035,10051,29010,19688,29005,9987
2020-06-11 09:42:48.69,29094.5,29035,10104,29040,9997,29015,9987,29010,19688
2020-06-11 09:42:48.94,29094.5,29035,20103,29040,9997,29015,9735,29010,9953
2020-06-11 09:42:50.17,29094.5,29035,10104,29040,9997,29015,9987,29010,19688
2020-06-11 09:42:51.29,29094.5,29030,10052,29035,10051,29010,19688,29005,9987
2020-06-11 09:42:56.51,29093.51,29035,10104,29040,9997,29015,19722,29010,9953
2020-06-11 09:42:57.51,29093.51,29035,20103,29040,9997,29015,9735,29010,9953
2020-06-11 09:42:57.81,29093.51,29035,10104,29040,9997,29015,19722,29010,9953
2020-06-11 09:42:58.60,29093.51,29035,10104,29040,9997,29015,19722,29010,9953
2020-06-11 09:43:08.66,29094.59,29035,52,29040,10052,29020,19688,29015,9987
2020-06-11 09:43:09.60,29094.59,29035,10104,29040,9997,29015,19722,29010,9953
2020-06-11 09:43:10.01,29094.59,29035,52,29040,20049,29020,9735,29015,9987
2020-06-11 09:43:11.57,29094.59,29035,52,29045,10052,29025,19722,29020,9953
2020-06-11 09:43:12.74,29094.59,29045,10052,29050,9997,29025,19722,29020,9953
2020-06-11 09:43:14.30,29094.59,29040,10052,29045,9999,29020,19688,29015,9987
2020-06-11 09:43:14.55,29095.95,29045,10052,29050,9997,29025,9987,29020,19688
2020-06-11 09:43:15.35,29095.95,29045,10052,29050,9997,29025,19722,29020,9953
2020-06-11 09:43:16.47,29095.95,29045,10052,29050,9997,29025,19722,29020,9953
2020-06-11 09:43:18.97,29095.95,29050,10052,29055,9999,29030,19688,29025,9987
2020-06-11 09:43:23.13,29095.95,29055,10052,29060,9997,29035,19722,29030,9953
2020-06-11 09:43:25.27,29098.58,29050,10052,29055,9999,29030,19688,29025,9987
2020-06-11 09:43:25.56,29098.58,29045,10052,29050,9997,29025,19722,29020,9953
2020-06-11 09:43:27.56,29098.58,29045,10052,29055,9999,29030,9953,29025,19722
2020-06-11 09:43:28.39,29098.58,29045,10052,29050,9997,29025,19722,29020,9953
2020-06-11 09:43:28.70,29098.58,29045,10052,29050,9997,29025,19722,29020,9953
2020-06-11 09:43:30.50,29098.58,29050,10052,29055,9999,29030,19688,29025,9987
2020-06-11 09:43:30.87,29098.58,29055,10052,29060,9997,29035,19722,29030,9953
2020-06-11 09:43:33.72,29080.1,29055,10052,29060,9997,29035,19722,29030,9953
2020-06-11 09:43:35.05,29080.1,29055,10052,29060,9997,29035,19722,29030,9953
2020-06-11 09:43:43.54,29096.19,29060,20049,29065,9999,29040,9735,29035,9987
2020-06-11 09:43:44.35,29096.19,29060,10052,29065,9999,29040,19688,29035,9987
2020-06-11 09:43:46.40,29096.19,29065,20051,29070,9997,29045,9735,29040,9953
2020-06-11 09:43:46.91,29096.19,29060,10052,29070,9997,29045,9987,29040,19688
2020-06-11 09:43:47.99,29096.19,29060,10052,29065,9999,29040,19688,29035,9987
2020-06-11 09:43:57.91,29118.23,29055,10052,29060,9997,29035,19722,29030,9953
2020-06-11 09:43:59.38,29118.23,29060,10052,29065,9999,29040,19688,29035,9987
2020-06-11 09:44:00.56,29118.23,29060,10052,29065,9999,29040,19688,29035,9987
2020-06-11 09:44:00.88,29118.23,29055,10052,29060,9997,29035,19722,29030,9953
2020-06-11 09:44:03.27,29118.23,29055,10052,29060,9997,29035,19701,29030,9953
2020-06-11 09:44:06.44,29108.7,29050,10052,29055,9999,29030,19688,29025,9966
2020-06-11 09:44:07.41,29108.7,29050,10052,29060,9997,29035,9966,29030,19688
2020-06-11 09:44:07.81,29108.7,29055,20051,29060,9997,29035,9735,29030,9953
2020-06-11 09:44:09.05,29108.7,29050,10052,29060,9997,29035,9966,29030,19688
2020-06-11 09:44:10.03,29108.7,29050,10052,29055,9999,29030,19688,29025,9966
2020-06-11 09:44:12.18,29108.7,29055,20051,29060,9997,29035,9735,29030,9953
2020-06-11 09:44:12.64,29108.7,29055,10052,29060,9997,29035,19701,29030,9953
2020-06-11 09:44:13.73,29108.7,29060,10052,29065,9999,29040,19688,29035,9966
2020-06-11 09:44:14.75,29131.77,29060,20049,29065,9999,29040,9735,29035,9966
2020-06-11 09:44:15.14,29131.77,29055,10052,29060,9997,29035,19701,29030,9953
2020-06-11 09:44:15.81,29131.77,29055,10052,29060,9997,29035,19701,29030,9953
2020-06-11 09:44:16.84,29131.77,29060,10052,29065,9999,29040,9953,29035,19701
2020-06-11 09:44:17.89,29131.77,29055,10052,29060,9997,29035,19701,29030,9953
2020-06-11 09:44:19.98,29131.77,29060,10052,29065,9999,29040,19688,29035,9966
2020-06-11 09:44:21.53,29131.77,29065,10052,29070,9997,29045,19701,29040,9953
2020-06-11 09:44:33.10,29130.21,29070,10052,29075,9999,29050,19688,29045,9966
2020-06-11 09:44:34.60,29130.74,29075,10052,29080,9997,29055,19701,29050,9953
2020-06-11 09:44:36.80,29130.74,29070,10052,29075,9999,29050,19688,29045,9966
2020-06-11 09:44:39.41,29130.74,29075,10052,29080,9997,29055,19701,29050,9953
2020-06-11 09:44:40.49,29130.74,29075,20051,29080,9997,29055,9735,29050,9953
2020-06-11 09:44:41.77,29130.74,29075,10052,29080,9997,29055,19701,29050,9953
2020-06-11 09:44:45.11,29131.02,29070,10052,29075,9999,29050,19688,29045,9966
2020-06-11 09:44:50.30,29131.02,29070,10052,29075,9999,29050,19688,29045,9966
2020-06-11 09:44:52.41,29131.02,29065,10052,29070,9997,29045,19701,29040,9953
2020-06-11 09:44:53.56,29134.81,29070,10052,29075,9999,29050,19688,29045,9966
2020-06-11 09:44:53.87,29134.81,29065,10052,29070,9997,29045,19701,29040,9953
2020-06-11 09:44:55.66,29134.81,29070,10052,29075,9999,29050,19688,29045,9966
2020-06-11 09:44:59.83,29134.81,29070,10052,29075,9999,29050,19688,29045,9966
2020-06-11 09:45:00.26,29134.81,29075,10052,29080,9997,29055,19701,29050,9953
2020-06-11 09:45:01.39,29134.81,29065,10052,29070,9997,29045,19701,29040,9953
2020-06-11 09:45:02.43,29134.81,29065,10052,29070,9997,29045,19701,29040,9953
2020-06-11 09:45:03.51,29134.81,29060,10052,29065,9999,29040,19688,29035,9966
2020-06-11 09:45:04.53,29139.73,29065,10052,29070,9997,29045,19701,29040,9953
2020-06-11 09:45:04.93,29139.73,29065,10052,29070,9997,29045,9966,29040,19688
2020-06-11 09:45:06.12,29139.73,29065,10052,29070,9997,29045,19701,29040,9953
2020-06-11 09:45:11.93,29139.73,29065,10052,29070,9997,29045,19701,29040,9953
2020-06-11 09:45:13.87,29115.73,29065,10052,29070,9997,29045,19701,29040,9953
2020-06-11 09:45:14.68,29115.73,29060,288,29070,10052,29050,19688,29045,9966
2020-06-11 09:45:15.66,29115.73,29070,10052,29075,9999,29050,19688,29045,9966
2020-06-11 09:45:21.99,29115.73,29075,20051,29080,9997,29055,9966,29050,19688
2020-06-11 09:45:22.40,29115.73,29070,10052,29075,9999,29050,19688,29045,9966
2020-06-11 09:45:25.01,29142.95,29075,10052,29080,9997,29055,19701,29050,9953
2020-06-11 09:45:26.13,29142.95,29070,10052,29075,9999,29050,19688,29045,9966
2020-06-11 09:45:28.24,29142.95,29065,10052,29070,9997,29045,19701,29040,9953
2020-06-11 09:45:28.50,29142.95,29065,10052,29070,9997,29045,19688,29040,9953
2020-06-11 09:45:29.33,29142.95,29065,10052,29070,9997,29045,19688,29040,9953
2020-06-11 09:45:31.43,29142.95,29065,10052,29070,9997,29045,9953,29040,19688
2020-06-11 09:45:32.46,29142.95,29060,10052,29065,9999,29040,19688,29035,9953
2020-06-11 09:45:34.03,29128.02,29060,10052,29070,9997,29045,9953,29040,19688
2020-06-11 09:45:34.47,29128.02,29060,10052,29065,9999,29040,19688,29035,9953
2020-06-11 09:45:35.58,29128.02,29055,10052,29065,9999,29040,9953,29035,19688
2020-06-11 09:45:35.91,29128.02,29055,10052,29065,9999,29040,9953,29035,19688
2020-06-11 09:45:36.90,29128.02,29055,10052,29060,9997,29035,19688,29030,9953
2020-06-11 09:45:38.87,29128.02,29050,10052,29060,9997,29035,9953,29030,19688
2020-06-11 09:45:39.90,29128.02,29050,10052,29060,9997,29035,9953,29030,19688
2020-06-11 09:45:40.93,29128.02,29055,10052,29060,9997,29035,19688,29030,9953
2020-06-11 09:45:43.03,29128.02,29055,10052,29060,9997,29035,19688,29030,9953
2020-06-11 09:45:45.87,29118.48,29055,10052,29060,9997,29035,19688,29030,9953
2020-06-11 09:45:46.62,29118.48,29055,10052,29065,9999,29040,9953,29035,19688
2020-06-11 09:45:47.68,29118.48,29055,10052,29060,9997,29035,19688,29030,9953
2020-06-11 09:45:49.90,29118.48,29060,10052,29065,9999,29040,19688,29035,9953
2020-06-11 09:45:50.81,29118.48,29065,10052,29070,9997,29045,19688,29040,9953
2020-06-11 09:45:51.84,29118.48,29065,10052,29070,9997,29045,19688,29040,9953
2020-06-11 09:45:52.10,29118.48,29065,10052,29070,9997,29045,19688,29040,9953
2020-06-11 09:45:57.07,29114.94,29070,10052,29075,9999,29050,19688,29045,9953
2020-06-11 09:45:58.98,29114.94,29070,20049,29075,9999,29045,19688,29040,9953
2020-06-11 09:45:59.74,29114.94,29065,10052,29075,9999,29050,9953,29045,19688
2020-06-11 09:46:00.71,29114.94,29065,10052,29070,9997,29045,19688,29040,9953
2020-06-11 09:46:01.72,29114.94,29070,10052,29075,9999,29050,19688,29045,9953
2020-06-11 09:46:02.21,29114.94,29070,10052,29075,9999,29050,19688,29045,9953
2020-06-11 09:46:03.33,29116.25,29065,10052,29070,9997,29045,19688,29040,9953
2020-06-11 09:46:05.33,29116.25,29070,10052,29075,9999,29050,19688,29045,9953
2020-06-11 09:46:06.91,29116.25,29070,10052,29075,9999,29050,19688,29045,9953
2020-06-11 09:46:11.35,29116.25,29075,20051,29080,9997,29055,9735,29050,9953
2020-06-11 09:46:12.24,29116.25,29075,10052,29080,9997,29055,19688,29050,9953
2020-06-11 09:46:12.64,29116.25,29070,10052,29075,9999,29050,19688,29045,9953
2020-06-11 09:46:14.24,29111.81,29070,10052,29075,9999,29050,19688,29045,9953
2020-06-11 09:46:15.34,29111.81,29080,20049,29085,9999,29060,9735,29055,9953
2020-06-11 09:46:15.77,29111.81,29075,10052,29080,9997,29055,19688,29050,9953
2020-06-11 09:46:17.95,29111.81,29075,10052,29080,9997,29055,19688,29050,9953
2020-06-11 09:46:19.55,29111.81,29070,10052,29075,9999,29050,19688,29045,9953
2020-06-11 09:46:21.09,29111.81,29070,10052,29075,9999,29050,19688,29045,9953
2020-06-11 09:46:21.55,29111.81,29070,10052,29075,9999,29050,19688,29045,9953
2020-06-11 09:46:22.64,29111.81,29070,10052,29075,9999,29050,19688,29045,9953
2020-06-11 09:46:30.46,29134.47,29075,20051,29080,9997,29055,9735,29050,9953
2020-06-11 09:46:31.60,29134.47,29075,10052,29080,9997,29055,19688,29050,9953
2020-06-11 09:46:31.81,29134.47,29080,20049,29085,9999,29060,9735,29055,9953
2020-06-11 09:46:32.62,29134.47,29080,10052,29085,9999,29060,9953,29055,19688
2020-06-11 09:46:33.10,29134.47,29080,20049,29085,9999,29060,9735,29055,9953
2020-06-11 09:46:35.24,29114.8,29080,10052,29085,9999,29060,19688,29055,9953
2020-06-11 09:46:40.56,29114.8,29075,10052,29080,9997,29055,19688,29050,9953
2020-06-11 09:46:44.90,29138.65,29075,10052,29080,9997,29055,19688,29050,9953
2020-06-11 09:46:54.27,29125.47,29070,10052,29075,9999,29050,19688,29045,9953
2020-06-11 09:47:00.52,29125.47,29070,10052,29075,9999,29050,19688,29045,9953
2020-06-11 09:47:01.52,29125.47,29065,10052,29070,9997,29045,19688,29040,9953
2020-06-11 09:47:02.56,29125.47,29070,10052,29075,9999,29050,19688,29045,9953
2020-06-11 09:47:03.55,29123.45,29065,10052,29070,9997,29045,19688,29040,9953
2020-06-11 09:47:04.06,29123.45,29070,10052,29075,9999,29050,19688,29045,9953
2020-06-11 09:47:05.19,29123.45,29075,10052,29080,9997,29055,19688,29050,9953
2020-06-11 09:47:08.84,29123.45,29080,10052,29085,9999,29060,19688,29055,9953
2020-06-11 09:47:10.06,29123.45,29080,20049,29085,9999,29060,9735,29055,9953
2020-06-11 09:47:10.90,29123.45,29080,10052,29085,9999,29060,19688,29055,9953
2020-06-11 09:47:13.53,29123.45,29075,10052,29080,9997,29055,19688,29050,9953
2020-06-11 09:47:13.84,29126.47,29080,10052,29085,9999,29060,9953,29055,19688
2020-06-11 09:47:14.58,29126.47,29075,10052,29080,9997,29055,19688,29050,9953
2020-06-11 09:47:19.26,29126.47,29080,20049,29085,9999,29060,9735,29055,9953
2020-06-11 09:47:19.90,29126.47,29080,10052,29085,9999,29060,19688,29055,9953
2020-06-11 09:47:22.49,29126.47,29085,10052,29090,9997,29065,19688,29060,9953
2020-06-11 09:47:22.74,29126.47,29080,10052,29085,9999,29060,19688,29055,9953
2020-06-11 09:47:27.73,29132.03,29075,10052,29080,9997,29055,19688,29050,9953
2020-06-11 09:47:30.26,29132.03,29075,10052,29080,9997,29055,19688,29050,9953
2020-06-11 09:47:30.66,29132.03,29075,10052,29080,9997,29055,19688,29050,9953
2020-06-11 09:47:31.30,29132.03,29080,20049,29085,9999,29060,9735,29055,9953
2020-06-11 09:47:32.34,29132.03,29075,10052,29080,9997,29055,19688,29050,9953
2020-06-11 09:47:34.41,29111.29,29080,10052,29085,9999,29060,9953,29055,19688
2020-06-11 09:47:34.90,29111.29,29080,20049,29085,9999,29060,9735,29055,9953
2020-06-11 09:47:38.04,29111.29,29080,10052,29085,9999,29060,19688,29055,9953
2020-06-11 09:47:44.00,29127.36,29080,10051,29085,9999,29060,19688,29055,9953
2020-06-11 09:47:45.30,29127.36,29075,10051,29080,9997,29055,19688,29050,9953
2020-06-11 09:47:47.21,29127.36,29070,10051,29075,9999,29050,19688,29045,9953
2020-06-11 09:47:48.06,29127.36,29075,10051,29080,9997,29055,19688,29050,9953
2020-06-11 09:47:52.74,29127.36,29080,10051,29085,9999,29060,19688,29055,9953
2020-06-11 09:48:01.47,29114.57,29075,10051,29080,9997,29055,19688,29050,9953
2020-06-11 09:48:02.23,29114.57,29080,10051,29085,9999,29060,19688,29055,9953
2020-06-11 09:48:03.76,29129.26,29085,20050,29090,9997,29065,9735,29060,9953
2020-06-11 09:48:04.82,29129.26,29080,10051,29085,9999,29060,19688,29055,9953
2020-06-11 09:48:09.37,29129.26,29075,10051,29080,9997,29055,19688,29050,9953
2020-06-11 09:48:10.14,29129.26,29070,10051,29075,9999,29050,19688,29045,9953
2020-06-11 09:48:11.18,29129.26,29070,10051,29075,9999,29050,19688,29045,9953
2020-06-11 09:48:12.24,29129.26,29065,10051,29070,9997,29045,19688,29040,9953
2020-06-11 09:48:13.31,29129.26,29065,10051,29070,9997,29045,19688,29040,9953
2020-06-11 09:48:13.78,29138.86,29070,10051,29075,9999,29050,19688,29045,9953
2020-06-11 09:48:14.90,29138.86,29075,10051,29080,9997,29055,19688,29050,9953
2020-06-11 09:48:15.95,29138.86,29080,10051,29085,9999,29060,19688,29055,9953
2020-06-11 09:48:17.02,29138.86,29080,10051,29085,9999,29060,19688,29055,9953
2020-06-11 09:48:28.05,29115.22,29070,10051,29075,9999,29050,19688,29045,9953
2020-06-11 09:48:28.30,29115.22,29070,10051,29075,9999,29050,19688,29045,9953
2020-06-11 09:48:30.50,29115.22,29075,10051,29080,9997,29055,9953,29050,19688
2020-06-11 09:48:31.72,29115.22,29075,20050,29080,9997,29055,9735,29050,9953
2020-06-11 09:48:31.93,29115.22,29075,10051,29080,9997,29055,9953,29050,19688
2020-06-11 09:48:32.74,29115.22,29070,10051,29075,9999,29050,19688,29045,9953
2020-06-11 09:48:33.91,29135.61,29070,10051,29075,9999,29050,19688,29045,9953
2020-06-11 09:48:39.38,29135.61,29065,10051,29070,9997,29045,19688,29040,9953
2020-06-11 09:48:43.73,29135.61,29070,10051,29075,9999,29050,19688,29045,9953
2020-06-11 09:48:43.91,29115.39,29065,10244,29070,9997,29045,19688,29040,9953
2020-06-11 09:48:46.91,29115.39,29065,193,29070,20048,29050,9735,29045,9953
2020-06-11 09:48:47.97,29115.39,29065,193,29070,10051,29050,19688,29045,9953
2020-06-11 09:48:48.22,29115.39,29065,193,29075,10051,29055,19688,29050,9953
2020-06-11 09:48:49.01,29115.39,29075,10051,29080,9997,29055,19688,29050,9953
2020-06-11 09:48:50.31,29115.39,29080,20048,29085,9999,29060,9735,29055,9953
2020-06-11 09:48:51.14,29115.39,29080,10051,29085,9999,29060,19688,29055,9953
2020-06-11 09:48:52.64,29115.39,29075,10051,29085,9999,29060,9953,29055,19688
2020-06-11 09:48:53.73,29135.76,29075,10051,29080,9997,29055,19688,29050,9953
2020-06-11 09:48:54.07,29135.76,29070,10051,29080,9997,29055,9953,29050,19688
2020-06-11 09:48:54.70,29135.76,29070,10051,29075,9999,29050,19688,29045,9953
2020-06-11 09:48:55.86,29135.76,29075,10051,29080,9997,29055,19688,29050,9953
2020-06-11 09:48:57.95,29135.76,29075,10051,29080,9997,29055,19676,29050,9953
2020-06-11 09:48:58.20,29135.76,29065,10051,29070,9997,29045,19676,29040,9953
2020-06-11 09:48:59.01,29135.76,29070,10051,29075,9999,29050,19676,29045,9953
2020-06-11 09:49:00.59,29135.76,29065,10051,29070,9997,29045,19676,29040,9953
2020-06-11 09:49:02.17,29135.76,29070,10051,29075,9999,29050,19676,29045,9953
2020-06-11 09:49:05.87,29109.99,29065,10051,29075,9999,29050,9953,29045,19676
2020-06-11 09:49:06.93,29109.99,29070,10051,29075,9999,29050,19676,29045,9953
2020-06-11 09:49:16.04,29109.82,29075,10051,29080,9997,29055,19676,29050,9953
2020-06-11 09:49:19.80,29109.82,29080,10051,29085,9999,29060,9953,29055,19676
2020-06-11 09:49:20.61,29109.82,29075,10051,29080,9997,29055,19676,29050,9953
2020-06-11 09:49:25.86,29112.74,29080,10051,29085,9999,29060,19676,29055,9953
2020-06-11 09:49:26.80,29112.74,29080,10051,29085,9999,29060,9953,29055,19676
2020-06-11 09:49:27.94,29112.74,29080,10051,29085,9999,29060,9953,29055,19676
2020-06-11 09:49:28.16,29112.74,29075,10051,29080,9997,29055,19676,29050,9953
2020-06-11 09:49:30.06,29112.74,29080,10051,29085,9999,29060,19676,29055,9953
2020-06-11 09:49:31.11,29112.74,29075,10051,29080,9997,29055,19676,29050,9953
2020-06-11 09:49:31.44,29112.74,29070,10051,29075,9999,29050,19676,29045,9953
2020-06-11 09:49:32.93,29112.74,29075,10051,29080,9997,29055,19676,29050,9953
2020-06-11 09:49:33.60,29110.62,29075,10051,29080,9997,29055,19676,29050,9953
2020-06-11 09:49:36.93,29110.62,29075,10051,29080,9997,29055,9953,29050,19676
2020-06-11 09:49:37.31,29110.62,29070,10051,29075,9999,29050,19676,29045,9953
2020-06-11 09:49:38.04,29110.62,29075,10051,29080,9997,29055,19676,29050,9953
2020-06-11 09:49:40.10,29110.62,29080,10051,29085,9999,29060,19676,29055,9953
2020-06-11 09:49:42.49,29110.62,29075,10051,29080,9997,29055,19676,29050,9953
2020-06-11 09:49:43.23,29110.62,29080,10051,29085,9999,29060,19676,29055,9953
2020-06-11 09:49:54.25,29136.97,29080,10051,29085,9999,29060,19656,29055,9953
2020-06-11 09:50:01.14,29136.97,29085,10051,29090,9997,29065,19656,29060,9953
2020-06-11 09:50:02.20,29136.97,29085,10051,29090,9997,29065,19656,29060,9953
2020-06-11 09:50:03.80,29136.97,29085,10051,29090,9997,29065,19656,29060,9953
2020-06-11 09:50:04.00,29130.52,29080,10051,29085,9999,29060,19656,29055,9953
2020-06-11 09:50:04.80,29130.52,29080,10051,29085,9999,29060,19656,29055,9953
2020-06-11 09:50:07.77,29130.52,29075,10051,29080,9997,29055,19656,29050,9953
2020-06-11 09:50:09.84,29130.52,29080,20048,29085,9999,29060,9703,29055,9953
2020-06-11 09:50:10.64,29130.52,29080,10051,29085,9999,29060,19656,29055,9953
2020-06-11 09:50:13.25,29130.52,29075,10051,29080,9997,29055,19656,29050,9953
2020-06-11 09:50:13.61,29130.52,29075,20050,29080,9997,29055,9703,29050,9953
2020-06-11 09:50:14.34,29138.44,29070,10051,29075,9999,29050,19656,29045,9953
2020-06-11 09:50:15.34,29138.44,29075,20050,29080,9997,29055,9703,29050,9953
2020-06-11 09:50:18.70,29138.44,29075,10051,29080,9997,29055,19656,29050,9953
2020-06-11 09:50:27.95,29136.04,29075,10051,29085,9999,29060,9953,29055,19656
2020-06-11 09:50:28.20,29136.04,29075,10051,29080,9997,29055,19656,29050,9953
2020-06-11 09:50:28.99,29136.04,29075,10051,29080,9997,29055,19656,29050,9953
2020-06-11 09:50:30.77,29136.04,29080,10051,29085,9999,29060,19656,29055,9953
2020-06-11 09:50:31.60,29136.04,29080,10051,29085,9999,29060,19656,29055,9953
2020-06-11 09:50:32.87,29136.04,29080,10051,29085,9999,29060,19656,29055,9953
2020-06-11 09:50:34.93,29158.76,29075,10051,29085,9999,29060,9953,29055,19656
2020-06-11 09:50:35.82,29158.76,29080,10051,29085,9999,29060,9703,29055,9953
2020-06-11 09:50:36.80,29158.76,29080,10051,29085,9999,29060,19656,29055,9953
2020-06-11 09:50:41.25,29158.76,29080,20048,29085,9999,29060,9703,29055,9953
2020-06-11 09:50:42.14,29158.76,29080,20048,29085,9999,29060,19656,29055,9953
2020-06-11 09:50:43.19,29121.32,29080,10051,29085,9999,29060,19656,29055,9953
2020-06-11 09:50:46.50,29121.32,29080,10051,29085,9999,29065,100,29060,19656
2020-06-11 09:50:49.44,29121.32,29080,10051,29085,9999,29065,100,29060,9953
2020-06-11 09:50:49.70,29121.32,29080,10051,29085,9999,29065,100,29060,19656
2020-06-11 09:50:51.80,29121.32,29085,10051,29090,9997,29065,19756,29060,9953
2020-06-11 09:50:52.61,29121.32,29080,10051,29085,9999,29065,100,29060,19656
2020-06-11 09:50:54.70,29138.49,29085,10051,29090,9997,29065,19756,29060,9953
2020-06-11 09:50:56.30,29138.49,29080,10051,29085,9999,29065,100,29060,19656
2020-06-11 09:50:56.59,29138.49,29085,10051,29090,9997,29065,10053,29060,19656
2020-06-11 09:50:57.09,29138.49,29080,10051,29085,9999,29065,100,29060,19656
2020-06-11 09:51:00.70,29138.49,29090,20048,29095,9999,29070,9703,29065,10053
2020-06-11 09:51:01.56,29138.49,29085,10051,29090,9997,29065,19756,29060,9953
2020-06-11 09:51:07.84,29134.45,29080,10051,29090,9997,29065,100,29060,19656
2020-06-11 09:51:08.11,29134.45,29080,10051,29085,9999,29065,100,29060,19656
2020-06-11 09:51:10.76,29134.45,29075,10051,29080,9997,29065,100,29055,19656
2020-06-11 09:51:11.62,29134.45,29075,10051,29080,9997,29055,19656,29050,9953
2020-06-11 09:51:15.41,29121.33,29070,10051,29075,9999,29050,19656,29045,9953
2020-06-11 09:51:16.69,29121.33,29065,10051,29070,9997,29045,19656,29040,9953
2020-06-11 09:51:18.74,29121.33,29070,20048,29075,9999,29045,19656,29040,9953
2020-06-11 09:51:19.39,29121.33,29070,10051,29075,9999,29050,19656,29045,9953
2020-06-11 09:51:20.50,29121.33,29070,10051,29075,9999,29050,19656,29045,9953
2020-06-11 09:51:20.89,29121.33,29080,10051,29085,9999,29060,19656,29055,9953
2020-06-11 09:51:22.08,29121.33,29075,10051,29080,9997,29055,19656,29050,9953
2020-06-11 09:51:22.53,29121.33,29080,10051,29085,9999,29060,19656,29055,9953
2020-06-11 09:51:24.74,29135.26,29080,10051,29085,9999,29060,19656,29055,9953
2020-06-11 09:51:26.30,29135.26,29080,10051,29085,9999,29060,9953,29055,19656
2020-06-11 09:51:27.36,29135.26,29075,10051,29085,9999,29060,9953,29055,19656
2020-06-11 09:51:27.70,29135.26,29080,20048,29085,9999,29060,9703,29055,9953
2020-06-11 09:51:29.52,29135.26,29080,10051,29085,9999,29060,9953,29055,19656
2020-06-11 09:51:30.00,29135.26,29080,10051,29085,9999,29060,19656,29055,9953
2020-06-11 09:51:32.12,29135.26,29075,10051,29085,9999,29060,9953,29055,19656
2020-06-11 09:51:34.25,29136.4,29075,10051,29080,9997,29055,19656,29050,9953
2020-06-11 09:51:35.80,29136.4,29075,10051,29080,9997,29055,9953,29050,19656
2020-06-11 09:51:36.09,29136.4,29070,10051,29075,9999,29050,19656,29045,9953
2020-06-11 09:51:36.73,29136.4,29080,10051,29085,9999,29060,19656,29055,9953
2020-06-11 09:51:37.86,29136.4,29080,10051,29085,9999,29060,19656,29055,9953
2020-06-11 09:51:38.11,29136.4,29075,40,29080,10051,29060,19656,29055,9953
2020-06-11 09:51:40.00,29136.4,29075,40,29085,10051,29065,19656,29060,9953
2020-06-11 09:51:41.03,29136.4,29075,40,29085,10051,29065,19656,29060,9953
2020-06-11 09:51:41.47,29136.4,29085,10051,29095,9999,29070,9953,29065,19656
2020-06-11 09:51:42.59,29136.4,29090,10051,29095,9999,29070,19656,29065,9953
2020-06-11 09:51:49.42,29134.42,29095,10051,29100,9998,29075,19656,29070,9953
2020-06-11 09:51:51.51,29134.42,29100,10052,29105,9999,29080,19656,29075,9953
2020-06-11 09:51:52.57,29134.42,29100,20049,29105,9999,29080,9703,29075,9953
2020-06-11 09:51:53.63,29134.42,29100,20049,29105,9999,29080,9703,29075,9953
2020-06-11 09:51:54.66,29130.85,29095,10051,29100,1,29080,9953,29075,19656
2020-06-11 09:51:55.10,29130.85,29095,10051,29100,9998,29075,19656,29070,9953
2020-06-11 09:51:56.29,29130.85,29100,20049,29105,9999,29080,9703,29075,9953
2020-06-11 09:51:56.60,29130.85,29100,20049,29105,9999,29080,9703,29075,9953
2020-06-11 09:51:57.34,29130.85,29095,10051,29100,9998,29075,19656,29070,9953
2020-06-11 09:52:01.04,29130.85,29095,10051,29100,9998,29075,19656,29070,9953
2020-06-11 09:52:01.49,29130.85,29100,10052,29105,9999,29080,19656,29075,9953
2020-06-11 09:52:03.07,29130.85,29095,10051,29100,9998,29075,19656,29070,9953
2020-06-11 09:52:04.18,29141.83,29095,10051,29100,9998,29075,19656,29070,9953
2020-06-11 09:52:04.57,29141.83,29100,20049,29105,9999,29080,9703,29075,9953
2020-06-11 09:52:05.74,29141.83,29100,10052,29105,9999,29080,19656,29075,9953
2020-06-11 09:52:09.96,29141.83,29100,1,29105,20050,29085,9703,29080,9953
2020-06-11 09:52:10.36,29141.83,29100,1,29105,20050,29085,9703,29080,9953
2020-06-11 09:52:11.49,29141.83,29100,10052,29105,9999,29080,19656,29075,9953
2020-06-11 09:52:11.92,29141.83,29100,1,29105,20050,29085,9703,29080,9953
2020-06-11 09:52:13.60,29141.83,29095,279,29100,1,29085,9703,29080,9953
2020-06-11 09:52:13.83,29140.58,29095,279,29100,10052,29080,19656,29075,9953
2020-06-11 09:52:15.06,29140.58,29095,279,29100,1,29085,9703,29080,9953
2020-06-11 09:52:16.20,29140.58,29095,279,29100,1,29085,19656,29080,9953
2020-06-11 09:52:16.53,29140.58,29095,279,29100,10052,29080,19656,29075,9953
2020-06-11 09:52:20.42,29140.58,29095,10330,29100,9998,29075,19656,29070,9953
2020-06-11 09:52:21.98,29140.58,29095,279,29100,10052,29080,9953,29075,19656
2020-06-11 09:52:22.23,29140.58,29095,279,29100,20049,29080,9703,29075,9953
2020-06-11 09:52:23.41,29148.98,29095,10330,29100,9998,29075,19656,29070,9953
2020-06-11 09:52:24.51,29148.98,29095,279,29100,10052,29080,19656,29075,9953
2020-06-11 09:52:26.59,29148.98,29095,279,29100,10052,29080,19643,29075,9953
2020-06-11 09:52:26.97,29148.98,29095,10330,29100,9998,29075,19656,29070,9940
2020-06-11 09:52:27.64,29148.98,29095,279,29100,10052,29080,19643,29075,9953
2020-06-11 09:52:31.36,29148.98,29095,10330,29100,9998,29075,19656,29070,9940
2020-06-11 09:52:34.07,29159.3,29095,10330,29100,1,29080,9940,29075,19656
2020-06-11 09:52:35.04,29159.3,29095,279,29100,10052,29080,19643,29075,9953
2020-06-11 09:52:35.40,29159.3,29095,10330,29100,9998,29075,19656,29070,9940
2020-06-11 09:52:36.17,29159.3,29095,279,29100,10052,29080,19643,29075,9953
2020-06-11 09:52:38.18,29159.3,29095,10330,29100,1,29080,9940,29075,19656
2020-06-11 09:52:39.27,29159.3,29095,279,29100,20049,29080,9703,29075,9953
2020-06-11 09:52:39.57,29159.3,29095,279,29100,20049,29080,9703,29075,9953
2020-06-11 09:52:41.38,29159.3,29095,279,29100,10052,29080,19643,29075,9953
2020-06-11 09:52:42.45,29159.3,29095,279,29100,1,29085,19656,29080,9940
2020-06-11 09:52:43.07,29159.3,29095,279,29100,10052,29080,19643,29075,9953
2020-06-11 09:52:48.87,29158.13,29095,10330,29100,9998,29075,19656,29070,9940
2020-06-11 09:52:50.07,29158.13,29095,10330,29100,1,29080,9940,29075,19656
2020-06-11 09:52:50.86,29158.13,29095,10330,29100,9998,29075,19656,29070,9940
2020-06-11 09:53:01.92,29158.41,29095,10330,29100,9998,29075,19656,29070,9940
2020-06-11 09:53:02.30,29158.41,29095,279,29100,10052,29080,19643,29075,9953
2020-06-11 09:53:07.03,29159.98,29095,10330,29100,1,29080,9940,29075,19656
2020-06-11 09:53:07.75,29159.98,29095,279,29100,10052,29080,19643,29075,9953
2020-06-11 09:53:08.20,29159.98,29095,10330,29100,1,29080,9940,29075,19656
2020-06-11 09:53:09.25,29159.98,29095,279,29100,10052,29080,19643,29075,9953
2020-06-11 09:53:18.20,29165.64,29095,279,29100,1,29085,9703,29080,9940
2020-06-11 09:53:18.76,29165.64,29095,279,29100,10052,29080,19643,29075,9953
2020-06-11 09:53:19.75,29165.64,29095,279,29100,1,29085,9703,29080,9940
2020-06-11 09:53:20.17,29165.64,29095,279,29100,1,29085,19656,29080,9940
2020-06-11 09:53:20.87,29165.64,29095,279,29100,1,29085,9703,29080,9940
2020-06-11 09:53:21.84,29165.64,29095,279,29100,1,29085,19656,29080,9940
2020-06-11 09:53:22.93,29165.64,29095,279,29100,1,29085,9703,29080,9940
2020-06-11 09:53:26.13,29161.29,29095,279,29100,10052,29080,19643,29075,9953
2020-06-11 09:53:27.10,29161.29,29095,10330,29100,9998,29075,19656,29070,9940
2020-06-11 09:53:27.63,29161.29,29095,279,29100,10052,29080,19643,29075,9953
2020-06-11 09:53:28.68,29161.29,29095,279,29100,10052,29080,19643,29075,9953
2020-06-11 09:53:29.67,29161.29,29095,10330,29100,1,29080,9940,29075,19656
2020-06-11 09:53:30.29,29161.29,29095,279,29100,10052,29080,19643,29075,9953
2020-06-11 09:53:31.32,29161.29,29095,279,29100,20049,29080,9703,29075,9953
2020-06-11 09:53:31.70,29161.29,29095,10330,29100,9998,29075,19656,29070,9940
2020-06-11 09:53:32.37,29161.29,29095,279,29100,10052,29080,9940,29075,19656
2020-06-11 09:53:33.43,29161.29,29095,279,29100,10052,29080,19643,29075,9953
2020-06-11 09:53:38.80,29149.73,29095,279,29100,10052,29080,9940,29075,19656
2020-06-11 09:53:39.76,29149.73,29095,279,29100,20049,29080,9703,29075,9953
2020-06-11 09:53:39.93,29149.73,29095,279,29100,10052,29080,19643,29075,9953
2020-06-11 09:53:41.30,29149.73,29095,10330,29100,1,29080,9940,29075,19656
2020-06-11 09:53:42.40,29149.73,29095,279,29100,10052,29080,19643,29075,9953
2020-06-11 09:53:46.97,29152.47,29095,279,29100,1,29085,9703,29080,9940
2020-06-11 09:53:48.16,29152.47,29095,279,29100,10052,29080,19643,29075,9953
2020-06-11 09:53:51.35,29152.47,29095,279,29100,1,29085,9703,29080,9940
2020-06-11 09:53:52.67,29152.47,29095,279,29100,10052,29080,19643,29075,9953
2020-06-11 09:53:53.45,29147.64,29095,279,29100,1,29085,9703,29080,9940
2020-06-11 09:53:54.52,29147.64,29095,279,29100,1,29085,9953,29080,19643
2020-06-11 09:53:54.83,29147.64,29095,279,29100,10052,29080,19643,29075,9953
2020-06-11 09:54:03.26,29147.64,29095,279,29100,1,29085,19656,29080,9940
2020-06-11 09:54:06.06,29145.34,29100,1,29110,10051,29090,19643,29085,9953
2020-06-11 09:54:07.11,29145.34,29100,1,29105,10051,29085,19656,29080,9940
2020-06-11 09:54:12.00,29145.34,29100,10052,29105,9999,29080,19643,29075,9953
2020-06-11 09:54:15.23,29126.35,29100,1,29105,10051,29085,19656,29080,9940
2020-06-11 09:54:17.29,29126.35,29100,10052,29105,9999,29080,19643,29075,9953
2020-06-11 09:54:19.70,29126.35,29100,20049,29105,9999,29080,9703,29075,9953
2020-06-11 09:54:20.82,29126.35,29100,20049,29105,9999,29080,9703,29075,9953
2020-06-11 09:54:21.20,29126.35,29095,10051,29100,1,29080,9940,29075,19656
2020-06-11 09:54:22.37,29126.35,29095,10051,29100,9998,29075,19656,29070,9940
2020-06-11 09:54:29.41,29147.57,29100,10052,29105,9999,29080,19643,29075,9953
2020-06-11 09:54:34.02,29155.38,29100,10052,29105,9999,29080,19643,29075,9953
2020-06-11 09:54:37.07,29155.38,29095,10051,29100,9998,29075,19656,29070,9940
2020-06-11 09:54:39.06,29155.38,29095,10051,29100,9998,29075,19656,29070,9940
2020-06-11 09:54:39.91,29155.38,29095,10051,29100,9998,29075,19656,29070,9940
2020-06-11 09:54:43.53,29145.72,29095,10051,29100,9998,29075,19656,29070,9940
2020-06-11 09:54:46.86,29145.72,29100,10052,29105,9999,29080,9940,29075,19656
2020-06-11 09:54:47.72,29145.72,29100,10052,29105,9999,29080,9940,29075,19656
2020-06-11 09:54:48.20,29145.72,29100,10052,29105,9999,29080,9940,29075,19656
2020-06-11 09:54:49.30,29145.72,29095,10051,29100,9998,29075,19656,29070,9940
2020-06-11 09:54:51.94,29145.72,29100,10052,29105,9999,29080,9940,29075,19656
2020-06-11 09:54:52.97,29145.72,29095,10051,29100,1,29080,9940,29075,19656
2020-06-11 09:54:53.23,29145.72,29090,10051,29095,9999,29070,19643,29065,9953
2020-06-11 09:54:58.06,29130.59,29085,10051,29090,9997,29065,19656,29060,9940
2020-06-11 09:54:58.76,29130.59,29090,20048,29095,9999,29070,9703,29065,9953
2020-06-11 09:54:59.82,29130.59,29085,10051,29090,9997,29065,19656,29060,9940
2020-06-11 09:55:01.37,29130.59,29080,10051,29090,9997,29065,9953,29060,19643
2020-06-11 09:55:01.76,29130.59,29085,10051,29090,9997,29065,19656,29060,9940
2020-06-11 09:55:05.43,29148.85,29085,10051,29095,9999,29065,19656,29060,9940
2020-06-11 09:55:06.62,29148.85,29085,10051,29095,9999,29065,19656,29060,9940
2020-06-11 09:55:06.82,29148.85,29085,10051,29090,9997,29065,19656,29060,9940
2020-06-11 09:55:11.93,29148.85,29090,20048,29095,9999,29070,9703,29065,9953
2020-06-11 09:55:12.96,29148.85,29090,10051,29095,9999,29070,19643,29065,9953
2020-06-11 09:55:13.13,29148.85,29085,10051,29090,9997,29065,19656,29060,9940
2020-06-11 09:55:14.01,29151.2,29085,10051,29090,9997,29065,19656,29060,9940
2020-06-11 09:55:14.43,29151.2,29085,10051,29095,9999,29070,9940,29065,19656
2020-06-11 09:55:15.58,29151.2,29085,10051,29090,9997,29065,19656,29060,9940
2020-06-11 09:55:16.66,29151.2,29080,10051,29090,9997,29065,9953,29060,19643
2020-06-11 09:55:18.10,29151.2,29080,10051,29085,9999,29060,19643,29055,9953
2020-06-11 09:55:18.69,29151.2,29080,10051,29090,9997,29065,9953,29060,19643
2020-06-11 09:55:19.74,29151.2,29075,10051,29090,9997,29065,9953,29055,9703
2020-06-11 09:55:19.99,29151.2,29075,10051,29080,9997,29055,19656,29050,9940
2020-06-11 09:55:20.83,29151.2,29075,10051,29080,9997,29055,19656,29050,9940
2020-06-11 09:55:21.88,29151.2,29075,10051,29080,9997,29055,19656,29050,9940
2020-06-11 09:55:22.16,29151.2,29080,10051,29085,9999,29060,19643,29055,9953
2020-06-11 09:55:22.93,29151.2,29075,10051,29085,9999,29060,9940,29055,19656
2020-06-11 09:55:23.99,29148.31,29070,10051,29075,9999,29050,19643,29045,9953
2020-06-11 09:55:26.57,29148.31,29075,10051,29080,9997,29055,19656,29050,9940
2020-06-11 09:55:26.86,29148.31,29070,10051,29075,9999,29050,19643,29045,9953
2020-06-11 09:55:27.66,29148.31,29070,10051,29075,9999,29050,19643,29045,9953
2020-06-11 09:55:28.71,29148.31,29070,10051,29075,9999,29050,19643,29045,9953
2020-06-11 09:55:29.77,29148.31,29065,10051,29075,9999,29050,9940,29045,19656
2020-06-11 09:55:30.80,29148.31,29070,10051,29075,9999,29050,19643,29045,9953
2020-06-11 09:55:31.89,29148.31,29070,10051,29075,9999,29050,19643,29045,9953
2020-06-11 09:55:32.30,29148.31,29075,20050,29080,9997,29055,9703,29050,9940
2020-06-11 09:55:33.45,29148.31,29065,10051,29070,9997,29045,19656,29040,9940
2020-06-11 09:55:33.73,29143.57,29070,20048,29075,9999,29050,9703,29045,9953
2020-06-11 09:55:34.80,29143.57,29075,20050,29080,9997,29055,9703,29050,9940
2020-06-11 09:55:35.36,29143.57,29075,20050,29080,9997,29055,9703,29050,9940
2020-06-11 09:55:35.94,29143.57,29070,10051,29075,9999,29050,19643,29045,9953
2020-06-11 09:55:37.26,29143.57,29075,10051,29080,9997,29055,19656,29050,9940
2020-06-11 09:55:38.14,29143.57,29075,20050,29080,9997,29055,9703,29050,9940
2020-06-11 09:55:39.19,29143.57,29075,10051,29080,9997,29055,19656,29050,9940
2020-06-11 09:55:41.28,29143.57,29080,10051,29085,9999,29060,19643,29055,9953
2020-06-11 09:55:41.70,29143.57,29080,10051,29085,9999,29060,19643,29055,9953
2020-06-11 09:55:42.86,29143.57,29075,186,29080,10051,29060,19643,29055,9953
2020-06-11 09:55:46.00,29117.72,29075,186,29085,20050,29065,9682,29060,9940
2020-06-11 09:55:47.56,29117.72,29075,186,29085,10051,29065,9953,29060,19622
2020-06-11 09:55:48.64,29117.72,29075,186,29085,10051,29065,19635,29060,9940
2020-06-11 09:55:49.81,29117.72,29090,10051,29095,9999,29070,19622,29065,9953
2020-06-11 09:55:52.09,29117.72,29100,20049,29105,9999,29080,9682,29075,9953
2020-06-11 09:55:52.85,29117.72,29100,10052,29105,9999,29080,9940,29075,19635
2020-06-11 09:55:53.40,29131.93,29100,10052,29105,9999,29080,9940,29075,19635
2020-06-11 09:55:54.46,29131.93,29100,20049,29105,9999,29080,9682,29075,9953
2020-06-11 09:55:54.79,29131.93,29100,10052,29105,9999,29080,19622,29075,9953
2020-06-11 09:55:55.37,29131.93,29100,10052,29105,9999,29080,19610,29075,9953
2020-06-11 09:55:56.04,29131.93,29100,1,29105,10051,29085,9953,29080,19610
2020-06-11 09:55:57.09,29131.93,29100,10052,29105,9999,29080,19610,29075,9953
2020-06-11 09:55:57.57,29131.93,29095,10051,29100,9998,29075,19623,29070,9940
2020-06-11 09:55:58.65,29131.93,29090,10051,29095,9999,29070,19610,29065,9953
2020-06-11 09:55:58.90,29131.93,29090,10051,29095,9999,29070,19610,29065,9953
2020-06-11 09:55:59.70,29131.93,29085,10051,29090,9997,29065,19623,29060,9940
2020-06-11 09:56:00.74,29131.93,29085,10051,29090,9997,29065,19623,29060,9940
2020-06-11 09:56:01.74,29131.93,29085,10051,29090,9997,29065,19623,29060,9940
2020-06-11 09:56:02.80,29131.93,29080,10051,29085,9999,29060,19610,29055,9953
2020-06-11 09:56:04.93,29140.4,29085,10051,29090,9997,29065,19623,29060,9940
2020-06-11 09:56:06.01,29140.4,29085,10051,29090,9997,29065,19623,29060,9940
2020-06-11 09:56:06.24,29140.4,29085,10051,29090,9997,29065,19623,29060,9940
2020-06-11 09:56:07.36,29140.4,29090,20048,29095,9999,29070,9670,29065,9953
2020-06-11 09:56:08.10,29140.4,29090,10051,29095,9999,29070,19610,29065,9953
2020-06-11 09:56:09.15,29140.4,29090,10051,29095,9999,29070,19610,29065,9953
2020-06-11 09:56:09.57,29140.4,29095,10051,29100,9998,29075,19623,29070,9940
2020-06-11 09:56:26.47,29140.8,29090,10051,29095,9999,29070,19610,29065,9953
2020-06-11 09:56:27.56,29140.8,29090,10051,29100,9998,29075,9953,29070,19610
2020-06-11 09:56:27.76,29140.8,29090,10051,29095,9999,29070,19610,29065,9953
2020-06-11 09:56:29.64,29140.8,29090,10051,29100,9998,29075,9953,29070,19610
2020-06-11 09:56:29.90,29140.8,29095,10051,29100,9998,29075,19623,29070,9940
2020-06-11 09:56:37.87,29138.64,29100,20049,29105,9999,29080,9670,29075,9953
2020-06-11 09:56:38.70,29138.64,29100,20049,29105,9999,29080,9670,29075,9953
2020-06-11 09:56:40.76,29138.64,29100,10052,29105,9999,29080,19610,29075,9953
2020-06-11 09:56:45.46,29132.69,29100,10052,29105,9999,29080,19610,29075,9953
2020-06-11 09:56:46.52,29132.69,29100,20049,29105,9999,29080,9670,29075,9953
2020-06-11 09:56:46.93,29132.69,29095,10051,29100,9998,29075,19623,29070,9940
2020-06-11 09:56:49.51,29132.69,29100,20049,29105,9999,29080,9670,29075,9953
2020-06-11 09:56:50.27,29132.69,29095,10051,29100,9998,29075,19623,29070,9940
2020-06-11 09:56:54.69,29137.32,29095,10051,29100,9998,29075,19623,29070,9940
2020-06-11 09:56:56.07,29137.32,29095,10051,29100,9998,29075,9953,29070,19610
2020-06-11 09:56:57.02,29137.32,29095,10051,29100,9998,29075,19623,29070,9940
2020-06-11 09:56:59.57,29137.32,29090,10051,29095,9999,29070,19610,29065,9953
2020-06-11 09:57:00.16,29137.32,29090,10051,29095,9999,29070,19610,29065,9953
2020-06-11 09:57:01.50,29137.32,29090,20048,29095,9999,29070,9670,29065,9953
2020-06-11 09:57:02.33,29137.32,29090,20048,29095,9999,29070,9670,29065,9953
2020-06-11 09:57:03.63,29138.64,29090,10051,29095,9999,29070,19610,29065,9953
2020-06-11 09:57:06.80,29138.64,29085,10051,29090,9997,29065,19623,29060,9940
2020-06-11 09:57:07.94,29138.64,29080,10,29085,10051,29065,19623,29060,9940
2020-06-11 09:57:09.31,29138.64,29080,10061,29085,9999,29060,19610,29055,9953
2020-06-11 09:57:10.22,29138.64,29080,10,29085,20050,29065,9670,29060,9940
2020-06-11 09:57:11.25,29138.64,29080,10,29085,10051,29065,19623,29060,9940
2020-06-11 09:57:13.39,29138.64,29090,10051,29095,9999,29070,19610,29065,9953
2020-06-11 09:57:14.44,29131.73,29085,10051,29090,9997,29065,19623,29060,9940
2020-06-11 09:57:21.29,29131.73,29090,10051,29095,9999,29070,19610,29065,9953
2020-06-11 09:57:22.34,29131.73,29085,10051,29090,9997,29065,19623,29060,9940
2020-06-11 09:57:30.70,29135.21,29085,10051,29090,9997,29065,19623,29060,9940
2020-06-11 09:57:32.04,29135.21,29085,10051,29090,9997,29065,19623,29060,9940
2020-06-11 09:57:32.77,29135.21,29080,10051,29085,9999,29060,19610,29055,9953
2020-06-11 09:57:39.01,29125.49,29075,10051,29080,9997,29055,19623,29050,9940
2020-06-11 09:57:39.19,29125.49,29075,10051,29085,9999,29060,9940,29055,19623
2020-06-11 09:57:40.10,29125.49,29080,20048,29085,9999,29060,9670,29055,9953
2020-06-11 09:57:41.16,29125.49,29080,10051,29085,9999,29060,19610,29055,9953
2020-06-11 09:57:44.46,29135.89,29085,20050,29090,9997,29065,9670,29060,9940
2020-06-11 09:57:45.38,29135.89,29080,10051,29085,9999,29060,19610,29055,9953
2020-06-11 09:57:45.86,29135.89,29085,10051,29090,9997,29065,19623,29060,9940
2020-06-11 09:57:46.93,29135.89,29090,10051,29095,9999,29070,19610,29065,9953
2020-06-11 09:57:47.43,29135.89,29085,10051,29090,9997,29065,19623,29060,9940
2020-06-11 09:57:50.58,29135.89,29080,10051,29085,9999,29060,19610,29055,9953
2020-06-11 09:57:55.69,29116.53,29080,20048,29085,9999,29060,9670,29055,9953
2020-06-11 09:57:58.30,29116.53,29080,10051,29085,9999,29060,19610,29055,9953
2020-06-11 09:57:58.89,29116.53,29085,10051,29090,9997,29065,19623,29060,9940
2020-06-11 09:57:59.98,29116.53,29085,20050,29090,9997,29065,9670,29060,9940
2020-06-11 09:58:00.36,29116.53,29085,10051,29090,9997,29065,19623,29060,9940
2020-06-11 09:58:03.17,29116.53,29085,10051,29090,9997,29065,19623,29060,9940
2020-06-11 09:58:04.28,29133.82,29085,10051,29090,9997,29065,9953,29060,19610
2020-06-11 09:58:05.23,29133.82,29080,10051,29085,9999,29060,19610,29055,9953
2020-06-11 09:58:08.92,29133.82,29085,20050,29090,9997,29065,9670,29060,9940
2020-06-11 09:58:09.98,29133.82,29080,10051,29085,9999,29060,19610,29055,9953
2020-06-11 09:58:16.38,29141.2,29075,10051,29085,9999,29060,9940,29055,19623
2020-06-11 09:58:17.71,29141.2,29080,10051,29085,9999,29060,9940,29055,19623
2020-06-11 09:58:18.13,29141.2,29075,10051,29085,9999,29060,9940,29055,19623
2020-06-11 09:58:18.36,29141.2,29080,10051,29085,9999,29060,19610,29055,9953
2020-06-11 09:58:24.44,29115.03,29080,10051,29085,9999,29060,9670,29045,10000
2020-06-11 09:58:25.74,29115.03,29080,10051,29100,1,29060,9670,29045,10000
2020-06-11 09:58:34.70,29120.95,29085,10051,29100,1,29065,9670,29050,10000
2020-06-11 09:58:36.56,29120.95,29080,10051,29100,1,29060,9670,29045,10000
2020-06-11 09:58:37.45,29120.95,29085,10051,29100,1,29065,9670,29050,10000
2020-06-11 09:58:38.50,29120.95,29085,10051,29100,1,29060,9670,29045,10000
2020-06-11 09:58:39.59,29120.95,29085,10051,29100,1,29065,9670,29050,10000
2020-06-11 09:58:45.17,29115.99,29080,10051,29100,1,29060,9670,29045,10000
2020-06-11 09:58:50.27,29115.99,29075,10051,29100,1,29055,9670,29040,10000
2020-06-11 09:58:56.43,29129.66,29070,10051,29100,1,29050,9670,29035,10000
2020-06-11 09:58:57.40,29129.66,29070,10051,29100,1,29050,9670,29035,10000
2020-06-11 09:59:01.15,29129.66,29075,10051,29100,1,29055,9670,29040,10000
2020-06-11 09:59:02.60,29129.66,29070,10051,29100,1,29050,9670,29035,10000
2020-06-11 09:59:04.19,29130.47,29075,10051,29100,1,29055,9670,29040,10000
2020-06-11 09:59:10.61,29130.47,29075,10051,29100,1,29055,9670,29040,10000
2020-06-11 09:59:11.64,29130.47,29070,286,29075,10051,29055,9670,29040,10000
2020-06-11 09:59:17.36,29132.08,29070,286,29080,10051,29060,9670,29045,10000
2020-06-11 09:59:18.36,29132.08,29070,286,29080,10051,29060,9670,29045,10000
2020-06-11 09:59:21.53,29132.08,29070,286,29080,10051,29060,9670,29045,10000
2020-06-11 09:59:21.80,29132.08,29070,286,29080,10051,29055,9670,29040,10000
2020-06-11 09:59:22.56,29132.08,29070,286,29075,10051,29055,9670,29040,10000
2020-06-11 09:59:24.67,29129.77,29070,286,29080,10051,29060,9657,29045,10000
2020-06-11 09:59:24.94,29129.77,29070,286,29075,10051,29055,9657,29040,10000
2020-06-11 09:59:26.73,29129.77,29070,10337,29100,1,29050,9657,29035,10000
2020-06-11 09:59:28.29,29129.77,29070,10337,29100,1,29050,9657,29035,10000
2020-06-11 09:59:29.89,29129.77,29065,10051,29070,286,29045,9657,29030,10000
2020-06-11 09:59:30.98,29129.77,29065,10337,29100,10001,29045,9657,29030,10000
2020-06-11 09:59:33.37,29129.77,29060,10051,29065,286,29040,9657,29025,10000
2020-06-11 09:59:34.12,29129.47,29060,10337,29095,10000,29040,9657,29025,10000
2020-06-11 09:59:39.38,29129.47,29060,286,29065,10051,29045,9657,29030,10000
2020-06-11 09:59:47.51,29111.85,29060,286,29070,10051,29050,9657,29035,10000
2020-06-11 09:59:48.72,29111.85,29060,286,29065,10051,29045,9657,29030,10000
2020-06-11 09:59:50.04,29111.85,29060,286,29070,10051,29050,9657,29035,10000
2020-06-11 09:59:52.49,29111.85,29060,286,29070,10051,29050,9657,29035,10000
2020-06-11 09:59:56.66,29134.6,29060,286,29065,10051,29045,9657,29030,10000
2020-06-11 09:59:58.64,29134.6,29060,286,29070,10051,29045,9657,29030,10000
2020-06-11 09:59:59.64,29134.6,29060,286,29070,10051,29050,9657,29035,10000
2020-06-11 10:00:02.88,29134.6,29070,10051,29100,1,29050,9657,29035,10000
2020-06-11 10:00:05.51,29129.98,29070,10051,29100,10001,29045,9657,29030,10000
2020-06-11 10:00:05.91,29129.98,29075,10051,29100,1,29050,9657,29035,10000
2020-06-11 10:00:07.12,29129.98,29080,10051,29100,1,29060,9657,29045,10000
2020-06-11 10:00:08.71,29129.98,29085,10051,29100,1,29065,9657,29050,10000
2020-06-11 10:00:09.76,29129.98,29090,10051,29100,1,29070,9657,29050,10000
2020-06-11 10:00:10.80,29129.98,29085,10051,29100,1,29065,9657,29050,10000
2020-06-11 10:00:12.93,29129.98,29080,10051,29100,1,29060,9657,29045,10000
2020-06-11 10:00:14.47,29131.73,29085,10051,29100,1,29065,9657,29050,10000
2020-06-11 10:00:16.60,29131.73,29090,10051,29100,1,29070,9657,29055,10000
2020-06-11 10:00:17.07,29131.73,29090,10051,29100,1,29070,9657,29055,10000
2020-06-11 10:00:19.24,29131.73,29095,10051,29100,1,29075,9657,29060,10000
2020-06-11 10:00:20.28,29131.73,29090,10051,29100,1,29070,9657,29055,10000
2020-06-11 10:00:21.86,29131.73,29090,10051,29100,1,29070,9657,29055,10000
2020-06-11 10:00:26.08,29119.35,29085,10051,29100,1,29065,9657,29050,10000
2020-06-11 10:00:26.63,29119.35,29085,10051,29100,1,29065,9657,29050,10000
2020-06-11 10:00:29.80,29119.35,29085,10051,29100,1,29065,9657,29050,10000
2020-06-11 10:00:30.86,29119.35,29085,10051,29100,1,29065,9657,29050,10000
2020-06-11 10:00:32.26,29119.35,29090,10051,29100,1,29070,9657,29055,10000
2020-06-11 10:00:35.53,29134.84,29095,10051,29100,1,29075,9657,29060,10000
2020-06-11 10:00:39.17,29134.84,29090,10051,29100,1,29070,9657,29055,10000
2020-06-11 10:00:40.73,29134.84,29090,10051,29100,1,29070,9657,29055,10000
2020-06-11 10:00:41.06,29134.84,29085,10051,29100,1,29065,9657,29050,10000
2020-06-11 10:00:41.82,29134.84,29090,10051,29100,1,29070,9657,29055,10000
2020-06-11 10:00:43.07,29132.83,29085,10051,29100,1,29065,9657,29050,10000
2020-06-11 10:00:43.86,29132.83,29090,10051,29100,1,29070,9657,29055,10000
2020-06-11 10:00:44.93,29132.83,29085,10051,29100,1,29065,9657,29050,10000
2020-06-11 10:00:47.04,29132.83,29085,10051,29100,1,29060,9657,29045,10000
2020-06-11 10:00:48.02,29132.83,29080,10051,29100,1,29060,9657,29045,10000
2020-06-11 10:00:54.86,29117.38,29080,10051,29100,1,29055,9657,29040,10000
2020-06-11 10:00:55.97,29117.38,29080,10051,29100,1,29060,9657,29045,10000
2020-06-11 10:00:59.09,29117.38,29075,10051,29100,1,29055,9657,29040,10000
2020-06-11 10:01:00.13,29117.38,29080,10051,29100,1,29060,9657,29045,10000
2020-06-11 10:01:01.17,29117.38,29080,10051,29100,1,29060,9657,29045,10000
2020-06-11 10:01:01.53,29117.38,29080,10051,29100,1,29060,9657,29045,10000
2020-06-11 10:01:02.72,29117.38,29085,10051,29100,1,29065,9657,29050,10000
2020-06-11 10:01:05.37,29125.56,29090,10051,29100,1,29070,9657,29055,10000
2020-06-11 10:01:07.45,29125.56,29090,10051,29100,1,29070,9657,29055,10000
2020-06-11 10:01:09.08,29125.56,29085,10051,29100,1,29065,9657,29050,10000
2020-06-11 10:01:12.85,29125.56,29090,10051,29100,1,29070,9657,29055,10000
2020-06-11 10:01:13.57,29125.56,29085,10051,29100,1,29065,9657,29050,10000
2020-06-11 10:01:16.47,29138.2,29085,10051,29100,1,29065,9657,29050,10000
2020-06-11 10:01:19.63,29138.2,29080,10051,29100,1,29060,9657,29045,10000
2020-06-11 10:01:20.63,29138.2,29085,10051,29100,1,29065,9657,29050,10000
2020-06-11 10:01:23.72,29138.2,29085,10051,29100,1,29070,9657,29050,10000
2020-06-11 10:01:23.97,29123.84,29085,10051,29100,1,29065,9657,29050,10000
2020-06-11 10:01:24.80,29123.84,29080,10051,29100,1,29060,9657,29045,10000
2020-06-11 10:01:25.81,29123.84,29085,10051,29100,1,29065,9657,29050,10000
2020-06-11 10:01:27.06,29123.84,29080,10051,29100,1,29060,9657,29045,10000
2020-06-11 10:01:27.97,29123.84,29085,10051,29100,1,29060,9657,29045,10000
2020-06-11 10:01:29.02,29123.84,29080,10051,29100,1,29060,9657,29045,10000
2020-06-11 10:01:31.13,29123.84,29085,10051,29100,1,29065,9657,29050,10000
2020-06-11 10:01:31.49,29123.84,29090,10051,29100,1,29070,9657,29055,10000
2020-06-11 10:01:37.53,29139.02,29090,10051,29100,1,29070,9636,29055,10000
2020-06-11 10:01:41.76,29139.02,29095,10051,29100,1,29075,9636,29060,10000
2020-06-11 10:01:46.09,29129.1,29090,10051,29100,1,29070,9636,29055,10000
2020-06-11 10:01:46.92,29129.1,29090,10051,29100,1,29070,9636,29055,10000
2020-06-11 10:01:50.26,29129.1,29090,10051,29100,1,29070,9635,29055,10000
2020-06-11 10:01:51.13,29129.1,29090,10051,29100,1,29070,9635,29055,10000
2020-06-11 10:01:52.18,29129.1,29095,10051,29100,1,29075,9635,29060,10000
2020-06-11 10:01:54.67,29139.79,29095,10051,29100,1,29075,9635,29060,10000
2020-06-11 10:01:58.52,29139.79,29090,39,29095,10051,29075,9635,29060,10000
2020-06-11 10:02:01.69,29139.79,29090,39,29100,10052,29080,9635,29065,10000
2020-06-11 10:02:03.79,29139.79,29090,39,29095,10051,29075,9635,29060,10000
2020-06-11 10:02:04.13,29124.73,29090,39,29100,10052,29080,9635,29065,10000
2020-06-11 10:02:09.00,29124.73,29100,10052,29135,10000,29080,9635,29065,10000
2020-06-11 10:02:14.89,29138.62,29100,10052,29135,10000,29080,9635,29065,10000
2020-06-11 10:02:19.36,29138.62,29095,10051,29100,1,29075,9635,29060,10000
2020-06-11 10:02:22.20,29138.62,29100,10052,29135,10000,29080,9635,29065,10000
2020-06-11 10:02:39.00,29148.07,29095,10051,29100,1,29075,9635,29060,10000
2020-06-11 10:02:40.56,29148.07,29100,10052,29135,10000,29080,9635,29065,10000
2020-06-11 10:02:40.89,29148.07,29095,185,29100,10052,29080,9635,29065,10000
2020-06-11 10:02:47.48,29134.46,29095,185,29100,1,29085,9635,29070,10000
2020-06-11 10:02:48.48,29134.46,29095,185,29100,1,29080,9635,29065,10000
2020-06-11 10:02:48.73,29134.46,29095,185,29100,1,29085,9635,29070,10000
2020-06-11 10:02:49.53,29134.46,29100,1,29105,10051,29085,9635,29070,10000
2020-06-11 10:02:50.55,29134.46,29110,10051,29145,10000,29090,9635,29075,10000
2020-06-11 10:02:54.23,29148.21,29110,10051,29145,10000,29090,9623,29075,10000
2020-06-11 10:02:54.48,29148.21,29110,10051,29145,10000,29090,9623,29075,10000
2020-06-11 10:02:55.27,29148.21,29110,10051,29145,10000,29090,9623,29075,10000
2020-06-11 10:02:56.40,29148.21,29110,10051,29145,10000,29090,9623,29075,10000
2020-06-11 10:02:57.41,29148.21,29110,10051,29145,10000,29085,9623,29070,10000
2020-06-11 10:02:57.76,29148.21,29105,10051,29140,10000,29085,9623,29070,10000
2020-06-11 10:02:59.69,29148.21,29105,10051,29140,10000,29085,9623,29070,10000
2020-06-11 10:03:00.54,29148.21,29100,10051,29135,10000,29080,9623,29065,10000
2020-06-11 10:03:01.51,29148.21,29105,10051,29140,10000,29085,9623,29070,10000
2020-06-11 10:03:04.41,29172.36,29105,10051,29140,10000,29085,9623,29070,10000
2020-06-11 10:03:05.22,29172.36,29110,10051,29145,10000,29085,9623,29070,10000
2020-06-11 10:03:05.60,29172.36,29110,10051,29145,10000,29090,9623,29075,10000
2020-06-11 10:03:07.85,29172.36,29105,10051,29140,10000,29085,9623,29070,10000
2020-06-11 10:03:08.88,29172.36,29110,10051,29145,10000,29085,9623,29070,10000
2020-06-11 10:03:09.11,29172.36,29105,10051,29140,10000,29085,9623,29070,10000
2020-06-11 10:03:10.27,29172.36,29110,10051,29145,10000,29090,9623,29075,10000
2020-06-11 10:03:12.24,29172.36,29105,10051,29140,10000,29085,9623,29070,10000
2020-06-11 10:03:13.08,29172.36,29105,10051,29140,10000,29085,9623,29070,10000
2020-06-11 10:03:17.69,29175.95,29105,10051,29140,10000,29085,9623,29070,10000
2020-06-11 10:03:22.03,29175.95,29100,10051,29135,10000,29080,9623,29065,10000
2020-06-11 10:03:24.16,29155.9,29100,10051,29135,10000,29080,9623,29065,10000
2020-06-11 10:03:25.22,29155.9,29105,10051,29140,10000,29085,9623,29070,10000
2020-06-11 10:03:25.50,29155.9,29100,10051,29135,10000,29080,9623,29065,10000
2020-06-11 10:03:26.28,29155.9,29105,10051,29140,10000,29085,9623,29070,10000
2020-06-11 10:03:26.69,29155.9,29105,10051,29140,10000,29085,9623,29070,10000
2020-06-11 10:03:29.40,29155.9,29110,10051,29145,10000,29085,9623,29070,10000
2020-06-11 10:03:29.58,29155.9,29110,10051,29145,10000,29090,9623,29075,10000
2020-06-11 10:03:30.45,29155.9,29110,10051,29145,10000,29090,9623,29075,10000
2020-06-11 10:03:30.68,29155.9,29110,10051,29145,10000,29090,9623,29075,10000
2020-06-11 10:03:31.48,29155.9,29110,10051,29145,10000,29090,9623,29075,10000
2020-06-11 10:03:32.57,29155.9,29105,10051,29140,10000,29085,9623,29070,10000
2020-06-11 10:03:39.45,29154.4,29110,10051,29145,10000,29090,9623,29075,10000
2020-06-11 10:03:41.70,29154.4,29110,10051,29145,10000,29090,9623,29075,10000
2020-06-11 10:03:42.87,29174.94,29110,10051,29145,10000,29090,9623,29075,10000
2020-06-11 10:03:43.49,29174.94,29110,10051,29145,10000,29090,9623,29075,10000
2020-06-11 10:03:48.69,29174.94,29110,10051,29145,10000,29090,9623,29075,10000
2020-06-11 10:03:49.83,29174.94,29115,10051,29150,10000,29095,9623,29080,10000
2020-06-11 10:03:50.04,29174.94,29115,10051,29150,10000,29090,9623,29075,10000
2020-06-11 10:03:50.96,29174.94,29115,10051,29150,10000,29095,9623,29080,10000
2020-06-11 10:03:55.04,29164.02,29120,10051,29155,10000,29100,9623,29085,10000
2020-06-11 10:03:56.10,29164.02,29125,10051,29160,10000,29105,9623,29090,10000
2020-06-11 10:03:59.85,29164.02,29120,10051,29155,10000,29100,9623,29085,10000
2020-06-11 10:04:00.07,29164.02,29125,10051,29160,10000,29105,9623,29090,10000
2020-06-11 10:04:00.91,29164.02,29130,10051,29165,10000,29110,9623,29095,10000
2020-06-11 10:04:01.94,29164.02,29125,10051,29160,10000,29105,9623,29090,10000
2020-06-11 10:04:05.63,29179.7,29120,10051,29155,10000,29100,9623,29085,10000
2020-06-11 10:04:06.66,29179.7,29130,10051,29165,10000,29110,9623,29095,10000
2020-06-11 10:04:11.80,29179.7,29135,10051,29170,10000,29115,9623,29100,10000
2020-06-11 10:04:13.06,29188.43,29130,10051,29165,10000,29110,9623,29095,10000
2020-06-11 10:04:13.90,29188.43,29135,10051,29170,10000,29115,9623,29100,10000
2020-06-11 10:04:14.90,29188.43,29130,10051,29165,10000,29110,9623,29095,10000
2020-06-11 10:04:16.06,29188.43,29135,10051,29170,10000,29115,9623,29100,10000
2020-06-11 10:04:20.53,29188.43,29140,10051,29175,10000,29120,9623,29105,10000
2020-06-11 10:04:23.82,29185.87,29140,10051,29175,10000,29120,9623,29105,10000
2020-06-11 10:04:24.21,29185.87,29135,10051,29170,10000,29115,9623,29100,10000
2020-06-11 10:04:26.20,29185.87,29130,10051,29165,10000,29110,9623,29095,10000
2020-06-11 10:04:30.60,29185.87,29135,10051,29170,10000,29115,9623,29100,10000
2020-06-11 10:04:30.93,29185.87,29140,10051,29175,10000,29120,9623,29105,10000
2020-06-11 10:04:32.18,29185.87,29135,10051,29170,10000,29115,9623,29100,10000
2020-06-11 10:04:32.43,29185.87,29140,10051,29175,10000,29120,9623,29105,10000
2020-06-11 10:04:33.21,29185.87,29135,10051,29170,10000,29115,9623,29100,10000
2020-06-11 10:04:34.29,29183.84,29140,10051,29175,10000,29120,9623,29105,10000
2020-06-11 10:04:43.71,29181.92,29145,10051,29180,10000,29125,9623,29110,10000
2020-06-11 10:04:46.96,29181.92,29150,10051,29185,10052,29130,9623,29115,10000
2020-06-11 10:04:51.17,29181.92,29145,10051,29180,10000,29125,9623,29110,10000
2020-06-11 10:04:52.86,29181.92,29145,10051,29180,10000,29125,9623,29110,10000
2020-06-11 10:04:57.27,29187.75,29150,10051,29185,10052,29130,9623,29115,10000
2020-06-11 10:04:58.08,29187.75,29145,10051,29180,10000,29125,9623,29110,10000
2020-06-11 10:05:00.50,29187.75,29150,10051,29185,10052,29130,9623,29115,10000
2020-06-11 10:05:06.68,29178.49,29150,10051,29185,10052,29125,9623,29110,10000
2020-06-11 10:05:07.45,29178.49,29145,10051,29180,10000,29125,9623,29110,10000
2020-06-11 10:05:08.50,29178.49,29150,10051,29185,10052,29130,9623,29115,10000
2020-06-11 10:05:08.90,29178.49,29145,10051,29180,10000,29125,9623,29110,10000
2020-06-11 10:05:10.29,29178.49,29145,10051,29180,10000,29125,9623,29110,10000
2020-06-11 10:05:12.35,29178.49,29140,10051,29180,10000,29125,9623,29110,10000
2020-06-11 10:05:20.52,29198.92,29145,10054,29180,10000,29125,9623,29110,10000
2020-06-11 10:05:21.59,29198.92,29140,10054,29180,10000,29125,9623,29110,10000
2020-06-11 10:05:23.15,29198.92,29145,10054,29185,10052,29125,9623,29110,10000
2020-06-11 10:05:23.37,29193.86,29145,10054,29185,10052,29130,9623,29115,10000
2020-06-11 10:05:28.76,29193.86,29145,10054,29185,10052,29130,9623,29115,10000
2020-06-11 10:05:31.75,29193.86,29150,10054,29185,52,29135,9623,29120,10000
2020-06-11 10:05:34.89,29191.3,29155,10054,29185,52,29140,9623,29125,10000
2020-06-11 10:05:35.89,29191.3,29155,10054,29185,52,29140,9623,29125,10000
2020-06-11 10:05:36.80,29191.3,29155,10054,29185,52,29140,9623,29125,10000
2020-06-11 10:05:38.89,29191.3,29155,10054,29185,52,29140,9623,29125,10000
2020-06-11 10:05:47.78,29186.41,29155,10054,29185,52,29140,9623,29125,10000
2020-06-11 10:05:48.06,29186.41,29155,10054,29185,52,29140,9623,29125,10000
2020-06-11 10:05:57.82,29204.43,29160,10054,29185,52,29140,9623,29125,10000
2020-06-11 10:05:58.68,29204.43,29155,10054,29185,52,29140,9623,29125,10000
2020-06-11 10:06:01.46,29204.43,29160,10054,29185,52,29145,9623,29130,10000
2020-06-11 10:06:02.35,29204.43,29155,10054,29185,52,29140,9623,29125,10000
2020-06-11 10:06:03.41,29204.43,29160,10054,29185,52,29145,9623,29130,10000
2020-06-11 10:06:10.63,29219.81,29155,287,29160,10054,29145,9623,29130,10000
2020-06-11 10:06:12.07,29219.81,29155,287,29160,10054,29145,9623,29130,10000
2020-06-11 10:06:12.86,29219.81,29155,287,29165,10054,29150,9623,29135,10000
2020-06-11 10:06:13.25,29219.81,29160,10054,29185,52,29150,1100,29145,9623
2020-06-11 10:06:15.11,29208.42,29165,10054,29185,52,29150,10723,29135,10000
2020-06-11 10:06:18.39,29208.42,29165,10054,29185,52,29150,10723,29135,10000
2020-06-11 10:06:19.22,29208.42,29165,10054,29185,52,29150,10723,29135,10000
2020-06-11 10:06:22.84,29208.42,29165,10054,29185,52,29150,10711,29135,10000
2020-06-11 10:06:23.09,29210.58,29170,10054,29185,52,29155,9623,29150,1088
2020-06-11 10:06:26.50,29210.58,29170,10054,29185,52,29150,10711,29135,10000
2020-06-11 10:06:27.56,29210.58,29165,10054,29185,52,29150,10711,29135,10000
2020-06-11 10:06:28.83,29210.58,29165,10054,29185,52,29150,10711,29135,10000
2020-06-11 10:06:31.79,29210.58,29165,10054,29185,52,29150,10711,29135,10000
2020-06-11 10:06:36.48,29216.05,29160,10054,29185,52,29150,1088,29145,9623
2020-06-11 10:06:37.79,29216.05,29160,10053,29185,52,29150,1088,29145,9623
2020-06-11 10:06:39.03,29216.05,29160,10053,29185,52,29150,1088,29145,9623
2020-06-11 10:06:40.09,29216.05,29160,10053,29185,52,29150,1088,29145,9623
2020-06-11 10:06:42.59,29216.05,29160,10053,29185,52,29150,1088,29145,9623
2020-06-11 10:06:43.20,29216.05,29160,10053,29185,52,29150,1088,29140,9623
2020-06-11 10:06:44.29,29235.3,29155,10053,29185,52,29140,9623,29125,10000
2020-06-11 10:06:44.54,29235.3,29160,10053,29185,52,29145,9623,29130,10000
2020-06-11 10:06:45.32,29235.3,29155,10053,29185,52,29140,9623,29125,10000
2020-06-11 10:06:52.12,29235.3,29160,10053,29185,52,29145,9623,29130,10000
2020-06-11 10:06:52.55,29235.3,29160,10053,29185,52,29145,9623,29130,10000
2020-06-11 10:06:53.68,29231.3,29155,10053,29185,52,29140,9571,29125,10000
2020-06-11 10:06:54.05,29231.3,29160,10053,29185,52,29145,9571,29130,10000
2020-06-11 10:06:54.69,29231.3,29155,10053,29185,52,29140,9571,29125,10000
2020-06-11 10:06:56.82,29231.3,29155,10053,29185,52,29140,9571,29125,10000
2020-06-11 10:06:59.41,29231.3,29150,10053,29185,52,29135,9571,29120,10000
2020-06-11 10:07:00.47,29231.3,29155,10053,29185,52,29140,9571,29125,10000
2020-06-11 10:07:01.50,29231.3,29155,10053,29185,52,29140,9571,29125,10000
2020-06-11 10:07:03.07,29231.3,29150,10053,29185,52,29135,9571,29120,10000
2020-06-11 10:07:03.69,29206.98,29155,10053,29185,52,29140,9571,29125,10000
2020-06-11 10:07:06.69,29206.98,29160,10053,29185,52,29145,9571,29130,10000
2020-06-11 10:07:07.16,29206.98,29160,10053,29185,52,29145,9571,29130,10000
2020-06-11 10:07:12.42,29206.98,29165,10053,29185,52,29150,9571,29135,10000
2020-06-11 10:07:13.48,29206.98,29170,10053,29185,52,29155,9571,29135,10000
2020-06-11 10:07:13.77,29232.86,29170,10053,29185,52,29155,9571,29140,10000
2020-06-11 10:07:15.55,29232.86,29175,10053,29185,52,29160,9571,29145,10000
2020-06-11 10:07:19.09,29232.86,29175,10053,29185,52,29160,9571,29145,10000
2020-06-11 10:07:19.70,29232.86,29180,10053,29185,52,29165,9571,29150,10000
2020-06-11 10:07:21.84,29232.86,29185,10105,29200,2,29170,9571,29155,10000
2020-06-11 10:07:22.92,29232.86,29175,10053,29185,52,29160,9571,29145,10000
2020-06-11 10:07:23.31,29232.86,29175,10053,29185,52,29160,9571,29145,10000
2020-06-11 10:07:26.12,29214.76,29170,10053,29185,52,29155,9571,29140,10000
2020-06-11 10:07:28.25,29214.76,29165,10053,29185,52,29150,9571,29135,10000
2020-06-11 10:07:29.23,29214.76,29170,10053,29185,52,29155,9551,29140,10000
2020-06-11 10:07:30.59,29214.76,29170,10053,29185,52,29155,9551,29140,10000
2020-06-11 10:07:32.45,29214.76,29175,10053,29185,52,29160,9551,29145,10000
2020-06-11 10:07:32.70,29214.76,29170,10053,29185,52,29155,9551,29140,10000
2020-06-11 10:07:33.51,29214.76,29170,10053,29185,52,29155,9551,29140,10000
2020-06-11 10:07:33.99,29212.32,29175,10053,29185,52,29155,9551,29140,10000
2020-06-11 10:07:35.04,29212.32,29170,10053,29185,52,29155,9551,29140,10000
2020-06-11 10:07:35.29,29212.32,29170,10053,29185,52,29155,9551,29140,10000
2020-06-11 10:07:36.15,29212.32,29170,10053,29185,52,29155,9551,29140,10000
2020-06-11 10:07:36.40,29212.32,29175,10053,29185,52,29160,9551,29145,10000
2020-06-11 10:07:37.60,29212.32,29175,10053,29185,52,29160,9551,29145,10000
2020-06-11 10:07:38.23,29212.32,29180,10053,29185,52,29165,9551,29150,10000
2020-06-11 10:07:38.85,29212.32,29175,10053,29185,52,29160,9551,29145,10000
2020-06-11 10:07:39.87,29212.32,29175,10053,29185,52,29160,9551,29145,10000
2020-06-11 10:07:40.93,29212.32,29170,10053,29185,52,29155,9551,29140,10000
2020-06-11 10:07:42.51,29212.32,29170,10053,29185,52,29155,9551,29140,10000
2020-06-11 10:07:45.68,29211.56,29170,10053,29185,52,29150,9551,29135,10000
2020-06-11 10:07:45.96,29211.56,29175,10053,29185,52,29160,9551,29145,10000
2020-06-11 10:07:47.22,29211.56,29180,10053,29185,52,29165,9551,29150,10000
2020-06-11 10:07:48.16,29211.56,29180,10053,29185,52,29165,9551,29150,10000
2020-06-11 10:07:48.75,29211.56,29175,10053,29185,52,29160,9551,29145,10000
2020-06-11 10:07:49.96,29211.56,29180,10053,29185,52,29160,9551,29145,10000
2020-06-11 10:07:50.94,29211.56,29180,10053,29185,52,29165,9551,29150,10000
2020-06-11 10:07:51.97,29211.56,29180,10053,29185,52,29165,9551,29150,10000
2020-06-11 10:07:52.28,29211.56,29175,10053,29185,52,29160,9551,29145,10000
2020-06-11 10:07:52.99,29211.56,29175,10053,29185,52,29160,9551,29145,10000
2020-06-11 10:07:54.07,29216.98,29180,10053,29185,52,29165,9551,29150,10000
2020-06-11 10:08:00.86,29216.98,29175,10053,29185,52,29160,9551,29145,10000
2020-06-11 10:08:01.23,29216.98,29175,10053,29185,52,29160,9551,29145,10000
2020-06-11 10:08:01.80,29216.98,29180,10053,29185,52,29160,9551,29145,10000
2020-06-11 10:08:02.92,29216.98,29175,10053,29185,52,29160,9551,29145,10000
2020-06-11 10:08:04.77,29212.32,29175,10053,29185,52,29160,9551,29145,10000
2020-06-11 10:08:05.55,29212.32,29175,10053,29185,52,29160,9550,29145,10000
2020-06-11 10:08:06.58,29212.32,29170,10053,29185,52,29155,9550,29140,10000
2020-06-11 10:08:08.86,29212.32,29170,10053,29185,52,29155,9550,29140,10000
2020-06-11 10:08:09.67,29212.32,29165,10053,29185,52,29150,9550,29135,10000
2020-06-11 10:08:10.09,29212.32,29170,10053,29185,52,29155,9550,29140,10000
2020-06-11 10:08:10.62,29212.32,29165,10053,29185,52,29150,9550,29135,10000
2020-06-11 10:08:12.81,29212.32,29170,10053,29185,52,29155,9550,29140,10000
2020-06-11 10:08:13.26,29212.32,29165,10053,29185,52,29150,9550,29135,10000
2020-06-11 10:08:14.46,29228.98,29170,10053,29185,52,29155,9550,29140,10000
2020-06-11 10:08:16.76,29228.98,29165,10053,29185,52,29150,9550,29135,10000
2020-06-11 10:08:17.48,29228.98,29170,10053,29185,52,29155,9550,29140,10000
2020-06-11 10:08:18.89,29228.98,29165,10053,29185,52,29150,9550,29135,10000
2020-06-11 10:08:19.89,29228.98,29170,10053,29185,52,29150,9550,29135,10000
2020-06-11 10:08:20.32,29228.98,29165,10053,29185,52,29150,9550,29135,10000
2020-06-11 10:08:21.15,29228.98,29170,10053,29185,52,29155,9550,29140,10000
2020-06-11 10:08:22.67,29228.98,29175,10053,29185,52,29155,9550,29140,10000
2020-06-11 10:08:23.79,29232.54,29170,10053,29185,52,29155,9550,29140,10000
2020-06-11 10:08:25.84,29232.54,29165,39,29170,10053,29155,9550,29140,10000
2020-06-11 10:08:28.96,29232.54,29165,10092,29185,52,29150,9550,29135,10000
2020-06-11 10:08:29.96,29232.54,29165,10092,29185,52,29150,9550,29135,10000
2020-06-11 10:08:33.49,29211.86,29165,39,29170,10053,29155,9550,29140,10000
2020-06-11 10:08:39.07,29211.86,29165,39,29170,10053,29155,9550,29140,10000
2020-06-11 10:08:44.28,29226.01,29175,10053,29185,52,29160,9550,29145,10000
2020-06-11 10:08:46.16,29226.01,29175,10053,29185,52,29160,9550,29145,10000
2020-06-11 10:08:46.60,29226.01,29175,10053,29185,52,29160,9550,29145,10000
2020-06-11 10:08:49.33,29226.01,29170,10053,29185,52,29155,9550,29140,10000
2020-06-11 10:08:53.81,29227.89,29175,10053,29185,52,29160,9550,29145,10000
2020-06-11 10:08:54.62,29227.89,29170,10053,29185,52,29155,9550,29140,10000
2020-06-11 10:08:54.83,29227.89,29175,10053,29185,52,29160,9550,29145,10000
2020-06-11 10:08:55.69,29227.89,29170,10053,29185,52,29155,9550,29140,10000
2020-06-11 10:08:58.86,29227.89,29165,10053,29185,52,29150,9550,29135,10000
2020-06-11 10:08:59.87,29227.89,29170,10053,29185,52,29155,9550,29140,10000
2020-06-11 10:09:02.76,29227.89,29165,10053,29185,52,29150,9550,29135,10000
2020-06-11 10:09:03.64,29227.89,29170,10053,29185,52,29155,9550,29140,10000
2020-06-11 10:09:06.29,29226.24,29175,10053,29185,52,29160,9550,29145,10000
2020-06-11 10:09:07.34,29226.24,29175,10053,29185,52,29160,9550,29145,10000
2020-06-11 10:09:07.62,29226.24,29175,10053,29185,52,29160,9550,29145,10000
2020-06-11 10:09:12.46,29226.24,29180,10053,29185,52,29160,9550,29145,10000
2020-06-11 10:09:12.99,29226.24,29180,10053,29185,52,29165,9550,29150,10000
2020-06-11 10:09:14.29,29226.16,29175,10053,29185,52,29160,9550,29145,10000
2020-06-11 10:09:17.52,29226.16,29175,10053,29185,52,29160,9550,29145,10000
2020-06-11 10:09:18.37,29226.16,29175,10053,29185,52,29155,9550,29140,10000
2020-06-11 10:09:19.40,29226.16,29175,10053,29185,52,29160,9550,29145,10000
2020-06-11 10:09:27.77,29205.5,29175,10053,29185,52,29160,9550,29145,10000
2020-06-11 10:09:34.58,29215.83,29175,10053,29185,52,29160,9550,29145,10000
2020-06-11 10:09:35.03,29215.83,29175,10053,29185,52,29160,9550,29145,10000
2020-06-11 10:09:36.19,29215.83,29175,10053,29185,52,29160,9550,29145,10000
2020-06-11 10:09:39.48,29215.83,29170,10053,29185,52,29155,9550,29140,10000
2020-06-11 10:09:40.44,29215.83,29165,233,29175,10053,29155,9550,29140,10000
2020-06-11 10:09:42.53,29215.83,29165,233,29170,10053,29155,9550,29140,10000
2020-06-11 10:09:42.80,29215.83,29165,233,29170,10053,29155,9550,29140,10000
2020-06-11 10:09:43.59,29233.19,29165,233,29170,10053,29150,9550,29135,10000
2020-06-11 10:09:44.62,29233.19,29165,233,29170,10053,29155,9550,29140,10000
2020-06-11 10:09:45.67,29233.19,29165,233,29175,10053,29160,9550,29145,10000
2020-06-11 10:09:46.20,29233.19,29165,233,29175,10053,29160,9550,29145,10000
2020-06-11 10:09:47.26,29233.19,29165,233,29170,10053,29155,9550,29140,10000
2020-06-11 10:09:47.62,29233.19,29165,233,29175,10053,29155,9550,29140,10000
2020-06-11 10:09:48.37,29233.19,29165,233,29170,10053,29155,9550,29140,10000
2020-06-11 10:09:51.92,29233.19,29165,233,29170,10053,29155,9537,29140,10000
2020-06-11 10:09:57.23,29230.42,29165,10286,29185,52,29150,9537,29135,10000
2020-06-11 10:09:58.29,29230.42,29165,233,29170,10053,29155,9537,29140,10000
2020-06-11 10:09:58.51,29230.42,29165,233,29175,10053,29160,9537,29145,10000
2020-06-11 10:09:59.32,29230.42,29165,233,29170,10053,29155,9537,29140,10000
2020-06-11 10:09:59.76,29230.42,29165,233,29175,10053,29160,9537,29145,10000
2020-06-11 10:10:00.88,29230.42,29175,10053,29185,52,29160,10437,29145,10000
2020-06-11 10:10:01.17,29230.42,29175,10053,29185,52,29160,10437,29145,10000
2020-06-11 10:10:01.93,29230.42,29170,10053,29185,52,29160,900,29155,9537
2020-06-11 10:10:03.01,29230.42,29175,10053,29185,52,29160,10437,29145,10000
2020-06-11 10:10:03.26,29230.42,29175,10053,29185,52,29160,10437,29145,10000
2020-06-11 10:10:04.07,29245.33,29175,10053,29185,52,29160,900,29155,9537
2020-06-11 10:10:04.52,29245.33,29170,10053,29185,52,29160,900,29155,9537
2020-06-11 10:10:05.62,29245.33,29175,10053,29185,52,29160,10437,29145,10000
2020-06-11 10:10:10.58,29245.33,29175,10053,29185,52,29160,10437,29145,10000
2020-06-11 10:10:11.79,29245.33,29175,10053,29185,52,29160,10437,29145,10000
2020-06-11 10:10:17.69,29233.85,29180,10053,29185,52,29165,9537,29160,900
2020-06-11 10:10:31.09,29245.21,29175,10053,29185,52,29160,10437,29145,10000
2020-06-11 10:10:31.81,29245.21,29180,10053,29185,52,29165,9537,29160,900
2020-06-11 10:10:38.26,29238.61,29175,10053,29185,52,29160,10437,29145,10000
2020-06-11 10:10:39.18,29238.61,29175,10053,29185,52,29160,10437,29145,10000
2020-06-11 10:10:39.59,29238.61,29180,10053,29185,52,29165,9537,29160,900
2020-06-11 10:10:40.75,29238.61,29175,10053,29185,52,29160,10437,29145,10000
2020-06-11 10:10:47.29,29252.29,29180,10053,29185,52,29165,9537,29160,900
2020-06-11 10:10:47.88,29252.29,29175,10053,29185,52,29160,10437,29145,10000
2020-06-11 10:10:48.49,29252.29,29180,10053,29185,52,29160,10437,29145,10000
2020-06-11 10:10:49.57,29252.29,29175,10053,29185,52,29160,10437,29145,10000
2020-06-11 10:10:49.81,29252.29,29180,10053,29185,52,29165,9537,29160,900
2020-06-11 10:10:54.30,29244.24,29175,10053,29185,52,29160,10437,29145,10000
2020-06-11 10:10:54.59,29244.24,29180,10053,29185,52,29165,9537,29160,900
2020-06-11 10:10:56.41,29244.24,29170,10053,29185,52,29160,900,29155,9537
2020-06-11 10:10:56.85,29244.24,29175,10053,29185,52,29160,10437,29145,10000
2020-06-11 10:11:00.60,29244.24,29180,10053,29185,52,29165,9537,29160,900
2020-06-11 10:11:00.88,29244.24,29175,10053,29185,52,29160,10437,29145,10000
2020-06-11 10:11:01.66,29244.24,29180,10053,29185,52,29165,9537,29160,900
2020-06-11 10:11:02.69,29244.24,29175,10053,29185,52,29160,10437,29145,10000
2020-06-11 10:11:03.79,29244.24,29180,10053,29185,52,29160,10437,29145,10000
2020-06-11 10:11:06.02,29248.42,29175,10053,29185,52,29160,10437,29145,10000
2020-06-11 10:11:06.36,29248.42,29180,10053,29185,52,29160,10437,29145,10000
2020-06-11 10:11:06.75,29248.42,29180,10053,29185,52,29165,9537,29160,900
2020-06-11 10:11:21.56,29225.8,29175,10053,29185,52,29160,10437,29145,10000
2020-06-11 10:11:22.69,29225.8,29170,10053,29185,52,29160,900,29155,9537
2020-06-11 10:11:23.75,29225.8,29175,10053,29185,52,29160,10437,29145,10000
2020-06-11 10:11:24.81,29236.13,29180,10053,29185,52,29165,9537,29160,900
2020-06-11 10:11:32.23,29236.13,29180,10053,29185,52,29165,9537,29160,900
2020-06-11 10:11:32.48,29236.13,29185,10105,29200,2,29165,9537,29160,900
2020-06-11 10:11:33.26,29236.13,29180,10053,29185,52,29165,9537,29160,900
2020-06-11 10:11:38.60,29229.09,29185,10105,29200,2,29170,9537,29160,900
2020-06-11 10:11:42.76,29229.09,29180,10053,29185,52,29165,9537,29160,900
2020-06-11 10:11:43.05,29228.98,29185,10105,29200,2,29170,9537,29160,900
2020-06-11 10:11:53.47,29233.17,29185,52,29190,10053,29175,9537,29160,10900
2020-06-11 10:11:54.72,29233.17,29185,52,29195,10053,29180,9537,29165,10000
2020-06-11 10:11:55.36,29233.17,29195,10053,29200,2,29180,9737,29165,10000
2020-06-11 10:11:57.75,29233.17,29200,10055,29240,10000,29185,9537,29180,200
2020-06-11 10:11:58.52,29233.17,29195,10053,29200,2,29180,9737,29165,10000
2020-06-11 10:12:00.99,29233.17,29200,10055,29240,10000,29185,9537,29180,200
2020-06-11 10:12:08.50,29247.45,29200,2,29205,10053,29190,9537,29180,200
2020-06-11 10:12:09.03,29247.45,29200,10055,29240,10000,29180,9737,29165,10000
2020-06-11 10:12:10.08,29247.45,29190,10053,29200,2,29180,200,29175,9537
2020-06-11 10:12:10.56,29247.45,29190,10053,29200,2,29175,9537,29160,10900
2020-06-11 10:12:12.98,29247.45,29190,10053,29200,2,29175,9537,29160,10900
2020-06-11 10:12:14.76,29252.04,29190,10053,29200,2,29175,9537,29160,10900
2020-06-11 10:12:15.87,29252.04,29195,10053,29200,2,29175,9537,29160,10900
2020-06-11 10:12:17.05,29252.04,29190,10053,29200,2,29175,9537,29160,10900
2020-06-11 10:12:18.55,29252.04,29185,10053,29200,2,29170,9537,29160,900
2020-06-11 10:12:20.88,29252.04,29185,10053,29200,2,29170,9537,29160,900
2020-06-11 10:12:21.66,29252.04,29190,10053,29200,2,29175,9537,29160,10900
2020-06-11 10:12:22.62,29252.04,29190,10053,29200,2,29175,9537,29160,10900
2020-06-11 10:12:23.10,29252.04,29185,10053,29200,2,29170,9537,29160,900
2020-06-11 10:12:25.41,29248.45,29190,10053,29200,2,29175,9537,29160,10900
2020-06-11 10:12:27.30,29248.45,29195,10053,29200,2,29180,9537,29165,10000
2020-06-11 10:12:32.10,29248.45,29200,10055,29240,10000,29180,9537,29165,10000
2020-06-11 10:12:33.00,29248.45,29200,10055,29240,10000,29185,9537,29170,10000
2020-06-11 10:12:39.38,29227.58,29200,10055,29240,10000,29185,9537,29170,10000
2020-06-11 10:12:43.59,29227.58,29200,2,29205,10053,29185,9537,29170,10000
2020-06-11 10:12:43.81,29243.58,29200,10055,29240,10000,29185,9537,29170,10000
2020-06-11 10:12:44.67,29243.58,29200,2,29205,10053,29190,9537,29175,10000
2020-06-11 10:12:44.98,29243.58,29200,10055,29240,10000,29185,9537,29170,10000
2020-06-11 10:12:45.72,29243.58,29200,10055,29240,10000,29180,9537,29165,10000
2020-06-11 10:12:46.78,29243.58,29190,10053,29200,2,29180,9537,29165,10000
2020-06-11 10:12:48.89,29243.58,29185,10053,29200,2,29175,9537,29160,10900
2020-06-11 10:12:49.14,29243.58,29190,10053,29200,2,29175,9537,29160,10900
2020-06-11 10:12:49.93,29243.58,29190,10053,29200,2,29180,9537,29165,10000
2020-06-11 10:12:51.97,29243.58,29185,10053,29200,2,29175,9537,29160,10900
2020-06-11 10:12:54.14,29242.81,29180,10053,29200,2,29170,9537,29160,900
2020-06-11 10:12:56.46,29242.81,29175,10053,29200,2,29165,9537,29160,900
2020-06-11 10:12:57.31,29242.81,29180,10053,29200,2,29165,9537,29160,900
2020-06-11 10:12:57.76,29242.81,29175,10053,29200,2,29165,9537,29160,900
2020-06-11 10:13:01.99,29242.81,29180,10053,29200,2,29165,9537,29160,900
2020-06-11 10:13:03.10,29242.81,29175,10053,29200,2,29165,9537,29160,900
2020-06-11 10:13:03.27,29242.81,29180,10053,29200,2,29170,9537,29160,900
2020-06-11 10:13:04.29,29219.2,29180,10053,29200,2,29165,9537,29160,900
2020-06-11 10:13:04.76,29219.2,29175,10053,29200,2,29165,9537,29160,900
2020-06-11 10:13:07.80,29219.2,29180,10053,29200,2,29170,9537,29160,900
2020-06-11 10:13:09.19,29219.2,29175,239,29180,10053,29170,9537,29160,900
2020-06-11 10:13:09.99,29219.2,29175,10292,29200,2,29165,9537,29160,900
2020-06-11 10:13:10.21,29219.2,29175,239,29180,10053,29165,9537,29160,900
2020-06-11 10:13:11.07,29219.2,29175,239,29180,10053,29165,9537,29160,900
2020-06-11 10:13:11.32,29219.2,29175,239,29180,10053,29170,9537,29160,900
2020-06-11 10:13:13.15,29237.91,29175,10292,29200,2,29165,9537,29160,900
2020-06-11 10:13:13.58,29237.91,29180,10053,29200,2,29170,9537,29160,900
2020-06-11 10:13:14.74,29237.91,29185,10053,29200,2,29175,9537,29160,10900
2020-06-11 10:13:14.99,29237.91,29185,10053,29200,2,29175,9537,29160,10900
2020-06-11 10:13:17.19,29237.91,29190,10053,29200,2,29180,9537,29165,10000
2020-06-11 10:13:20.19,29237.91,29190,10053,29200,2,29180,9504,29165,10000
2020-06-11 10:13:22.08,29237.91,29185,10053,29200,2,29175,9504,29160,10900
2020-06-11 10:13:24.17,29235.78,29185,10053,29200,2,29175,9504,29160,10900
2020-06-11 10:13:26.16,29235.78,29190,10053,29200,2,29175,9504,29160,10900
2020-06-11 10:13:26.66,29235.78,29185,10053,29200,2,29175,9504,29160,10900
2020-06-11 10:13:27.81,29235.78,29185,10053,29200,2,29170,9504,29160,900
2020-06-11 10:13:28.09,29235.78,29185,10053,29200,2,29175,9504,29160,10900
2020-06-11 10:13:28.89,29235.78,29180,10053,29200,2,29175,100,29170,9504
2020-06-11 10:13:30.22,29235.78,29180,10053,29200,2,29175,100,29165,9504
2020-06-11 10:13:31.22,29235.78,29180,10053,29200,2,29175,100,29170,9504
2020-06-11 10:13:32.22,29235.78,29180,10053,29200,2,29175,100,29165,9504
2020-06-11 10:13:35.69,29251.18,29180,9953,29200,2,29165,9504,29160,900
2020-06-11 10:13:39.87,29251.18,29185,9953,29200,2,29170,9504,29160,10900
2020-06-11 10:13:40.12,29251.18,29185,9953,29200,1,29170,9504,29160,10900
2020-06-11 10:14:02.36,29257.42,29190,9953,29200,1,29175,9504,29165,10000
2020-06-11 10:14:02.71,29257.42,29185,9953,29200,1,29170,9504,29160,10900
2020-06-11 10:14:05.49,29258.62,29180,9953,29200,1,29165,9504,29160,900
2020-06-11 10:14:12.42,29258.62,29185,9953,29200,1,29170,9504,29160,10900
2020-06-11 10:14:13.39,29258.62,29180,9953,29200,1,29165,9504,29160,900
2020-06-11 10:14:17.56,29255.24,29175,9953,29200,1,29160,10404,29150,10000
2020-06-11 10:14:17.95,29255.24,29180,9953,29200,1,29165,9504,29160,900
2020-06-11 10:14:18.53,29255.24,29185,9953,29200,1,29170,9504,29160,10900
2020-06-11 10:14:19.64,29255.24,29185,9953,29200,1,29170,9504,29160,10900
2020-06-11 10:14:19.89,29255.24,29185,9953,29200,1,29165,9504,29160,900
2020-06-11 10:14:20.72,29255.24,29185,9953,29200,1,29170,9503,29160,10900
2020-06-11 10:14:23.90,29240.51,29185,9953,29200,1,29165,9503,29160,900
2020-06-11 10:14:24.95,29240.51,29175,9953,29200,1,29160,10403,29150,10000
2020-06-11 10:14:25.19,29240.51,29180,9953,29200,1,29160,10403,29150,10000
2020-06-11 10:14:25.95,29240.51,29175,9953,29200,1,29160,10403,29150,10000
2020-06-11 10:14:26.20,29240.51,29180,9953,29200,1,29165,9503,29160,900
2020-06-11 10:14:26.48,29240.51,29180,9953,29200,1,29165,9503,29160,900
2020-06-11 10:14:30.71,29240.51,29180,9953,29185,6,29165,9503,29160,900
2020-06-11 10:14:32.78,29240.51,29180,9953,29185,6,29165,9503,29160,900
2020-06-11 10:14:36.48,29252.13,29180,9953,29185,6,29160,10403,29150,10000
2020-06-11 10:14:36.85,29252.13,29180,9953,29185,6,29165,9503,29160,900
2020-06-11 10:14:41.90,29252.13,29175,9953,29185,6,29160,10403,29150,10000
2020-06-11 10:14:42.68,29252.13,29180,9953,29185,6,29165,9503,29160,900
2020-06-11 10:14:44.35,29246.67,29175,9953,29185,6,29160,10403,29150,10000
2020-06-11 10:14:51.88,29246.67,29170,9953,29185,6,29160,900,29155,9503
2020-06-11 10:14:52.80,29246.67,29165,38,29170,9953,29160,900,29155,9503
2020-06-11 10:14:57.19,29234.41,29170,9953,29185,6,29160,900,29155,9503
2020-06-11 10:14:58.16,29234.41,29165,9953,29185,6,29160,100,29150,9503
2020-06-11 10:14:58.49,29234.41,29170,9953,29185,6,29155,9503,29145,10000
2020-06-11 10:14:59.10,29234.41,29165,9953,29185,6,29150,9503,29140,10000
2020-06-11 10:15:01.20,29234.41,29165,9953,29185,6,29150,9503,29140,10000
2020-06-11 10:15:02.24,29234.41,29170,9953,29185,6,29150,9503,29140,10000
2020-06-11 10:15:02.66,29234.41,29170,9953,29185,6,29155,9503,29145,10000
2020-06-11 10:15:04.28,29247.56,29170,9953,29185,6,29155,9503,29145,10000
2020-06-11 10:15:05.38,29247.56,29175,9953,29185,6,29160,9503,29150,10000
2020-06-11 10:15:06.42,29247.56,29175,10054,29185,6,29160,9503,29150,10000
2020-06-11 10:15:07.70,29247.56,29170,10054,29185,6,29155,9503,29145,10000
2020-06-11 10:15:08.53,29247.56,29170,10054,29185,6,29155,9503,29145,10000
2020-06-11 10:15:08.83,29247.56,29170,10054,29185,6,29155,9503,29145,10000
2020-06-11 10:15:10.98,29247.56,29165,10054,29185,6,29150,9503,29140,10000
2020-06-11 10:15:11.59,29247.56,29170,10054,29185,6,29155,9503,29145,10000
2020-06-11 10:15:12.15,29247.56,29170,10054,29185,6,29155,9503,29145,10000
2020-06-11 10:15:15.86,29224.25,29170,10054,29185,6,29155,9503,29145,10000
2020-06-11 10:15:23.29,29224.25,29170,10054,29185,6,29155,9503,29145,10000
2020-06-11 10:15:24.28,29239.85,29165,10054,29185,6,29150,9503,29140,10000
2020-06-11 10:15:32.09,29239.85,29160,10054,29185,6,29145,9503,29135,10000
2020-06-11 10:15:34.21,29223.48,29155,10054,29185,6,29140,9503,29130,10000
2020-06-11 10:15:36.69,29223.48,29150,10054,29185,6,29135,9503,29125,10000
2020-06-11 10:15:37.46,29223.48,29155,10054,29185,6,29140,9503,29130,10000
2020-06-11 10:15:38.43,29223.48,29150,10054,29185,6,29135,9503,29125,10000
2020-06-11 10:15:42.10,29223.48,29150,10054,29185,6,29135,9503,29125,10000
2020-06-11 10:15:42.52,29223.48,29150,10054,29185,6,29135,9503,29125,10000
2020-06-11 10:15:43.69,29223.48,29145,10054,29185,6,29130,9503,29120,10000
2020-06-11 10:15:44.08,29213.5,29150,10054,29185,6,29135,9503,29125,10000
2020-06-11 10:15:45.27,29213.5,29155,10054,29185,6,29140,9503,29130,10000
2020-06-11 10:15:46.35,29213.5,29150,10054,29185,6,29135,9503,29125,10000
2020-06-11 10:15:46.92,29213.5,29155,10054,29185,6,29135,9503,29125,10000
2020-06-11 10:15:47.96,29213.5,29150,10054,29185,6,29135,9503,29125,10000
2020-06-11 10:15:49.86,29213.5,29150,10054,29185,6,29135,9503,29125,10000
2020-06-11 10:15:50.99,29213.5,29145,10054,29185,6,29130,9503,29120,10000
2020-06-11 10:15:51.63,29213.5,29150,10054,29185,6,29135,9503,29125,10000
2020-06-11 10:15:57.78,29185.21,29145,10054,29185,6,29130,9503,29120,10000
2020-06-11 10:15:59.29,29185.21,29145,10054,29185,6,29130,9503,29120,10000
2020-06-11 10:16:03.92,29190.35,29140,10054,29185,10006,29125,9503,29115,10000
2020-06-11 10:16:05.68,29190.35,29135,10054,29180,10000,29120,9503,29110,10000
2020-06-11 10:16:06.51,29190.35,29135,10054,29180,10000,29120,9503,29110,10000
2020-06-11 10:16:08.99,29190.35,29140,10054,29185,10006,29125,9503,29115,10000
2020-06-11 10:16:09.49,29190.35,29135,10054,29180,10000,29120,9503,29110,10000
2020-06-11 10:16:09.99,29190.35,29140,10054,29185,10006,29125,9503,29115,10000
2020-06-11 10:16:11.12,29190.35,29140,10054,29185,10006,29125,9503,29115,10000
2020-06-11 10:16:12.46,29190.35,29145,10054,29185,6,29130,9503,29120,10000
2020-06-11 10:16:15.41,29179.67,29145,10054,29185,6,29130,9503,29120,10000
2020-06-11 10:16:16.47,29179.67,29145,10054,29185,6,29130,9503,29120,10000
2020-06-11 10:16:16.69,29179.67,29140,10054,29185,10006,29125,9503,29115,10000
2020-06-11 10:16:17.54,29179.67,29145,10054,29185,6,29130,9503,29120,10000
2020-06-11 10:16:17.96,29179.67,29145,10054,29185,6,29125,9503,29115,10000
2020-06-11 10:16:18.58,29179.67,29140,10054,29185,10006,29125,9503,29115,10000
2020-06-11 10:16:19.61,29179.67,29145,10054,29185,6,29130,9503,29120,10000
2020-06-11 10:16:19.96,29179.67,29140,10054,29185,10006,29125,9503,29115,10000
2020-06-11 10:16:21.33,29179.67,29145,10054,29185,6,29125,9503,29115,10000
2020-06-11 10:16:22.22,29179.67,29140,10054,29185,10006,29125,9503,29115,10000
2020-06-11 10:16:24.28,29197.92,29145,10054,29185,6,29130,9503,29120,10000
2020-06-11 10:16:24.50,29197.92,29140,10054,29185,10006,29125,9503,29115,10000
2020-06-11 10:16:28.05,29197.92,29145,10054,29185,6,29130,9503,29120,10000
2020-06-11 10:16:30.36,29197.92,29145,10054,29185,6,29130,9503,29120,10000
2020-06-11 10:16:32.14,29197.92,29150,10054,29185,6,29135,9503,29125,10000
2020-06-11 10:16:33.59,29191.06,29155,10054,29185,6,29140,9503,29130,10000
2020-06-11 10:16:34.19,29191.06,29150,10054,29185,6,29135,9503,29125,10000
2020-06-11 10:16:36.87,29191.06,29145,10054,29185,6,29130,9503,29120,10000
2020-06-11 10:16:37.92,29191.06,29150,10054,29185,6,29135,9503,29125,10000
2020-06-11 10:16:38.98,29191.06,29145,180,29150,10054,29135,9503,29125,10000
2020-06-11 10:16:39.20,29191.06,29145,180,29155,10054,29135,9503,29125,10000
2020-06-11 10:16:40.00,29191.06,29145,180,29150,10054,29135,9503,29125,10000
2020-06-11 10:16:42.07,29191.06,29145,180,29155,10054,29140,9503,29130,10000
2020-06-11 10:16:42.39,29191.06,29150,10054,29185,6,29140,700,29135,9503
2020-06-11 10:16:46.39,29206.5,29150,10054,29185,6,29135,9503,29125,10000
2020-06-11 10:16:49.37,29206.5,29150,10054,29185,6,29135,9490,29125,10000
2020-06-11 10:16:52.52,29206.5,29155,10054,29185,6,29140,9490,29130,10000
2020-06-11 10:16:53.56,29206.5,29150,10054,29185,6,29135,9490,29125,10000
2020-06-11 10:16:54.06,29206.04,29155,10054,29185,6,29140,9490,29130,10000
2020-06-11 10:16:55.13,29206.04,29150,10054,29185,6,29135,9490,29125,10000
2020-06-11 10:16:57.73,29206.04,29155,10054,29185,6,29140,9490,29130,10000
2020-06-11 10:16:59.35,29206.04,29150,10054,29185,6,29135,9490,29125,10000
2020-06-11 10:17:00.37,29206.04,29150,10054,29185,6,29135,9490,29125,10000
2020-06-11 10:17:00.88,29206.04,29155,10054,29185,6,29140,9490,29130,10000
2020-06-11 10:17:05.10,29209.62,29160,10054,29185,6,29145,9490,29135,10000
2020-06-11 10:17:05.30,29209.62,29160,10054,29185,6,29140,9490,29130,10000
2020-06-11 10:17:06.30,29209.62,29160,10054,29185,6,29145,9490,29135,10000
2020-06-11 10:17:07.02,29209.62,29155,10054,29185,6,29140,9490,29130,10000
2020-06-11 10:17:12.69,29209.62,29160,10054,29185,6,29145,9490,29135,10000
2020-06-11 10:17:13.51,29209.62,29155,10054,29185,6,29140,9490,29130,10000
2020-06-11 10:17:15.09,29188.39,29160,10054,29185,6,29145,9490,29135,10000
2020-06-11 10:17:17.89,29188.39,29155,10054,29185,6,29140,9490,29130,10000
2020-06-11 10:17:18.73,29188.39,29160,10054,29185,6,29145,9490,29135,10000
2020-06-11 10:17:23.48,29188.39,29165,10054,29185,6,29150,9490,29140,10000
2020-06-11 10:17:27.09,29210.9,29165,10054,29185,6,29150,9490,29140,10000
2020-06-11 10:17:30.74,29210.9,29170,10054,29185,6,29155,9490,29145,10000
2020-06-11 10:17:32.49,29210.9,29165,10054,29185,6,29150,9490,29140,10000
2020-06-11 10:17:36.55,29216.99,29170,10054,29185,6,29150,9490,29140,10000
2020-06-11 10:17:36.88,29216.99,29170,10054,29185,6,29155,9490,29145,10000
2020-06-11 10:17:37.63,29216.99,29165,10054,29185,6,29150,9490,29140,10000
2020-06-11 10:17:37.91,29216.99,29160,10054,29185,6,29145,9490,29135,10000
2020-06-11 10:17:38.69,29216.99,29155,10054,29185,6,29140,9490,29130,10000
2020-06-11 10:17:39.08,29216.99,29160,10054,29185,6,29145,9490,29135,10000
2020-06-11 10:17:39.69,29216.99,29155,10054,29185,6,29140,9490,29130,10000
