time,nav,sell1,sell1_cnt,sell2,sell2_cnt,buy1,buy1_cnt,buy2,buy2_cnt
2020-06-02 10:07:53.790000,0.0,27500,101,27505,15130,27490,11145,27485,3107
2020-06-02 10:07:54.290000,27552.1,27500,2801,27505,15130,27490,11145,27485,3107
2020-06-02 10:07:54.760000,27552.1,27500,2801,27505,15130,27490,11145,27485,3107
2020-06-02 10:07:56.430000,27552.1,27500,14394,27505,14514,27485,10481,27480,3771
2020-06-02 10:08:01.120000,27552.1,27500,14394,27505,14514,27485,10481,27480,3771
2020-06-02 10:08:01.620000,27552.1,27495,4,27500,14394,27485,10481,27480,3771
2020-06-02 10:08:02.210000,27552.1,27495,4,27500,2801,27490,11145,27485,3107
2020-06-02 10:08:03.820000,27552.1,27495,4,27500,14394,27485,10481,27480,3771
2020-06-02 10:08:04.430000,27558.82,27495,4,27500,14394,27485,10481,27480,3771
2020-06-02 10:08:04.890000,27558.82,27495,4,27500,14394,27485,10481,27480,3771
2020-06-02 10:08:05.390000,27558.82,27495,4,27500,2801,27490,11145,27485,3107
2020-06-02 10:08:06.230000,27558.82,27495,4,27500,14394,27485,10481,27480,3771
2020-06-02 10:08:07.090000,27558.82,27495,4,27500,14394,27485,10481,27480,3771
2020-06-02 10:08:07.640000,27558.82,27495,4,27500,2801,27490,11145,27485,3107
2020-06-02 10:08:08.510000,27558.82,27500,101,27505,2600,27495,10481,27490,3871
2020-06-02 10:08:09.200000,27558.82,27500,101,27505,2600,27495,10481,27490,3871
2020-06-02 10:08:09.870000,27558.82,27500,101,27505,2600,27495,10481,27490,3871
2020-06-02 10:08:10.210000,27558.82,27500,101,27505,2600,27495,10481,27490,3871
2020-06-02 10:08:14.980000,27575.69,27500,101,27505,2600,27495,10481,27490,3871
2020-06-02 10:08:15.340000,27575.69,27500,2501,27505,15130,27490,11245,27485,3107
2020-06-02 10:08:15.840000,27575.69,27500,2501,27505,15130,27490,11145,27485,3107
2020-06-02 10:08:16.600000,27575.69,27500,14094,27505,14514,27485,10481,27480,13671
2020-06-02 10:08:17.150000,27575.69,27500,2501,27505,15130,27490,11145,27485,3107
2020-06-02 10:08:24.150000,27579.65,27495,100,27500,2501,27490,11145,27485,3107
2020-06-02 10:08:26.130000,27579.65,27500,101,27505,2600,27495,10381,27490,3771
2020-06-02 10:08:32.510000,27579.65,27505,2500,27510,11644,27495,10381,27490,3670
2020-06-02 10:08:33.730000,27579.65,27505,15030,27510,11028,27490,10944,27485,13007
2020-06-02 10:08:35.090000,27581.37,27505,2500,27510,11644,27495,10381,27490,3670
2020-06-02 10:08:35.630000,27581.37,27505,2500,27510,11644,27495,10381,27490,3670
2020-06-02 10:08:37.080000,27581.37,27505,10030,27510,11028,27495,3107,27490,10944
2020-06-02 10:08:37.490000,27581.37,27505,15030,27510,11028,27490,10944,27485,13007
2020-06-02 10:08:37.940000,27581.37,27505,15030,27510,11028,27490,10944,27485,13007
2020-06-02 10:08:38.820000,27581.37,27505,15030,27510,11028,27490,10944,27485,3107
2020-06-02 10:08:39.960000,27581.37,27505,2500,27510,11644,27495,10381,27490,3670
2020-06-02 10:08:41.570000,27581.37,27505,7500,27510,11644,27490,10944,27485,3107
2020-06-02 10:08:41.770000,27581.37,27505,15030,27510,11028,27490,10944,27485,3107
2020-06-02 10:08:42.580000,27581.37,27505,2500,27510,11644,27495,10381,27490,3670
2020-06-02 10:08:43.660000,27581.37,27505,2500,27510,11644,27495,10381,27490,3670
2020-06-02 10:08:44.040000,27581.37,27505,15030,27510,11028,27490,10944,27485,13007
2020-06-02 10:08:44.360000,27581.37,27505,15030,27510,11028,27490,10944,27485,13007
2020-06-02 10:08:45.660000,27572.47,27505,2500,27510,11644,27495,10381,27490,3670
2020-06-02 10:08:46.100000,27572.47,27505,2500,27510,11644,27495,10381,27490,3670
2020-06-02 10:08:46.890000,27572.47,27505,15030,27510,11028,27490,10944,27485,3107
2020-06-02 10:08:48.960000,27572.47,27500,11593,27505,14414,27485,10381,27480,3670
2020-06-02 10:08:49.500000,27572.47,27500,14193,27505,14414,27485,10381,27480,3670
2020-06-02 10:08:51.000000,27572.47,27500,14193,27505,14414,27485,10381,27480,3670
2020-06-02 10:08:52.800000,27572.47,27505,15030,27510,11028,27490,10944,27485,3107
2020-06-02 10:08:54.060000,27572.47,27500,180,27505,15030,27490,10944,27485,3107
2020-06-02 10:08:54.250000,27572.47,27500,1380,27505,15030,27490,10944,27485,3107
2020-06-02 10:08:55.020000,27587.51,27500,2780,27505,15030,27490,10944,27485,3107
2020-06-02 10:08:56.140000,27587.51,27500,14373,27505,14414,27485,10381,27480,13570
2020-06-02 10:08:56.550000,27587.51,27500,14373,27505,14414,27485,10381,27480,3670
2020-06-02 10:08:58.060000,27587.51,27495,12530,27500,13757,27480,10944,27475,13007
2020-06-02 10:08:58.500000,27587.51,27495,15130,27500,13757,27480,10944,27475,3107
2020-06-02 10:08:59.990000,27587.51,27500,14373,27505,14414,27485,10381,27480,3670
2020-06-02 10:09:00.380000,27587.51,27500,14473,27505,14414,27485,10381,27480,3670
2020-06-02 10:09:00.870000,27587.51,27500,14473,27505,14414,27485,10381,27480,3670
2020-06-02 10:09:01.370000,27587.51,27500,2880,27505,15030,27490,10944,27485,3107
2020-06-02 10:09:01.960000,27587.51,27500,1980,27505,15030,27490,10944,27485,3107
2020-06-02 10:09:02.490000,27587.51,27500,2880,27505,15030,27490,10944,27485,3107
2020-06-02 10:09:02.960000,27587.51,27500,2880,27505,15030,27490,10944,27485,3107
2020-06-02 10:09:03.260000,27587.51,27500,1580,27505,15030,27490,10944,27485,3107
2020-06-02 10:09:03.700000,27587.51,27500,280,27505,15030,27490,10944,27485,3107
2020-06-02 10:09:04.600000,27581.69,27500,880,27505,15030,27490,10944,27485,3107
2020-06-02 10:09:05.200000,27581.69,27500,953,27505,15030,27490,10944,27485,3107
2020-06-02 10:09:05.620000,27581.69,27500,2953,27505,15030,27490,10944,27485,3107
2020-06-02 10:09:06.150000,27581.69,27500,2953,27505,15030,27490,10944,27485,3107
2020-06-02 10:09:08.810000,27581.69,27500,2953,27505,15030,27490,10944,27485,3107
2020-06-02 10:09:15.230000,27560.84,27500,14546,27505,14414,27485,10381,27480,3670
2020-06-02 10:09:17.580000,27560.84,27500,14546,27505,14414,27485,3107,27480,10944
2020-06-02 10:09:17.830000,27560.84,27500,14546,27505,14414,27485,10381,27480,3670
2020-06-02 10:09:19.190000,27560.84,27500,14546,27505,14414,27485,10381,27480,3670
2020-06-02 10:09:19.460000,27560.84,27500,2953,27505,15030,27490,10944,27485,3107
2020-06-02 10:09:19.710000,27560.84,27500,2953,27505,15030,27490,10944,27485,3107
2020-06-02 10:09:21.150000,27560.84,27500,14546,27505,14414,27485,10381,27480,13570
2020-06-02 10:09:22.330000,27560.84,27500,14546,27505,14414,27485,10381,27480,3670
2020-06-02 10:09:23.750000,27560.84,27500,2953,27505,15030,27490,10944,27485,3107
2020-06-02 10:09:24.250000,27560.75,27500,2953,27505,15030,27490,10944,27485,3107
2020-06-02 10:09:27.380000,27560.75,27500,353,27505,2500,27495,10381,27490,3670
2020-06-02 10:09:28.380000,27560.75,27500,253,27505,2500,27495,10281,27490,3670
2020-06-02 10:09:34.830000,27558.64,27500,253,27505,2500,27495,10180,27490,3670
2020-06-02 10:09:38.950000,27558.64,27510,51,27515,12530,27500,10490,27495,3107
2020-06-02 10:09:39.450000,27558.64,27510,51,27515,12530,27500,10490,27495,3107
2020-06-02 10:09:39.890000,27558.64,27510,1051,27515,12530,27500,10490,27495,3107
2020-06-02 10:09:41.060000,27558.64,27510,14144,27515,11914,27495,10180,27490,3417
2020-06-02 10:09:45.090000,27558.94,27510,2551,27515,12530,27500,10490,27495,3107
2020-06-02 10:09:47.450000,27558.94,27510,14144,27515,11914,27495,10180,27490,3417
2020-06-02 10:09:50.010000,27558.94,27510,14144,27515,11914,27495,10180,27490,3417
2020-06-02 10:09:50.480000,27558.94,27510,14144,27515,11914,27495,10180,27490,3417
2020-06-02 10:09:50.980000,27558.94,27510,2551,27515,12530,27500,10490,27495,3107
2020-06-02 10:09:51.500000,27558.94,27510,10081,27515,11914,27500,3417,27495,10180
2020-06-02 10:09:52.090000,27558.94,27510,10081,27515,11914,27500,3417,27495,10180
2020-06-02 10:09:52.530000,27558.94,27505,4,27510,10081,27500,3417,27495,10180
2020-06-02 10:09:53.900000,27558.94,27505,4,27510,6614,27500,7073,27495,3107
2020-06-02 10:09:54.740000,27562.25,27505,4,27510,6614,27500,7073,27495,3107
2020-06-02 10:09:54.920000,27562.25,27505,4,27510,2551,27500,10490,27495,3107
2020-06-02 10:09:55.120000,27562.25,27505,4,27510,6614,27500,7073,27495,3107
2020-06-02 10:09:55.490000,27562.25,27505,4,27510,2551,27500,10490,27495,3107
2020-06-02 10:09:56.290000,27562.25,27505,4,27510,2551,27500,10490,27495,3107
2020-06-02 10:09:56.480000,27562.25,27505,4,27510,2551,27500,10490,27495,3107
2020-06-02 10:09:57.340000,27562.25,27505,4,27510,14144,27495,10180,27490,13317
2020-06-02 10:09:57.560000,27562.25,27505,2504,27510,14144,27495,10180,27490,13317
2020-06-02 10:09:58.060000,27562.25,27505,2104,27510,14144,27495,10180,27490,3417
2020-06-02 10:09:58.880000,27562.25,27505,804,27510,14144,27495,10180,27490,3417
2020-06-02 10:09:59.100000,27562.25,27505,2404,27510,14144,27495,10180,27490,3417
2020-06-02 10:10:00.960000,27562.25,27505,4,27510,2551,27500,10490,27495,3107
2020-06-02 10:10:01.230000,27562.25,27505,4,27510,2551,27500,10490,27495,3107
2020-06-02 10:10:02.180000,27562.25,27505,4,27510,10081,27500,3417,27495,10180
2020-06-02 10:10:03.040000,27562.25,27505,1304,27510,14144,27495,10180,27490,3417
2020-06-02 10:10:03.260000,27562.25,27505,2404,27510,10081,27500,3417,27495,10180
2020-06-02 10:10:03.480000,27562.25,27505,4,27510,2551,27500,10490,27495,3107
2020-06-02 10:10:05.630000,27562.84,27505,4,27510,2551,27500,10490,27495,3107
2020-06-02 10:10:12.750000,27562.84,27505,2404,27510,14144,27495,10180,27490,3417
2020-06-02 10:10:13.080000,27562.84,27500,40,27505,2404,27495,10180,27490,3417
2020-06-02 10:10:14.800000,27583.03,27500,40,27505,2404,27495,10180,27490,3417
2020-06-02 10:10:16.190000,27583.03,27500,2440,27505,14934,27490,10490,27485,13007
2020-06-02 10:10:16.630000,27583.03,27500,940,27505,14934,27490,10490,27485,3107
2020-06-02 10:10:17.050000,27583.03,27500,40,27505,2404,27495,10180,27490,3417
2020-06-02 10:10:18.130000,27583.03,27500,40,27505,2404,27495,10180,27490,3417
2020-06-02 10:10:19.080000,27583.03,27500,40,27505,2404,27495,10180,27490,3417
2020-06-02 10:10:20.710000,27583.03,27495,40,27500,2300,27490,10490,27485,3107
2020-06-02 10:10:21.560000,27583.03,27505,14934,27510,13488,27490,10490,27485,3067
2020-06-02 10:10:23.670000,27583.03,27505,2404,27510,14104,27495,10140,27490,3417
2020-06-02 10:10:25.110000,27564.81,27505,2404,27510,14104,27495,10140,27490,3417
2020-06-02 10:10:25.660000,27564.81,27505,14934,27510,13488,27490,10490,27485,12967
2020-06-02 10:10:26.090000,27564.81,27505,9934,27510,13488,27495,3067,27490,10490
2020-06-02 10:10:26.480000,27564.81,27505,2404,27510,14104,27495,10140,27490,3417
2020-06-02 10:10:26.780000,27564.81,27505,2404,27510,14104,27495,10140,27490,3417
2020-06-02 10:10:28.910000,27564.81,27505,14934,27510,13488,27490,10490,27485,3067
2020-06-02 10:10:29.250000,27564.81,27505,7404,27510,14104,27495,10140,27490,3417
2020-06-02 10:10:29.950000,27564.81,27505,7404,27510,14104,27495,7073,27490,3417
2020-06-02 10:10:30.120000,27564.81,27505,2404,27510,14104,27495,10140,27490,3417
2020-06-02 10:10:30.410000,27564.81,27505,2404,27510,14104,27495,10140,27490,3417
2020-06-02 10:10:31.500000,27564.81,27505,2404,27510,14104,27495,10140,27490,3417
2020-06-02 10:10:31.690000,27564.81,27505,2404,27510,14104,27495,10140,27490,3417
2020-06-02 10:10:33.760000,27564.81,27505,14934,27510,13488,27490,10490,27485,3067
2020-06-02 10:10:35.530000,27563.9,27505,14934,27510,13488,27490,10490,27485,3067
2020-06-02 10:10:52.020000,27578.77,27500,180,27505,14934,27490,10490,27485,3067
2020-06-02 10:10:54.230000,27561.43,27500,1780,27505,14934,27490,10490,27485,3067
2020-06-02 10:10:55.210000,27561.43,27500,2580,27505,14934,27490,10490,27485,3067
2020-06-02 10:10:56.460000,27561.43,27500,180,27505,9934,27495,3067,27490,10490
2020-06-02 10:10:57.300000,27561.43,27500,180,27505,2404,27495,10140,27490,3417
2020-06-02 10:10:58.960000,27561.43,27500,180,27505,2404,27495,10140,27490,3417
2020-06-02 10:10:59.290000,27561.43,27505,2304,27510,14104,27495,10140,27490,3237
2020-06-02 10:11:00.460000,27561.43,27505,9834,27510,13488,27495,3067,27490,10310
2020-06-02 10:11:01.350000,27561.43,27505,9834,27510,13488,27495,3067,27490,10310
2020-06-02 10:11:02.000000,27561.43,27505,14834,27510,13488,27490,10310,27485,3067
2020-06-02 10:11:02.250000,27561.43,27505,9834,27510,13488,27495,3067,27490,10310
2020-06-02 10:11:04.220000,27560.48,27505,14834,27510,13488,27490,10310,27485,3067
2020-06-02 10:11:15.730000,27562.15,27500,11593,27505,14218,27485,10140,27480,3237
2020-06-02 10:11:15.950000,27562.15,27495,101,27500,2300,27490,10310,27485,3067
2020-06-02 10:11:16.730000,27562.15,27495,101,27500,13893,27485,10140,27480,3237
2020-06-02 10:11:16.900000,27562.15,27495,101,27500,9830,27490,3237,27485,10140
2020-06-02 10:11:17.740000,27562.15,27495,101,27500,9830,27490,3237,27485,10140
2020-06-02 10:11:18.290000,27562.15,27495,101,27500,13893,27485,10140,27480,3237
2020-06-02 10:11:23.040000,27562.15,27495,101,27500,2300,27490,10310,27485,3067
2020-06-02 10:11:23.290000,27562.15,27505,14834,27510,13488,27490,10310,27485,3067
2020-06-02 10:11:24.120000,27560.79,27505,14834,27510,13488,27490,10310,27485,12967
2020-06-02 10:11:24.350000,27560.79,27505,4,27510,14104,27495,10140,27490,3237
2020-06-02 10:11:28.850000,27560.79,27505,4,27510,14104,27495,10140,27490,3237
2020-06-02 10:11:29.850000,27560.79,27505,904,27510,14104,27495,10140,27490,3237
2020-06-02 10:11:30.020000,27560.79,27505,4,27510,14104,27495,10140,27490,3237
2020-06-02 10:11:30.330000,27560.79,27505,4,27510,14104,27495,10140,27490,3237
2020-06-02 10:11:31.430000,27560.79,27505,4,27510,14104,27495,10140,27490,3237
2020-06-02 10:11:31.830000,27560.79,27505,14834,27510,13488,27490,10310,27485,12967
2020-06-02 10:11:32.570000,27560.79,27505,14834,27510,13488,27490,10310,27485,3067
2020-06-02 10:11:32.930000,27560.79,27505,2304,27510,14104,27495,10140,27490,3237
2020-06-02 10:11:33.390000,27560.79,27505,9834,27510,13488,27495,3067,27490,10310
2020-06-02 10:11:35.250000,27573.69,27505,14834,27510,13488,27490,10310,27485,3067
2020-06-02 10:11:38.280000,27573.69,27505,2304,27510,14104,27495,10140,27490,3237
2020-06-02 10:11:38.780000,27573.69,27505,14834,27510,13488,27490,10310,27485,3067
2020-06-02 10:11:40.280000,27573.69,27505,14834,27510,13488,27490,10310,27485,3067
2020-06-02 10:11:43.090000,27573.69,27500,4,27505,14834,27490,10310,27485,3067
2020-06-02 10:11:45.700000,27583.14,27500,4,27505,14834,27490,10310,27485,3067
2020-06-02 10:11:46.190000,27583.14,27500,2304,27505,14834,27490,10310,27485,3067
2020-06-02 10:11:47.360000,27583.14,27500,13897,27505,14218,27485,10140,27480,3237
2020-06-02 10:11:47.500000,27583.14,27500,2304,27505,14834,27490,10310,27485,3067
2020-06-02 10:11:48.530000,27583.14,27500,4,27505,2304,27495,10140,27490,3237
2020-06-02 10:11:49.090000,27583.14,27500,4,27505,2304,27495,10140,27490,3237
2020-06-02 10:11:51.060000,27583.14,27505,304,27510,14104,27495,10136,27490,3237
2020-06-02 10:11:51.290000,27583.14,27505,2304,27510,14104,27495,10136,27490,3237
2020-06-02 10:11:54.810000,27582.63,27505,14834,27510,13488,27490,10306,27485,3067
2020-06-02 10:11:55.150000,27582.63,27500,11593,27505,14218,27485,10136,27480,13137
2020-06-02 10:11:55.700000,27582.63,27500,13893,27505,14218,27485,10136,27480,13137
2020-06-02 10:11:56.870000,27582.63,27500,13893,27505,14218,27485,10136,27480,3237
2020-06-02 10:11:57.960000,27582.63,27500,13893,27505,14218,27485,10136,27480,3237
2020-06-02 10:11:59.650000,27582.63,27500,2300,27505,14834,27490,10306,27485,3067
2020-06-02 10:12:00.390000,27582.63,27500,13893,27505,14218,27485,10136,27480,3237
2020-06-02 10:12:00.820000,27582.63,27500,9830,27505,14218,27490,3237,27485,10136
2020-06-02 10:12:01.350000,27582.63,27505,14834,27510,13488,27490,10306,27485,3067
2020-06-02 10:12:02.990000,27582.63,27505,14834,27510,13488,27490,10306,27485,3067
2020-06-02 10:12:08.460000,27563.72,27500,11593,27505,14218,27485,10136,27480,3237
2020-06-02 10:12:09.270000,27563.72,27500,13893,27505,14218,27485,10136,27480,3237
2020-06-02 10:12:09.540000,27563.72,27500,13893,27505,14218,27485,10136,27480,3237
2020-06-02 10:12:09.760000,27563.72,27500,13893,27505,14218,27485,10136,27480,3237
2020-06-02 10:12:13.690000,27563.72,27495,5000,27500,13893,27485,7069,27480,3237
2020-06-02 10:12:13.990000,27563.72,27495,7300,27500,13893,27485,7069,27480,3237
2020-06-02 10:12:15.210000,27567.6,27500,13893,27505,14218,27485,10136,27480,3237
2020-06-02 10:12:16.410000,27567.6,27495,12530,27500,13277,27480,10306,27475,3107
2020-06-02 10:12:16.570000,27567.6,27495,9830,27500,13277,27485,3067,27480,10306
2020-06-02 10:12:16.900000,27567.6,27495,14830,27500,13277,27480,10306,27475,3107
2020-06-02 10:12:17.190000,27567.6,27500,13893,27505,14218,27485,10136,27480,3237
2020-06-02 10:12:18.290000,27567.6,27500,13893,27505,14218,27485,10136,27480,3237
2020-06-02 10:12:20.360000,27567.6,27495,12530,27500,13277,27480,10306,27475,3107
2020-06-02 10:12:20.610000,27567.6,27495,14930,27500,13277,27480,10306,27475,3107
2020-06-02 10:12:22.460000,27567.6,27495,14930,27500,13277,27480,10306,27475,3107
2020-06-02 10:12:24.100000,27581.49,27490,11593,27495,14314,27475,10176,27470,13137
2020-06-02 10:12:24.250000,27581.49,27490,4063,27495,14930,27480,7069,27475,3107
2020-06-02 10:12:25.100000,27581.49,27495,14930,27500,13277,27480,10306,27475,3107
2020-06-02 10:12:25.800000,27581.49,27495,15002,27500,13277,27480,10306,27475,3107
2020-06-02 10:12:27.410000,27581.49,27495,5072,27500,13893,27485,7069,27480,3237
2020-06-02 10:12:28.220000,27581.49,27495,72,27500,13893,27485,10136,27480,3237
2020-06-02 10:12:28.360000,27581.49,27495,1472,27500,13893,27485,10136,27480,3237
2020-06-02 10:12:28.690000,27581.49,27495,2472,27500,13893,27485,10136,27480,3237
2020-06-02 10:12:29.520000,27581.49,27495,72,27500,13893,27485,10136,27480,3237
2020-06-02 10:12:30.190000,27581.49,27495,72,27500,2300,27490,10306,27485,3067
2020-06-02 10:12:31.630000,27581.49,27495,72,27500,13893,27485,10136,27480,13137
2020-06-02 10:12:32.410000,27581.49,27495,72,27500,13893,27485,10136,27480,13137
2020-06-02 10:12:33.610000,27581.49,27495,72,27500,13893,27485,10136,27480,3237
2020-06-02 10:12:34.610000,27561.07,27495,72,27500,2300,27490,10306,27485,3067
2020-06-02 10:12:35.700000,27561.07,27495,72,27500,2300,27490,10306,27485,3067
2020-06-02 10:12:37.530000,27561.07,27505,4,27510,11604,27495,10064,27490,3237
2020-06-02 10:12:37.950000,27561.07,27505,14834,27510,10988,27490,10234,27485,3067
2020-06-02 10:12:41.400000,27561.07,27505,2304,27510,11604,27495,10064,27490,3237
2020-06-02 10:12:41.730000,27561.07,27505,2304,27510,11604,27495,10064,27490,3237
2020-06-02 10:12:42.180000,27561.07,27505,7304,27510,11604,27495,6997,27490,3237
2020-06-02 10:12:42.890000,27561.07,27505,2304,27510,11604,27495,10064,27490,3237
2020-06-02 10:12:43.950000,27561.07,27505,2304,27510,11604,27495,10064,27490,3237
2020-06-02 10:12:47.030000,27580.97,27505,4,27510,11,27500,10234,27495,3067
2020-06-02 10:12:47.500000,27580.97,27505,2304,27510,11604,27495,10064,27490,13137
2020-06-02 10:12:48.730000,27580.97,27505,2304,27510,7541,27500,3237,27495,10064
2020-06-02 10:12:48.890000,27580.97,27505,304,27510,7541,27500,3237,27495,10064
2020-06-02 10:12:49.730000,27580.97,27505,4,27510,11,27500,10234,27495,3067
2020-06-02 10:12:49.930000,27580.97,27505,4,27510,11,27500,10054,27495,3067
2020-06-02 10:12:57.010000,27564.09,27505,4,27510,11,27500,9953,27495,3067
2020-06-02 10:12:57.490000,27564.09,27505,4,27510,4074,27500,6716,27495,3067
2020-06-02 10:12:58.350000,27564.09,27505,4,27510,11,27500,9953,27495,3067
2020-06-02 10:13:00.270000,27564.09,27505,4,27510,11,27500,9953,27495,3067
2020-06-02 10:13:03.580000,27564.09,27510,11,27520,11593,27505,9779,27500,3237
2020-06-02 10:13:05.970000,27564.57,27510,11,27520,11593,27505,9779,27500,3237
2020-06-02 10:13:08.130000,27564.57,27530,12530,27535,10977,27515,9779,27510,3237
2020-06-02 10:13:08.380000,27564.57,27520,2300,27525,11593,27510,9949,27505,3067
2020-06-02 10:13:08.880000,27564.57,27520,14830,27525,10977,27505,9779,27500,13137
2020-06-02 10:13:09.490000,27564.57,27520,14830,27525,10977,27505,9779,27500,13137
2020-06-02 10:13:10.820000,27564.57,27520,14830,27525,10977,27505,9779,27500,3237
2020-06-02 10:13:11.830000,27564.57,27520,2300,27525,11593,27510,9949,27505,3067
2020-06-02 10:13:12.890000,27564.57,27525,11593,27530,14214,27510,9949,27505,3067
2020-06-02 10:13:13.750000,27564.57,27525,13893,27530,14214,27510,9949,27505,3067
2020-06-02 10:13:14.030000,27579.41,27530,14830,27535,10977,27515,9779,27510,3237
2020-06-02 10:13:15.030000,27579.41,27530,14830,27535,10977,27515,9779,27510,3237
2020-06-02 10:13:16.020000,27579.41,27530,14830,27535,10977,27515,9779,27510,3237
2020-06-02 10:13:16.280000,27579.41,27530,14830,27535,10977,27515,9779,27510,3237
2020-06-02 10:13:17.500000,27579.41,27530,9830,27535,10977,27520,3237,27515,9779
2020-06-02 10:13:17.750000,27579.41,27535,11593,27540,11914,27520,9949,27515,3067
2020-06-02 10:13:18.950000,27579.41,27535,13893,27540,11914,27520,9949,27515,3067
2020-06-02 10:13:19.250000,27579.41,27540,12530,27545,10977,27525,9779,27520,3237
2020-06-02 10:13:20.480000,27579.41,27540,14830,27545,10977,27525,9779,27520,3237
2020-06-02 10:13:21.550000,27579.41,27535,11593,27540,14214,27520,9949,27515,12967
2020-06-02 10:13:21.770000,27579.41,27535,13893,27540,14214,27520,9949,27515,12967
2020-06-02 10:13:22.090000,27579.41,27540,14830,27545,10977,27525,9779,27520,3237
2020-06-02 10:13:23.090000,27579.41,27540,7300,27545,11593,27530,6712,27525,3067
2020-06-02 10:13:24.220000,27579.41,27540,1000,27545,11593,27530,9949,27525,3067
2020-06-02 10:13:25.250000,27565.78,27540,2400,27545,11593,27530,9949,27525,3067
2020-06-02 10:13:25.780000,27565.78,27540,2400,27545,11593,27530,9949,27525,3067
2020-06-02 10:13:27.090000,27565.78,27540,14930,27545,10977,27525,9779,27520,13137
2020-06-02 10:13:27.450000,27565.78,27540,14930,27545,10977,27525,9779,27520,13137
2020-06-02 10:13:28.470000,27565.78,27540,14930,27545,10977,27525,9779,27520,3237
2020-06-02 10:13:32.670000,27565.78,27540,14930,27545,10977,27525,9779,27520,3237
2020-06-02 10:13:33.790000,27565.78,27535,4,27540,14930,27525,9779,27520,3237
2020-06-02 10:13:34.360000,27565.78,27535,704,27540,14930,27525,9779,27520,3237
2020-06-02 10:13:35.000000,27577.35,27535,2404,27540,14930,27525,9779,27520,3237
2020-06-02 10:13:37.060000,27577.35,27535,2404,27540,21844,27525,3067,27520,9949
2020-06-02 10:13:37.990000,27577.35,27535,13997,27540,14314,27520,9949,27515,3067
2020-06-02 10:13:39.510000,27577.35,27535,13997,27540,14314,27520,9949,27515,3067
2020-06-02 10:13:40.670000,27577.35,27535,2404,27540,14930,27525,9779,27520,3237
2020-06-02 10:13:41.630000,27577.35,27535,13997,27540,14314,27520,9949,27515,3067
2020-06-02 10:13:42.100000,27577.35,27535,704,27540,14930,27525,9779,27520,3237
2020-06-02 10:13:43.200000,27577.35,27535,4,27540,14930,27525,9779,27520,3237
2020-06-02 10:13:43.650000,27577.35,27535,4,27540,14930,27525,9779,27520,3237
2020-06-02 10:13:44.090000,27594.95,27535,4,27540,14930,27525,9779,27520,3237
2020-06-02 10:13:44.770000,27594.95,27535,204,27540,14930,27525,9779,27520,3237
2020-06-02 10:13:44.960000,27594.95,27535,2304,27540,14930,27525,9779,27520,3237
2020-06-02 10:13:45.130000,27594.95,27535,2304,27540,14930,27525,9779,27520,3237
2020-06-02 10:13:45.320000,27594.95,27535,4,27540,14930,27525,9779,27520,3237
2020-06-02 10:13:51.050000,27594.95,27535,104,27540,14930,27525,9779,27520,3237
2020-06-02 10:13:51.490000,27594.95,27535,4,27540,14930,27525,9779,27520,3237
2020-06-02 10:13:53.010000,27594.95,27535,4,27540,2400,27530,9949,27525,3067
2020-06-02 10:13:55.330000,27581.11,27535,4,27540,7400,27530,6712,27525,3067
2020-06-02 10:13:56.350000,27581.11,27535,4,27540,2400,27530,9949,27525,3067
2020-06-02 10:13:59.630000,27581.11,27550,12531,27555,10977,27535,9779,27530,3237
2020-06-02 10:14:00.580000,27581.11,27550,1,27555,11593,27540,9949,27535,3067
2020-06-02 10:14:01.640000,27581.11,27550,2301,27555,11593,27540,9949,27535,3067
2020-06-02 10:14:02.660000,27581.11,27550,1,27555,11593,27540,9949,27535,3067
2020-06-02 10:14:02.920000,27581.11,27550,1,27555,11593,27540,9949,27535,3067
2020-06-02 10:14:03.720000,27581.11,27550,2301,27555,11593,27540,9949,27535,3067
2020-06-02 10:14:04.080000,27605.66,27550,1,27560,12530,27545,9779,27540,3237
2020-06-02 10:14:04.520000,27605.66,27565,11593,27570,11914,27550,9948,27545,3067
2020-06-02 10:14:05.310000,27605.66,27560,7530,27565,13177,27550,3237,27545,9778
2020-06-02 10:14:05.780000,27605.66,27560,9730,27565,13177,27550,3237,27545,9778
2020-06-02 10:14:06.880000,27605.66,27560,2200,27565,13793,27550,9948,27545,3067
2020-06-02 10:14:07.220000,27605.66,27565,2200,27570,12530,27555,9778,27550,3237
2020-06-02 10:14:07.890000,27605.66,27565,13793,27570,11914,27550,9948,27545,3067
2020-06-02 10:14:08.970000,27605.66,27565,2200,27570,19444,27555,3067,27550,9948
2020-06-02 10:14:09.220000,27605.66,27565,13793,27570,11914,27550,9948,27545,3067
2020-06-02 10:14:10.000000,27605.66,27570,12530,27575,10977,27555,9778,27550,3237
2020-06-02 10:14:10.220000,27605.66,27570,14830,27575,10977,27555,9778,27550,3237
2020-06-02 10:14:11.450000,27605.66,27575,11593,27580,11914,27560,9948,27555,3067
2020-06-02 10:14:12.610000,27605.66,27575,13893,27580,11914,27560,9948,27555,3067
2020-06-02 10:14:13.610000,27589.04,27575,13893,27580,11914,27560,9948,27555,3067
2020-06-02 10:14:15.750000,27589.04,27580,12530,27585,10980,27565,9778,27560,3237
2020-06-02 10:14:16.810000,27589.04,27580,14830,27585,10980,27565,9778,27560,3237
2020-06-02 10:14:17.830000,27589.04,27580,14830,27585,10980,27565,9778,27560,3237
2020-06-02 10:14:18.280000,27589.04,27580,14830,27585,10980,27565,9778,27560,3237
2020-06-02 10:14:19.790000,27589.04,27580,14830,27585,10980,27565,9778,27560,3237
2020-06-02 10:14:20.450000,27589.04,27575,7530,27580,14214,27565,3067,27560,9948
2020-06-02 10:14:21.500000,27589.04,27575,9830,27580,14214,27565,3067,27560,9948
2020-06-02 10:14:21.890000,27589.04,27575,13893,27580,14214,27560,9948,27555,12967
2020-06-02 10:14:22.480000,27589.04,27575,13893,27580,14214,27560,9948,27555,3067
2020-06-02 10:14:23.980000,27589.04,27570,5000,27575,13893,27560,6711,27555,3067
2020-06-02 10:14:24.560000,27602.54,27570,7300,27575,13893,27560,6711,27555,3067
2020-06-02 10:14:25.650000,27602.54,27575,13893,27580,14214,27560,9948,27555,3067
2020-06-02 10:14:30.320000,27602.54,27570,12530,27575,13277,27555,9778,27550,3237
2020-06-02 10:14:30.570000,27602.54,27570,9830,27575,13277,27560,3237,27555,9778
2020-06-02 10:14:31.350000,27602.54,27570,5000,27575,13893,27560,6711,27555,3067
2020-06-02 10:14:31.620000,27602.54,27570,14830,27575,13277,27555,9778,27550,3237
2020-06-02 10:14:32.380000,27602.54,27570,14830,27575,13277,27555,9778,27550,3237
2020-06-02 10:14:34.490000,27602.54,27565,11593,27570,14214,27550,9948,27545,12967
2020-06-02 10:14:34.710000,27613.31,27565,13893,27570,14214,27550,9948,27545,3067
2020-06-02 10:14:35.520000,27613.31,27565,4063,27570,14830,27555,6711,27550,3237
2020-06-02 10:14:35.770000,27613.31,27570,14830,27575,13277,27555,9778,27550,3237
2020-06-02 10:14:37.730000,27613.31,27565,101,27570,14830,27555,9778,27550,3237
2020-06-02 10:14:38.050000,27613.31,27565,1801,27570,14830,27555,9778,27550,3237
2020-06-02 10:14:38.350000,27613.31,27565,2501,27570,14830,27555,9778,27550,3237
2020-06-02 10:14:39.790000,27613.31,27565,14094,27570,14214,27550,9948,27545,12967
2020-06-02 10:14:40.190000,27613.31,27565,2501,27570,14830,27555,9778,27550,3237
2020-06-02 10:14:40.690000,27613.31,27565,2501,27570,14830,27555,9778,27550,3237
2020-06-02 10:14:42.190000,27613.31,27565,2501,27570,14830,27555,9778,27550,3237
2020-06-02 10:14:44.130000,27624.11,27565,1801,27570,14830,27555,9778,27550,3237
2020-06-02 10:14:45.040000,27624.11,27565,101,27570,14830,27555,9778,27550,3237
2020-06-02 10:14:45.250000,27624.11,27565,101,27570,9830,27560,3237,27555,9778
2020-06-02 10:14:46.110000,27624.11,27565,101,27570,7300,27560,6711,27555,3067
2020-06-02 10:14:47.160000,27624.11,27565,101,27570,2300,27560,9948,27555,3067
2020-06-02 10:14:48.050000,27624.11,27565,101,27570,2300,27560,9768,27555,3067
2020-06-02 10:14:49.300000,27624.11,27565,101,27570,2300,27560,3237,27555,9598
2020-06-02 10:14:49.530000,27624.11,27565,101,27570,2300,27560,9768,27555,3067
2020-06-02 10:14:50.130000,27624.11,27565,101,27570,2300,27560,9765,27555,3067
2020-06-02 10:14:52.940000,27624.11,27565,101,27570,2300,27560,9765,27555,3067
2020-06-02 10:14:54.800000,27626.11,27565,1101,27570,7300,27560,6528,27555,3067
2020-06-02 10:14:55.590000,27626.11,27565,2401,27570,9830,27560,2628,27555,9595
2020-06-02 10:14:55.830000,27626.11,27565,2401,27570,2300,27560,9385,27555,4999
2020-06-02 10:14:56.630000,27626.11,27565,101,27570,2300,27560,9385,27555,4999
2020-06-02 10:14:56.840000,27626.11,27565,101,27570,2300,27560,9385,27555,4999
2020-06-02 10:14:57.830000,27626.11,27565,101,27570,2300,27560,9385,27555,4999
2020-06-02 10:15:00.340000,27626.11,27565,101,27570,7300,27560,6528,27555,4999
2020-06-02 10:15:00.530000,27626.11,27580,12530,27585,10977,27565,11527,27560,2857
2020-06-02 10:15:01.330000,27626.11,27580,14630,27585,10977,27565,11527,27560,2857
2020-06-02 10:15:02.440000,27626.11,27575,11593,27580,14014,27560,9385,27555,14899
2020-06-02 10:15:02.920000,27626.11,27575,13793,27580,11914,27560,9385,27555,14899
2020-06-02 10:15:04.010000,27626.11,27580,12530,27585,10977,27565,11527,27560,2857
2020-06-02 10:15:04.300000,27625.13,27575,11593,27580,14114,27560,9385,27555,4999
2020-06-02 10:15:05.050000,27625.13,27575,13793,27580,11914,27560,9385,27555,4999
2020-06-02 10:15:06.060000,27625.13,27570,7530,27575,6263,27560,2857,27555,11527
2020-06-02 10:15:06.310000,27625.13,27575,7530,27580,5000,27565,4999,27560,9385
2020-06-02 10:15:06.590000,27625.13,27575,7530,27580,5000,27565,5003,27560,9385
2020-06-02 10:15:07.730000,27625.13,27575,7530,27580,5000,27565,5003,27560,9385
2020-06-02 10:15:08.670000,27625.13,27575,9730,27580,5000,27565,5003,27560,9385
2020-06-02 10:15:08.900000,27625.13,27570,7530,27575,6263,27565,4,27560,2857
2020-06-02 10:15:09.790000,27625.13,27570,9730,27575,5063,27560,2857,27555,11527
2020-06-02 10:15:10.040000,27625.13,27565,7530,27570,7200,27555,4999,27550,9385
2020-06-02 10:15:10.820000,27625.13,27565,8630,27570,5000,27555,4999,27550,9385
2020-06-02 10:15:11.150000,27625.13,27565,7530,27570,5000,27555,4999,27550,9385
2020-06-02 10:15:11.840000,27625.13,27565,9130,27570,5000,27555,4999,27550,9385
2020-06-02 10:15:12.210000,27625.13,27565,7530,27570,5000,27555,4999,27550,9385
2020-06-02 10:15:12.640000,27625.13,27565,8630,27570,5000,27555,4999,27550,9385
2020-06-02 10:15:13.430000,27625.13,27565,8630,27570,5000,27555,4999,27550,9385
2020-06-02 10:15:13.650000,27628.06,27565,9730,27570,5000,27555,4999,27550,9385
2020-06-02 10:15:14.460000,27628.06,27565,7530,27570,5000,27555,4999,27550,9385
2020-06-02 10:15:15.540000,27628.06,27570,12530,27575,4063,27555,11527,27550,12857
2020-06-02 10:15:15.760000,27628.06,27570,8230,27575,4063,27560,2857,27555,11527
2020-06-02 10:15:16.560000,27628.06,27565,7530,27570,7200,27555,4999,27550,9385
2020-06-02 10:15:17.030000,27628.06,27565,9730,27570,5700,27555,4999,27550,9385
2020-06-02 10:15:18.030000,27628.06,27565,7530,27570,5700,27555,4999,27550,9385
2020-06-02 10:15:19.090000,27628.06,27570,8230,27575,4063,27560,2857,27555,11527
2020-06-02 10:15:20.210000,27628.06,27565,7530,27570,7200,27555,4999,27550,9385
2020-06-02 10:15:20.420000,27628.06,27565,9730,27570,5700,27555,4999,27550,9385
2020-06-02 10:15:20.740000,27628.06,27565,8130,27570,5700,27555,4999,27550,9385
2020-06-02 10:15:21.430000,27628.06,27565,7930,27570,5700,27555,4999,27550,9385
2020-06-02 10:15:21.680000,27628.06,27565,9630,27570,5700,27555,4999,27550,9385
2020-06-02 10:15:24.380000,27613.43,27565,8830,27570,5700,27555,4999,27550,9385
2020-06-02 10:15:24.980000,27613.43,27560,4,27565,8830,27555,4999,27550,9385
2020-06-02 10:15:27.240000,27613.43,27570,8230,27575,4063,27560,2853,27555,11527
2020-06-02 10:15:28.180000,27613.43,27565,7530,27570,7200,27555,4999,27550,9381
2020-06-02 10:15:28.430000,27613.43,27565,9730,27570,5700,27555,4999,27550,9381
2020-06-02 10:15:29.410000,27613.43,27565,9730,27570,5700,27555,4999,27550,9381
2020-06-02 10:15:31.690000,27613.43,27560,7530,27565,2200,27555,4999,27550,2853
2020-06-02 10:15:32.260000,27613.43,27565,8430,27570,5000,27555,4999,27550,9381
2020-06-02 10:15:32.790000,27613.43,27565,9730,27570,5000,27555,4999,27550,9381
2020-06-02 10:15:33.380000,27613.43,27565,7530,27570,5000,27555,4999,27550,9381
2020-06-02 10:15:33.740000,27613.43,27565,9730,27570,5000,27555,4999,27550,9381
2020-06-02 10:15:34.960000,27617.27,27565,7830,27570,5000,27555,4999,27550,9381
2020-06-02 10:15:35.100000,27617.27,27565,9630,27570,5000,27555,4999,27550,9381
2020-06-02 10:15:36.050000,27617.27,27560,7530,27565,6163,27550,2853,27545,21427
2020-06-02 10:15:36.300000,27617.27,27560,9730,27565,4363,27550,2853,27545,11527
2020-06-02 10:15:39.380000,27617.27,27555,7530,27560,7200,27545,4999,27540,9381
2020-06-02 10:15:40.220000,27617.27,27555,7530,27560,5000,27545,4999,27540,9381
2020-06-02 10:15:40.470000,27617.27,27555,9730,27560,5000,27545,4999,27540,9381
2020-06-02 10:15:42.690000,27617.27,27550,7530,27555,6263,27540,2853,27535,11527
2020-06-02 10:15:43.160000,27617.27,27550,9730,27555,4063,27540,2853,27535,11527
2020-06-02 10:15:44.690000,27630.1,27550,9730,27555,4063,27540,2853,27535,11527
2020-06-02 10:15:45.470000,27630.1,27555,20054,27560,5000,27545,4999,27540,9381
2020-06-02 10:15:46.530000,27630.1,27550,73,27555,20054,27545,4999,27540,9381
2020-06-02 10:15:47.090000,27630.1,27550,73,27555,20054,27545,4999,27540,9381
2020-06-02 10:15:50.730000,27630.1,27560,20854,27565,4063,27550,2780,27545,11527
2020-06-02 10:15:50.980000,27630.1,27565,20054,27570,5000,27555,4999,27550,2780
2020-06-02 10:15:51.830000,27630.1,27560,20054,27565,4863,27550,2780,27545,11527
2020-06-02 10:15:52.190000,27630.1,27560,20054,27565,4063,27550,2780,27545,11527
2020-06-02 10:15:53.220000,27630.1,27565,24117,27570,5000,27550,9308,27545,14999
2020-06-02 10:15:53.750000,27630.1,27565,20054,27570,5000,27555,4999,27550,9308
2020-06-02 10:15:55.280000,27633.1,27565,20854,27570,5000,27555,4999,27550,9308
2020-06-02 10:15:55.790000,27633.1,27560,20054,27565,800,27555,4999,27550,2780
2020-06-02 10:15:56.530000,27633.1,27565,20854,27570,5000,27555,4999,27550,9308
2020-06-02 10:15:56.950000,27633.1,27565,20054,27570,5000,27555,4999,27550,9308
2020-06-02 10:15:59.170000,27633.1,27565,20054,27570,5000,27555,4999,27550,9308
2020-06-02 10:15:59.700000,27633.1,27560,20054,27565,800,27555,4999,27550,2780
2020-06-02 10:16:00.120000,27633.1,27560,20054,27565,4863,27550,2780,27545,11527
2020-06-02 10:16:00.560000,27633.1,27560,20054,27565,4863,27550,2780,27545,11527
2020-06-02 10:16:02.390000,27633.1,27560,20054,27565,4063,27550,2780,27545,11527
2020-06-02 10:16:02.600000,27633.1,27565,20054,27570,5000,27555,4999,27550,2780
2020-06-02 10:16:02.890000,27633.1,27560,20054,27565,800,27555,4999,27550,2780
2020-06-02 10:16:03.390000,27633.1,27560,20054,27565,4863,27550,2780,27545,11527
2020-06-02 10:16:04.210000,27613.64,27560,20854,27565,4063,27550,2780,27545,11527
2020-06-02 10:16:04.980000,27613.64,27560,20854,27565,4063,27550,2780,27545,11527
2020-06-02 10:16:05.260000,27613.64,27555,20054,27560,800,27550,2780,27545,4999
2020-06-02 10:16:06.040000,27613.64,27555,20054,27560,5800,27545,4999,27540,19208
2020-06-02 10:16:06.320000,27613.64,27555,20054,27560,5800,27545,4999,27540,9308
2020-06-02 10:16:07.260000,27613.64,27555,20854,27560,5000,27545,4999,27540,9308
2020-06-02 10:16:08.120000,27613.64,27555,20054,27560,5000,27545,4999,27540,9308
2020-06-02 10:16:10.200000,27613.64,27550,20054,27555,800,27545,4999,27540,2780
2020-06-02 10:16:10.460000,27613.64,27550,20054,27555,4063,27540,2780,27535,11527
2020-06-02 10:16:11.240000,27613.64,27545,20054,27555,10977,27540,2780,27535,4999
2020-06-02 10:16:12.300000,27613.64,27545,20054,27555,10977,27540,2780,27535,4999
2020-06-02 10:16:12.540000,27613.64,27550,20054,27555,4063,27540,2780,27535,11527
2020-06-02 10:16:13.350000,27613.64,27550,20854,27555,4063,27540,2780,27535,11527
2020-06-02 10:16:13.600000,27613.64,27550,20054,27555,4063,27540,2780,27535,11527
2020-06-02 10:16:14.520000,27625.67,27550,20954,27555,4063,27540,2780,27535,11527
2020-06-02 10:16:15.370000,27625.67,27550,20054,27555,4063,27540,2780,27535,11527
2020-06-02 10:16:16.510000,27625.67,27545,20054,27550,5900,27535,4999,27530,9308
2020-06-02 10:16:17.550000,27625.67,27540,20054,27545,4963,27530,2780,27525,21427
2020-06-02 10:16:18.490000,27625.67,27540,20054,27545,4963,27530,2780,27525,11527
2020-06-02 10:16:19.080000,27625.67,27535,101,27540,20054,27530,2780,27525,11527
2020-06-02 10:16:20.150000,27625.67,27545,20954,27550,5000,27535,4898,27530,9308
2020-06-02 10:16:20.400000,27625.67,27545,20054,27550,5000,27535,4898,27530,9308
2020-06-02 10:16:21.240000,27625.67,27545,20954,27550,5000,27535,4898,27530,9308
2020-06-02 10:16:21.460000,27625.67,27540,20054,27545,4963,27530,2780,27525,21326
2020-06-02 10:16:22.270000,27625.67,27545,20954,27550,5000,27535,4898,27530,9308
2020-06-02 10:16:22.690000,27625.67,27545,20054,27550,5000,27535,4898,27530,9308
2020-06-02 10:16:23.290000,27625.67,27545,20054,27550,5000,27535,4898,27530,9308
2020-06-02 10:16:24.380000,27625.67,27550,20054,27555,4063,27540,2780,27535,11426
2020-06-02 10:16:24.630000,27629.08,27550,20954,27555,4063,27540,2780,27535,11426
2020-06-02 10:16:25.410000,27629.08,27550,20054,27555,4063,27540,2780,27535,11426
2020-06-02 10:16:25.610000,27629.08,27550,20454,27555,4063,27540,2780,27535,11426
2020-06-02 10:16:26.460000,27629.08,27550,20054,27555,4063,27540,2780,27535,11426
2020-06-02 10:16:26.880000,27629.08,27550,20054,27555,4063,27540,2780,27535,11426
2020-06-02 10:16:27.420000,27629.08,27550,20054,27555,4063,27540,2780,27535,11426
2020-06-02 10:16:28.550000,27629.08,27550,20954,27555,4063,27540,2780,27535,11426
2020-06-02 10:16:28.780000,27629.08,27545,20054,27550,5900,27535,4898,27530,9308
2020-06-02 10:16:30.630000,27629.08,27545,20054,27550,5900,27535,4898,27530,9308
2020-06-02 10:16:31.160000,27629.08,27545,20054,27550,5000,27535,4898,27530,9308
2020-06-02 10:16:34.480000,27628.38,27545,20054,27550,5000,27535,4898,27530,9308
2020-06-02 10:16:35.390000,27628.38,27545,20954,27550,5000,27535,4898,27530,9308
2020-06-02 10:16:35.590000,27628.38,27545,24117,27550,5000,27530,9308,27525,24798
2020-06-02 10:16:36.450000,27628.38,27545,20054,27550,5000,27535,4898,27530,9308
2020-06-02 10:16:38.510000,27628.38,27540,20054,27545,900,27535,4898,27530,2780
2020-06-02 10:16:38.730000,27628.38,27540,20054,27545,4963,27530,2780,27525,11426
2020-06-02 10:16:42.310000,27628.38,27545,25017,27550,5000,27530,9308,27525,14898
2020-06-02 10:16:43.310000,27628.38,27545,24117,27550,5000,27530,9308,27525,14898
2020-06-02 10:16:44.260000,27628.38,27545,24117,27550,5000,27530,9308,27525,14898
2020-06-02 10:16:44.430000,27622.86,27545,20054,27550,5000,27535,4898,27530,9308
2020-06-02 10:16:45.620000,27622.86,27540,180,27545,20054,27535,4898,27530,9308
2020-06-02 10:16:46.590000,27622.86,27550,25954,27555,4063,27535,11426,27530,22500
2020-06-02 10:16:47.420000,27622.86,27550,20954,27555,4063,27540,2600,27535,11426
2020-06-02 10:16:49.560000,27622.86,27555,20054,27560,5000,27545,4898,27540,2600
2020-06-02 10:16:49.790000,27622.86,27550,20054,27555,4963,27540,2600,27535,11426
2020-06-02 10:16:50.600000,27622.86,27550,20954,27555,4063,27540,2600,27535,4898
2020-06-02 10:16:50.890000,27622.86,27550,20054,27555,4063,27540,2600,27535,11426
2020-06-02 10:16:51.670000,27622.86,27550,20054,27555,4063,27540,2600,27535,11426
2020-06-02 10:16:55.200000,27626.02,27545,20054,27550,5900,27535,4898,27530,9128
2020-06-02 10:16:57.480000,27626.02,27545,20054,27550,5900,27535,4898,27530,9128
2020-06-02 10:16:57.850000,27626.02,27540,20054,27545,4963,27530,2600,27525,21326
2020-06-02 10:16:59.490000,27626.02,27540,20054,27545,4963,27530,2600,27525,11426
2020-06-02 10:17:00.910000,27626.02,27545,25017,27550,5000,27530,2600,27525,11426
2020-06-02 10:17:01.550000,27626.02,27545,24117,27550,5000,27530,9128,27525,24798
2020-06-02 10:17:02.090000,27626.02,27545,20054,27550,5000,27535,4898,27530,9128
2020-06-02 10:17:02.590000,27626.02,27545,24117,27550,5000,27530,9128,27525,24798
2020-06-02 10:17:03.010000,27626.02,27545,20054,27550,5000,27535,4898,27530,9128
2020-06-02 10:17:03.730000,27626.02,27545,24117,27550,5000,27530,9128,27525,24798
2020-06-02 10:17:03.910000,27626.02,27545,20954,27550,5000,27535,4898,27530,2600
2020-06-02 10:17:04.800000,27617.4,27540,20054,27550,11914,27535,4898,27530,2600
2020-06-02 10:17:05.120000,27617.4,27540,20054,27550,11914,27535,4898,27530,2600
2020-06-02 10:17:05.790000,27617.4,27545,24117,27550,5000,27530,9128,27525,14898
2020-06-02 10:17:06.400000,27617.4,27545,20054,27550,5000,27535,4898,27530,9128
2020-06-02 10:17:07.880000,27617.4,27545,20054,27550,5000,27535,4898,27530,9128
2020-06-02 10:17:09.600000,27617.4,27550,25054,27555,10977,27535,4898,27530,9128
2020-06-02 10:17:10.020000,27617.4,27550,20054,27555,4063,27540,2600,27535,11426
2020-06-02 10:17:10.460000,27617.4,27550,20054,27555,4063,27540,2600,27535,11426
2020-06-02 10:17:12.460000,27617.4,27555,24117,27560,5000,27540,9128,27535,24798
2020-06-02 10:17:13.080000,27617.4,27555,20054,27560,5000,27545,4898,27540,9128
2020-06-02 10:17:14.360000,27619.43,27555,20054,27560,5000,27545,4898,27540,9128
2020-06-02 10:17:15.130000,27619.43,27555,20054,27560,5000,27545,4898,27540,9128
2020-06-02 10:17:16.320000,27619.43,27550,4,27555,20054,27545,4898,27540,9128
2020-06-02 10:17:16.490000,27619.43,27560,25054,27565,4063,27545,11426,27540,12596
2020-06-02 10:17:16.780000,27619.43,27560,20054,27565,4063,27550,2596,27545,11426
2020-06-02 10:17:17.220000,27619.43,27560,20254,27565,4063,27550,2596,27545,11426
2020-06-02 10:17:17.960000,27619.43,27560,20854,27565,4063,27550,2596,27545,4898
2020-06-02 10:17:18.170000,27619.43,27560,20054,27565,4063,27550,2596,27545,11426
2020-06-02 10:17:19.130000,27619.43,27560,20054,27565,4063,27550,2596,27545,11426
2020-06-02 10:17:19.300000,27619.43,27560,20954,27565,4063,27550,2596,27545,11426
2020-06-02 10:17:20.020000,27619.43,27560,20054,27565,4063,27550,2596,27545,11426
2020-06-02 10:17:22.220000,27619.43,27560,20054,27565,4063,27550,2596,27545,11426
2020-06-02 10:17:25.480000,27625.39,27555,20054,27560,900,27545,4898,27540,9124
2020-06-02 10:17:26.250000,27625.39,27560,20954,27565,4063,27550,2596,27545,11426
2020-06-02 10:17:26.450000,27625.39,27555,20054,27560,5900,27545,4898,27540,9124
2020-06-02 10:17:27.280000,27625.39,27560,20054,27565,4063,27550,2596,27545,4898
2020-06-02 10:17:27.510000,27625.39,27555,20054,27560,5700,27545,4898,27540,9124
2020-06-02 10:17:28.330000,27625.39,27555,20054,27560,5700,27545,4898,27540,9124
2020-06-02 10:17:29.470000,27625.39,27560,20754,27565,4063,27550,2596,27545,11426
2020-06-02 10:17:29.610000,27625.39,27560,20054,27565,4063,27550,2596,27545,11426
2020-06-02 10:17:30.360000,27625.39,27560,20054,27565,4063,27550,2596,27545,11426
2020-06-02 10:17:32.470000,27625.39,27555,20054,27560,5900,27545,4898,27540,9124
2020-06-02 10:17:32.810000,27625.39,27560,20954,27565,4063,27550,2596,27545,11426
2020-06-02 10:17:33.330000,27625.39,27560,20054,27565,4063,27550,2596,27545,11426
2020-06-02 10:17:34.120000,27613.1,27555,20054,27560,5900,27545,4898,27540,9124
2020-06-02 10:17:34.450000,27613.1,27555,20054,27560,5900,27545,4898,27540,9124
2020-06-02 10:17:35.030000,27613.1,27560,20954,27565,4063,27550,2596,27545,11426
2020-06-02 10:17:36.090000,27613.1,27560,20054,27565,4063,27550,2596,27545,11426
2020-06-02 10:17:37.120000,27613.1,27560,20054,27565,4063,27550,2596,27545,11426
2020-06-02 10:17:39.120000,27613.1,27560,20054,27565,4063,27550,2596,27545,11426
2020-06-02 10:17:39.590000,27613.1,27560,20054,27565,4063,27550,2596,27545,11426
2020-06-02 10:17:42.560000,27613.1,27555,20054,27560,5900,27545,4898,27540,9124
2020-06-02 10:17:44.510000,27627.98,27555,20054,27560,900,27550,2596,27545,4898
2020-06-02 10:17:44.740000,27627.98,27555,20054,27560,5900,27545,4898,27540,9124
2020-06-02 10:17:45.520000,27627.98,27560,20954,27565,4063,27550,2596,27545,4898
2020-06-02 10:17:45.790000,27627.98,27555,20054,27560,5000,27545,4898,27540,9124
2020-06-02 10:17:47.710000,27627.98,27555,20054,27560,5000,27545,4898,27540,9124
2020-06-02 10:17:48.020000,27627.98,27560,20054,27565,4063,27550,2596,27545,11426
2020-06-02 10:17:49.710000,27627.98,27560,20054,27565,4063,27550,2596,27545,11426
2020-06-02 10:17:52.790000,27627.98,27560,20054,27565,4063,27550,2596,27545,11426
2020-06-02 10:17:53.260000,27627.98,27555,20054,27560,900,27545,4898,27540,19024
2020-06-02 10:17:53.680000,27627.98,27555,20054,27560,5900,27545,4898,27540,19024
2020-06-02 10:17:54.760000,27608.05,27555,20054,27560,5900,27545,4898,27540,9124
2020-06-02 10:17:59.580000,27608.05,27555,20054,27560,5000,27545,4898,27540,9124
2020-06-02 10:18:00.270000,27608.05,27550,101,27555,20054,27545,4898,27540,9124
2020-06-02 10:18:01.350000,27608.05,27550,101,27555,20054,27545,4898,27540,9124
2020-06-02 10:18:02.250000,27608.05,27555,20054,27560,6000,27545,4898,27540,9023
2020-06-02 10:18:02.800000,27608.05,27555,20054,27560,6000,27545,4898,27540,9023
2020-06-02 10:18:04.280000,27618.11,27560,21054,27565,4063,27550,2495,27545,11426
2020-06-02 10:18:05.020000,27618.11,27560,21054,27565,4063,27550,2495,27545,11426
2020-06-02 10:18:05.280000,27618.11,27560,21054,27565,4063,27550,2495,27545,11426
2020-06-02 10:18:07.460000,27618.11,27560,21054,27565,4063,27550,2495,27545,4898
2020-06-02 10:18:08.250000,27618.11,27560,21054,27565,4063,27550,2495,27545,4898
2020-06-02 10:18:08.720000,27618.11,27560,26054,27565,4063,27545,11426,27540,12495
2020-06-02 10:18:09.810000,27618.11,27560,21054,27565,4063,27550,2495,27545,11426
2020-06-02 10:18:13.560000,27603.0,27565,24117,27570,5000,27550,9023,27545,14898
2020-06-02 10:18:14.050000,27603.0,27565,24117,27570,5000,27550,9023,27545,14898
2020-06-02 10:18:15.020000,27603.0,27565,20054,27570,5000,27555,4898,27550,2495
2020-06-02 10:18:16.050000,27603.0,27560,20054,27565,4963,27550,2495,27545,11426
2020-06-02 10:18:16.220000,27603.0,27560,20054,27565,4963,27550,2495,27545,11426
2020-06-02 10:18:22.970000,27603.0,27565,25017,27570,5000,27550,9023,27545,14898
2020-06-02 10:18:23.200000,27603.0,27565,25017,27570,5000,27550,9023,27545,14898
2020-06-02 10:18:23.890000,27603.0,27560,20054,27565,4963,27550,2495,27545,11426
2020-06-02 10:18:24.930000,27622.17,27560,20054,27565,4963,27550,2495,27545,11426
2020-06-02 10:18:26.950000,27622.17,27560,20054,27565,4363,27550,2495,27545,11426
2020-06-02 10:18:28.060000,27622.17,27560,20954,27565,4363,27550,2495,27545,11426
2020-06-02 10:18:28.140000,27622.17,27560,20054,27565,4363,27550,2495,27545,11426
2020-06-02 10:18:29.230000,27622.17,27560,20054,27565,4363,27550,2495,27545,11426
2020-06-02 10:18:32.900000,27622.17,27565,20354,27570,5000,27555,4898,27550,2495
2020-06-02 10:18:33.150000,27622.17,27560,20054,27565,4963,27550,2495,27545,11426
2020-06-02 10:18:34.760000,27600.44,27560,20054,27565,4963,27550,2495,27545,11426
2020-06-02 10:18:37.960000,27600.44,27565,25017,27570,5000,27550,9023,27545,14898
2020-06-02 10:18:38.210000,27600.44,27565,20054,27570,5000,27555,4898,27550,9023
2020-06-02 10:18:40.100000,27600.44,27565,20054,27570,5000,27555,4898,27550,9023
2020-06-02 10:18:40.380000,27600.44,27560,20054,27565,4963,27550,2495,27545,21326
2020-06-02 10:18:42.230000,27600.44,27560,20054,27565,4963,27550,2495,27545,11426
2020-06-02 10:18:43.680000,27600.44,27560,20954,27565,4063,27550,2495,27545,11426
2020-06-02 10:18:43.930000,27600.44,27555,179,27560,20954,27550,2495,27545,11426
2020-06-02 10:18:44.710000,27615.96,27555,179,27560,20054,27550,2495,27545,11426
2020-06-02 10:18:46.220000,27615.96,27555,21233,27560,5000,27545,4898,27540,9023
2020-06-02 10:18:46.660000,27615.96,27555,21233,27560,5000,27545,4898,27540,9023
2020-06-02 10:18:47.930000,27615.96,27550,20054,27555,1179,27545,4898,27540,2495
2020-06-02 10:18:48.380000,27615.96,27550,20054,27555,1179,27545,4898,27540,2495
2020-06-02 10:18:49.540000,27615.96,27550,20054,27555,5242,27540,2495,27535,11426
2020-06-02 10:18:56.190000,27601.79,27550,26054,27555,4242,27535,4898,27530,9023
2020-06-02 10:18:56.910000,27601.79,27550,20054,27555,4242,27540,2495,27535,11426
2020-06-02 10:18:58.310000,27601.79,27550,20054,27555,4242,27540,2495,27535,11426
2020-06-02 10:19:00.590000,27601.79,27545,20054,27550,6000,27535,4898,27530,9023
2020-06-02 10:19:00.840000,27601.79,27545,20054,27550,6000,27535,4898,27530,9023
2020-06-02 10:19:01.640000,27601.79,27550,21054,27555,4242,27540,2495,27535,11426
2020-06-02 10:19:01.860000,27601.79,27550,21054,27555,4242,27540,2495,27535,4898
2020-06-02 10:19:02.700000,27601.79,27550,20054,27555,4242,27540,2495,27535,4898
2020-06-02 10:19:03.220000,27601.79,27550,20054,27555,4242,27540,2495,27535,11426
2020-06-02 10:19:04.250000,27601.79,27545,20054,27550,800,27540,2495,27535,4898
2020-06-02 10:19:04.440000,27622.23,27550,20854,27555,4242,27540,2495,27535,11426
2020-06-02 10:19:04.800000,27622.23,27550,20054,27555,4242,27540,2495,27535,11426
2020-06-02 10:19:06.830000,27622.23,27545,4,27550,20127,27540,2495,27535,11426
2020-06-02 10:19:10.920000,27622.23,27545,21058,27550,73,27540,2495,27535,4898
2020-06-02 10:19:11.480000,27622.23,27545,21058,27550,5073,27535,4898,27530,9023
2020-06-02 10:19:13.390000,27622.23,27545,4,27550,20127,27540,2495,27535,11426
2020-06-02 10:19:14.180000,27622.23,27545,4,27550,25127,27535,11426,27530,12495
2020-06-02 10:19:14.420000,27604.11,27545,21158,27550,5073,27535,4898,27530,9023
2020-06-02 10:19:19.200000,27604.11,27540,20054,27545,5167,27530,2495,27525,11426
2020-06-02 10:19:21.570000,27604.11,27545,21158,27550,5073,27535,4898,27530,9023
2020-06-02 10:19:22.850000,27604.11,27540,20054,27545,1104,27535,4898,27530,2495
2020-06-02 10:19:23.620000,27604.11,27545,21158,27550,5073,27535,4898,27530,9023
2020-06-02 10:19:24.350000,27621.35,27545,25221,27550,5073,27530,9023,27525,24798
2020-06-02 10:19:25.210000,27621.35,27545,21158,27550,5073,27535,4898,27530,2495
2020-06-02 10:19:25.680000,27621.35,27545,25221,27550,5073,27530,9023,27525,14898
2020-06-02 10:19:26.210000,27621.35,27545,21158,27550,5073,27535,4898,27530,9023
2020-06-02 10:19:27.340000,27621.35,27545,21158,27550,5073,27535,4898,27530,9023
2020-06-02 10:19:32.600000,27621.35,27540,20054,27545,1104,27535,4898,27530,2495
2020-06-02 10:19:32.970000,27621.35,27545,21158,27550,5073,27535,4898,27530,9023
2020-06-02 10:19:35.100000,27600.03,27545,21158,27550,5073,27535,4898,27530,9023
2020-06-02 10:19:38.680000,27600.03,27545,4,27550,20127,27540,2495,27535,11426
2020-06-02 10:19:41.350000,27600.03,27545,4,27550,20127,27540,2394,27535,11426
2020-06-02 10:19:41.490000,27600.03,27545,20458,27550,73,27540,2394,27535,4898
2020-06-02 10:19:41.860000,27600.03,27545,4,27550,20127,27540,2394,27535,4898
2020-06-02 10:19:42.380000,27600.03,27545,4,27550,20127,27540,2394,27535,11426
2020-06-02 10:19:43.550000,27600.03,27545,4,27550,20127,27540,2394,27535,11426
2020-06-02 10:19:44.610000,27614.81,27545,4,27550,25127,27535,11426,27530,22294
2020-06-02 10:19:44.880000,27614.81,27545,4,27550,20127,27540,2394,27535,11426
2020-06-02 10:19:49.980000,27614.81,27545,21158,27550,5073,27535,4898,27530,8922
2020-06-02 10:19:51.120000,27614.81,27545,4,27550,20127,27540,2394,27535,11426
2020-06-02 10:19:51.720000,27614.81,27545,4,27550,20127,27540,2394,27535,11426
2020-06-02 10:19:52.770000,27614.81,27545,4,27550,20127,27540,2394,27535,4898
2020-06-02 10:19:53.280000,27614.81,27545,4,27550,20127,27540,2394,27535,11426
2020-06-02 10:19:56.280000,27597.15,27545,4,27550,20127,27540,2394,27535,11426
2020-06-02 10:19:57.030000,27597.15,27545,4,27550,20127,27540,2394,27535,11426
2020-06-02 10:19:58.080000,27597.15,27545,20558,27550,73,27540,2394,27535,4898
2020-06-02 10:19:58.220000,27597.15,27545,20058,27550,73,27540,2394,27535,4898
2020-06-02 10:19:58.450000,27597.15,27545,20058,27550,73,27540,1791,27535,4898
2020-06-02 10:19:59.620000,27597.15,27545,20058,27550,5073,27535,4898,27530,8319
2020-06-02 10:20:00.790000,27597.15,27545,20058,27550,5073,27535,4898,27530,8319
2020-06-02 10:20:01.720000,27597.15,27540,20054,27545,5167,27530,1791,27525,11426
2020-06-02 10:20:01.890000,27597.15,27540,20054,27545,5167,27530,1791,27525,11426
2020-06-02 10:20:03.150000,27597.15,27540,20054,27545,5167,27530,1791,27525,11426
2020-06-02 10:20:05.350000,27601.45,27540,20054,27545,1104,27535,4898,27530,1791
2020-06-02 10:20:05.710000,27601.45,27540,20054,27545,5167,27530,1791,27525,11426
2020-06-02 10:20:06.450000,27601.45,27540,20054,27545,5167,27530,1791,27525,11426
2020-06-02 10:20:06.740000,27601.45,27540,20054,27545,5167,27530,1791,27525,11426
2020-06-02 10:20:09.450000,27601.45,27535,20054,27540,6200,27525,4898,27520,8359
2020-06-02 10:20:09.850000,27601.45,27540,21254,27545,4067,27530,1791,27525,11426
2020-06-02 10:20:10.650000,27601.45,27540,20054,27545,4067,27530,1791,27525,11426
2020-06-02 10:20:10.760000,27601.45,27540,20054,27545,4067,27530,1791,27525,11426
2020-06-02 10:20:11.680000,27601.45,27540,20054,27545,4067,27530,1791,27525,11426
2020-06-02 10:20:13.290000,27601.45,27545,20058,27550,5073,27535,4898,27530,8319
2020-06-02 10:20:13.760000,27601.45,27545,20058,27550,5073,27535,4898,27530,8319
2020-06-02 10:20:19.740000,27621.32,27545,20058,27550,5073,27535,4898,27530,18219
2020-06-02 10:20:21.240000,27621.32,27545,4,27550,20127,27540,1791,27535,11426
2020-06-02 10:20:21.490000,27621.32,27545,4,27550,20127,27540,1791,27535,11426
2020-06-02 10:20:22.290000,27621.32,27545,4,27550,20127,27540,1791,27535,11426
2020-06-02 10:20:23.790000,27605.25,27545,21258,27550,5073,27535,4898,27530,8319
2020-06-02 10:20:24.190000,27605.25,27545,1204,27550,20127,27540,1791,27535,11426
2020-06-02 10:20:24.970000,27605.25,27545,4,27550,20127,27540,1791,27535,11426
2020-06-02 10:20:25.970000,27605.25,27545,4,27550,20127,27540,1791,27535,11426
2020-06-02 10:20:31.190000,27605.25,27550,73,27555,20233,27545,4898,27540,8319
2020-06-02 10:20:31.670000,27605.25,27550,73,27555,20233,27545,4898,27540,8319
2020-06-02 10:20:36.660000,27627.46,27550,21327,27555,179,27545,4898,27540,1791
2020-06-02 10:20:37.050000,27627.46,27545,4437,27550,25127,27535,11426,27530,21691
2020-06-02 10:20:38.030000,27627.46,27550,20127,27555,4242,27540,1791,27535,11426
2020-06-02 10:20:40.190000,27627.46,27545,20054,27550,6273,27535,4898,27530,8319
2020-06-02 10:20:41.720000,27627.46,27540,180,27545,20054,27535,4898,27530,8319
2020-06-02 10:20:42.720000,27627.46,27540,180,27545,20054,27535,4898,27530,8319
2020-06-02 10:20:43.780000,27627.46,27540,21534,27550,11987,27535,4898,27530,1791
2020-06-02 10:20:44.190000,27623.45,27540,180,27545,20054,27535,4898,27530,8319
2020-06-02 10:20:44.690000,27623.45,27540,21534,27550,11987,27535,4898,27530,1791
2020-06-02 10:20:45.250000,27623.45,27540,20234,27550,11987,27535,4898,27530,1791
2020-06-02 10:20:45.690000,27623.45,27540,20234,27545,4063,27530,1791,27525,11426
2020-06-02 10:20:46.890000,27623.45,27535,20054,27540,6480,27525,4898,27520,18259
2020-06-02 10:20:47.120000,27623.45,27535,20054,27540,6480,27525,4898,27520,8359
2020-06-02 10:20:49.510000,27623.45,27530,20054,27535,1300,27525,4898,27520,1831
2020-06-02 10:20:49.890000,27623.45,27530,20054,27535,5363,27520,1831,27515,11426
2020-06-02 10:20:52.150000,27623.45,27530,20054,27535,5363,27520,1831,27515,11426
2020-06-02 10:20:53.090000,27623.45,27530,20054,27535,1300,27525,4898,27520,1831
2020-06-02 10:20:53.590000,27623.45,27530,20054,27535,5363,27520,1831,27515,11426
2020-06-02 10:20:54.760000,27617.47,27530,20014,27535,5363,27520,1791,27515,11426
2020-06-02 10:20:55.820000,27617.47,27535,21314,27540,5180,27525,4898,27520,8319
2020-06-02 10:20:56.040000,27617.47,27535,24077,27540,5180,27520,8319,27515,14898
2020-06-02 10:20:56.790000,27617.47,27535,20014,27540,5180,27525,4898,27520,8319
2020-06-02 10:20:56.960000,27617.47,27530,603,27535,20014,27525,4898,27520,8319
2020-06-02 10:20:57.680000,27617.47,27530,603,27535,20014,27525,4894,27520,8319
2020-06-02 10:20:59.380000,27617.47,27530,1903,27535,20014,27525,4894,27520,8319
2020-06-02 10:20:59.490000,27617.47,27530,603,27535,20014,27525,4894,27520,8319
2020-06-02 10:20:59.670000,27617.47,27530,20617,27535,4063,27520,1791,27515,11422
2020-06-02 10:21:00.480000,27617.47,27530,603,27535,24077,27520,8319,27515,14894
2020-06-02 10:21:01.510000,27617.47,27530,603,27535,20014,27525,4894,27520,8319
2020-06-02 10:21:01.760000,27617.47,27530,603,27535,20014,27525,4894,27520,8319
2020-06-02 10:21:07.480000,27600.68,27540,26594,27545,4103,27525,11422,27520,11188
2020-06-02 10:21:08.380000,27600.68,27535,20014,27540,6580,27525,4894,27520,7716
2020-06-02 10:21:08.630000,27600.68,27540,21594,27545,4103,27530,1188,27525,11422
2020-06-02 10:21:09.940000,27600.68,27540,21594,27545,4103,27530,1188,27525,11422
2020-06-02 10:21:10.400000,27600.68,27540,21594,27545,4103,27530,1188,27525,4894
2020-06-02 10:21:11.070000,27600.68,27540,21594,27545,4103,27530,1188,27525,11422
2020-06-02 10:21:16.210000,27619.47,27540,20194,27545,4103,27530,1188,27525,11422
2020-06-02 10:21:20.920000,27619.47,27535,20014,27540,6580,27525,4894,27520,7716
2020-06-02 10:21:21.750000,27619.47,27530,101,27535,20014,27525,4894,27520,7716
2020-06-02 10:21:23.050000,27619.47,27530,101,27535,20014,27525,4894,27520,7716
2020-06-02 10:21:27.160000,27601.37,27535,20014,27540,6580,27525,4894,27520,7615
2020-06-02 10:21:29.110000,27601.37,27540,21594,27545,4103,27530,1087,27525,11422
2020-06-02 10:21:31.780000,27601.37,27540,21594,27545,4103,27530,1087,27525,11422
2020-06-02 10:21:33.690000,27595.59,27540,21594,27545,4103,27530,1087,27525,11422
2020-06-02 10:21:35.690000,27595.59,27535,20014,27540,6580,27525,4894,27520,17515
2020-06-02 10:21:35.950000,27595.59,27535,20014,27540,6580,27525,4894,27520,7615
2020-06-02 10:21:39.480000,27595.59,27540,21594,27545,4103,27530,1087,27525,11422
2020-06-02 10:21:40.400000,27595.59,27535,20014,27540,1580,27530,1087,27525,4894
2020-06-02 10:21:41.360000,27595.59,27540,21594,27545,4103,27530,1087,27525,11422
2020-06-02 10:21:41.500000,27595.59,27540,21594,27545,4103,27530,1087,27525,11422
2020-06-02 10:21:41.890000,27595.59,27540,21594,27545,4103,27530,1087,27525,4894
2020-06-02 10:21:43.010000,27595.59,27535,20014,27540,6580,27525,4894,27520,17515
2020-06-02 10:21:43.180000,27595.59,27540,21594,27545,4103,27530,1087,27525,11422
2020-06-02 10:21:44.040000,27595.59,27540,21594,27545,4103,27530,1087,27525,11422
2020-06-02 10:21:45.240000,27611.68,27540,21594,27545,4103,27530,1087,27525,11422
2020-06-02 10:21:50.290000,27611.68,27535,20014,27540,1580,27530,1087,27525,4894
2020-06-02 10:21:51.340000,27611.68,27535,20014,27540,6580,27525,4894,27520,7615
2020-06-02 10:21:52.620000,27611.68,27535,20014,27540,6580,27525,4894,27520,7615
2020-06-02 10:21:54.990000,27614.81,27530,604,27535,20014,27525,4894,27520,7615
2020-06-02 10:22:01.080000,27614.81,27540,21594,27545,4103,27530,483,27525,11422
2020-06-02 10:22:03.860000,27614.81,27540,21594,27545,4103,27530,483,27525,11422
2020-06-02 10:22:04.020000,27614.81,27540,180,27545,20054,27535,4894,27530,7011
2020-06-02 10:22:04.940000,27615.36,27540,21694,27545,4103,27530,483,27525,11422
2020-06-02 10:22:08.740000,27615.36,27540,180,27545,20054,27535,4894,27530,7011
2020-06-02 10:22:09.020000,27615.36,27540,180,27545,20054,27535,4894,27530,7011
2020-06-02 10:22:10.710000,27615.36,27545,40,27550,20087,27540,303,27535,4894
2020-06-02 10:22:10.960000,27615.36,27545,21654,27550,5073,27535,4894,27530,16731
2020-06-02 10:22:11.720000,27615.36,27545,40,27550,20087,27540,303,27535,11422
2020-06-02 10:22:14.910000,27599.85,27545,21654,27550,5073,27535,4894,27530,6831
2020-06-02 10:22:15.190000,27599.85,27545,20054,27550,5073,27535,4894,27530,6831
2020-06-02 10:22:15.970000,27599.85,27545,20054,27550,5073,27535,4894,27530,303
2020-06-02 10:22:16.220000,27599.85,27540,20014,27545,5703,27530,303,27525,21322
2020-06-02 10:22:17.200000,27599.85,27540,20014,27545,5703,27530,303,27525,11422
2020-06-02 10:22:20.510000,27599.85,27540,26614,27545,4103,27525,4894,27520,6831
2020-06-02 10:22:20.980000,27599.85,27540,25014,27545,4103,27525,11422,27520,10303
2020-06-02 10:22:21.920000,27599.85,27535,20014,27540,6600,27525,4894,27520,6831
2020-06-02 10:22:26.090000,27615.41,27535,20014,27540,6600,27525,4894,27520,6831
2020-06-02 10:22:27.040000,27615.41,27535,20014,27540,1600,27530,303,27525,4894
2020-06-02 10:22:27.250000,27615.41,27540,21614,27545,4103,27530,303,27525,4894
2020-06-02 10:22:27.330000,27615.41,27540,20014,27545,4103,27530,303,27525,4894
2020-06-02 10:22:27.870000,27615.41,27540,20014,27545,4103,27530,303,27525,11422
2020-06-02 10:22:28.090000,27615.41,27540,20087,27545,4103,27530,303,27525,11422
2020-06-02 10:22:33.810000,27615.41,27540,20087,27545,4103,27530,303,27525,11422
2020-06-02 10:22:34.150000,27615.41,27540,20087,27545,4103,27530,303,27525,11422
2020-06-02 10:22:36.320000,27623.57,27540,20087,27545,4103,27530,303,27525,11422
2020-06-02 10:22:37.060000,27623.57,27535,20014,27540,1073,27530,303,27525,4894
2020-06-02 10:22:37.280000,27623.57,27535,20014,27540,6073,27525,4894,27520,16731
2020-06-02 10:22:37.650000,27623.57,27535,20014,27540,1073,27530,303,27525,4894
2020-06-02 10:22:38.090000,27623.57,27535,20014,27540,1073,27530,303,27525,4894
2020-06-02 10:22:38.380000,27623.57,27540,21087,27545,4103,27530,303,27525,11422
2020-06-02 10:22:39.180000,27623.57,27540,20087,27545,4103,27530,303,27525,11422
2020-06-02 10:22:39.590000,27623.57,27535,180,27540,20087,27530,303,27525,11422
2020-06-02 10:22:40.730000,27623.57,27535,180,27540,20087,27530,303,27525,11422
2020-06-02 10:22:41.950000,27623.57,27535,21894,27540,73,27525,4894,27520,16731
2020-06-02 10:22:42.850000,27623.57,27535,21894,27540,5073,27525,4894,27520,6831
2020-06-02 10:22:44.990000,27600.05,27535,180,27540,20087,27530,303,27525,4894
2020-06-02 10:22:45.290000,27600.05,27535,180,27540,20087,27530,303,27525,4894
2020-06-02 10:22:45.760000,27600.05,27535,180,27540,20087,27530,303,27525,11422
2020-06-02 10:22:46.650000,27600.05,27535,21894,27540,5073,27525,4894,27520,6831
2020-06-02 10:22:47.150000,27600.05,27535,21894,27540,5073,27525,4894,27520,6831
2020-06-02 10:22:47.790000,27600.05,27530,4,27535,21894,27525,4894,27520,6831
2020-06-02 10:22:49.760000,27600.05,27535,180,27540,20087,27530,303,27525,11422
2020-06-02 10:22:51.690000,27600.05,27535,180,27540,20087,27530,303,27525,11422
2020-06-02 10:22:53.320000,27600.05,27540,20087,27545,4103,27530,303,27525,11242
2020-06-02 10:22:53.460000,27600.05,27535,603,27540,20087,27530,303,27525,11242
2020-06-02 10:22:54.330000,27600.05,27535,1203,27540,20087,27530,303,27525,11242
2020-06-02 10:22:54.500000,27619.47,27535,703,27540,20087,27530,303,27525,11242
2020-06-02 10:22:54.790000,27619.47,27535,603,27540,20087,27530,303,27525,11242
2020-06-02 10:22:55.990000,27619.47,27535,903,27540,20087,27530,303,27525,11242
2020-06-02 10:22:56.390000,27619.47,27535,603,27540,20087,27530,303,27525,11242
2020-06-02 10:22:59.210000,27619.47,27535,22317,27540,5073,27525,4714,27520,6831
2020-06-02 10:23:00.990000,27619.47,27535,20617,27540,73,27530,303,27525,4714
2020-06-02 10:23:01.670000,27619.47,27535,20617,27540,5073,27525,4714,27520,6831
2020-06-02 10:23:02.830000,27619.47,27530,101,27535,20617,27525,4714,27520,6831
2020-06-02 10:23:08.450000,27596.76,27530,1201,27535,20617,27525,4714,27520,6831
2020-06-02 10:23:08.590000,27596.76,27530,101,27535,20617,27525,4714,27520,6831
2020-06-02 10:23:11.920000,27596.76,27530,21815,27535,603,27525,4714,27520,303
2020-06-02 10:23:12.480000,27596.76,27530,21815,27535,4666,27520,303,27515,11242
2020-06-02 10:23:12.950000,27596.76,27530,1801,27535,20617,27525,4714,27520,6831
2020-06-02 10:23:13.390000,27596.76,27530,101,27535,20617,27525,4714,27520,6831
2020-06-02 10:23:14.430000,27595.57,27530,101,27535,20617,27525,4714,27520,6831
2020-06-02 10:23:18.780000,27595.57,27535,603,27540,25087,27525,11242,27520,10202
2020-06-02 10:23:19.250000,27595.57,27535,603,27540,20087,27530,202,27525,11242
2020-06-02 10:23:20.030000,27595.57,27535,2303,27540,25087,27525,11242,27520,10202
2020-06-02 10:23:21.010000,27595.57,27535,2303,27540,25087,27525,11242,27520,20102
2020-06-02 10:23:22.140000,27595.57,27535,22317,27540,5073,27525,4714,27520,16630
2020-06-02 10:23:23.140000,27595.57,27535,22317,27540,5073,27525,4714,27520,6730
2020-06-02 10:23:24.210000,27595.57,27535,603,27540,25087,27525,11242,27520,10202
2020-06-02 10:23:24.450000,27614.18,27535,2303,27540,25087,27525,4714,27520,6730
2020-06-02 10:23:25.260000,27614.18,27535,603,27540,20087,27530,202,27525,11242
2020-06-02 10:23:25.680000,27614.18,27535,2203,27540,20087,27530,202,27525,11242
2020-06-02 10:23:25.950000,27614.18,27535,2203,27540,20087,27530,202,27525,4714
2020-06-02 10:23:26.270000,27614.18,27535,2203,27540,25087,27525,11242,27520,20102
2020-06-02 10:23:26.620000,27614.18,27535,603,27540,20087,27530,202,27525,11242
2020-06-02 10:23:29.850000,27614.18,27540,73,27545,24117,27530,6730,27525,14111
2020-06-02 10:23:30.290000,27614.18,27540,73,27545,24117,27530,6730,27525,14111
2020-06-02 10:23:31.010000,27614.18,27540,21687,27545,4103,27530,202,27525,10639
2020-06-02 10:23:31.300000,27614.18,27540,1173,27545,24117,27530,6730,27525,14111
2020-06-02 10:23:32.120000,27614.18,27540,73,27545,20054,27535,4111,27530,6730
2020-06-02 10:23:36.680000,27594.35,27545,40,27550,25087,27535,10639,27530,10129
2020-06-02 10:23:37.150000,27594.35,27545,40,27550,20087,27540,129,27535,10639
2020-06-02 10:23:37.930000,27594.35,27545,21654,27550,5073,27535,4111,27530,6657
2020-06-02 10:23:38.990000,27594.35,27545,21654,27550,73,27540,129,27535,4111
2020-06-02 10:23:39.260000,27594.35,27545,21654,27550,73,27540,129,27535,4111
2020-06-02 10:23:39.990000,27594.35,27545,21654,27550,5073,27535,4111,27530,6657
2020-06-02 10:23:48.280000,27603.27,27545,40,27550,25087,27535,10639,27530,10129
2020-06-02 10:23:48.690000,27603.27,27545,21254,27550,5073,27535,4111,27530,6657
2020-06-02 10:23:49.600000,27603.27,27545,21254,27550,5073,27530,6657,27525,24011
2020-06-02 10:23:50.690000,27603.27,27545,21254,27550,5073,27530,6657,27525,24011
2020-06-02 10:23:50.990000,27603.27,27545,21254,27550,5073,27530,6657,27525,24011
2020-06-02 10:23:52.080000,27603.27,27540,603,27545,21254,27530,6657,27525,24011
2020-06-02 10:23:52.330000,27603.27,27540,603,27545,20054,27530,6657,27525,24011
2020-06-02 10:23:53.310000,27603.27,27540,2003,27545,20054,27530,6657,27525,24011
2020-06-02 10:23:53.630000,27603.27,27540,2203,27545,20054,27530,6657,27525,24011
2020-06-02 10:23:54.860000,27603.59,27540,1003,27545,20054,27530,6657,27525,24011
2020-06-02 10:23:55.140000,27603.59,27540,1503,27545,20054,27530,6657,27525,24011
2020-06-02 10:23:55.690000,27603.59,27540,2203,27545,20054,27530,6657,27525,24011
2020-06-02 10:23:56.270000,27603.59,27540,1503,27545,20054,27530,6657,27525,24011
2020-06-02 10:23:56.310000,27603.59,27540,2203,27545,20054,27530,6657,27525,24011
2020-06-02 10:23:56.690000,27603.59,27540,703,27545,20054,27530,6657,27525,24011
2020-06-02 10:23:57.050000,27603.59,27540,603,27545,20054,27530,6657,27525,24011
2020-06-02 10:23:57.860000,27603.59,27540,1303,27545,20054,27530,6657,27525,24011
2020-06-02 10:23:58.050000,27603.59,27540,603,27545,20054,27530,6657,27525,24011
2020-06-02 10:23:58.300000,27603.59,27540,1703,27545,20054,27530,6657,27525,24011
2020-06-02 10:23:59.860000,27603.59,27540,603,27545,20054,27530,6657,27525,24011
2020-06-02 10:24:01.090000,27603.59,27540,2103,27545,20054,27530,6657,27525,24011
2020-06-02 10:24:03.120000,27603.59,27540,22117,27545,4103,27525,10639,27520,20029
2020-06-02 10:24:04.390000,27617.98,27535,20014,27540,7103,27520,16557,27515,14111
2020-06-02 10:24:05.150000,27617.98,27540,22117,27545,4103,27525,10639,27520,20029
2020-06-02 10:24:05.400000,27617.98,27540,22117,27545,4103,27525,10639,27520,20029
2020-06-02 10:24:06.680000,27617.98,27535,20014,27540,7103,27520,16557,27515,14111
2020-06-02 10:24:07.710000,27617.98,27535,20014,27540,7103,27520,6657,27515,24011
2020-06-02 10:24:08.920000,27617.98,27540,22117,27545,4103,27525,10639,27520,10129
2020-06-02 10:24:10.030000,27617.98,27540,22117,27545,4103,27525,10639,27520,20029
2020-06-02 10:24:10.200000,27617.98,27540,2103,27545,20054,27530,6657,27525,14111
2020-06-02 10:24:10.680000,27617.98,27540,22117,27545,4103,27525,10639,27520,20029
2020-06-02 10:24:11.780000,27617.98,27540,22117,27545,4103,27525,10639,27520,20029
2020-06-02 10:24:14.090000,27617.98,27540,22117,27545,4103,27525,10639,27520,20029
2020-06-02 10:24:14.430000,27620.91,27540,22117,27545,4103,27525,10639,27520,20029
2020-06-02 10:24:16.730000,27620.91,27540,22117,27545,4103,27525,10639,27520,20029
2020-06-02 10:24:17.310000,27620.91,27540,603,27545,20054,27530,6657,27525,14111
2020-06-02 10:24:18.820000,27620.91,27540,603,27545,20054,27530,6657,27525,24011
2020-06-02 10:24:18.990000,27620.91,27540,603,27545,40,27535,6528,27530,10129
2020-06-02 10:24:19.880000,27620.91,27540,603,27545,40,27535,10639,27530,10129
2020-06-02 10:24:20.050000,27620.91,27540,603,27545,20054,27530,16657,27525,24011
2020-06-02 10:24:20.930000,27620.91,27540,2203,27545,20054,27530,6657,27525,24011
2020-06-02 10:24:21.410000,27620.91,27540,603,27545,20054,27530,6657,27525,24011
2020-06-02 10:24:23.540000,27620.91,27540,603,27545,20054,27530,6657,27525,24011
2020-06-02 10:24:23.740000,27620.91,27540,603,27545,20054,27530,6657,27525,24011
2020-06-02 10:24:23.980000,27620.91,27540,603,27545,40,27535,10639,27530,20029
2020-06-02 10:24:24.320000,27620.91,27540,603,27545,40,27535,10639,27530,20029
2020-06-02 10:24:25.320000,27603.57,27545,40,27550,73,27540,6528,27535,14111
2020-06-02 10:24:25.650000,27603.57,27545,40,27550,73,27540,7457,27535,15711
2020-06-02 10:24:26.180000,27603.57,27545,40,27550,73,27540,6657,27535,25611
2020-06-02 10:24:27.360000,27603.57,27545,40,27550,20087,27540,129,27535,22139
2020-06-02 10:24:27.610000,27603.57,27545,40,27550,73,27540,6657,27535,25611
2020-06-02 10:24:32.160000,27603.57,27545,40,27550,20087,27535,12239,27530,20029
2020-06-02 10:24:33.000000,27603.57,27545,40,27550,20087,27540,129,27535,10639
2020-06-02 10:24:33.180000,27603.57,27545,1340,27550,20087,27535,10639,27530,20029
2020-06-02 10:24:33.390000,27603.57,27545,1640,27550,20087,27535,10639,27530,20029
2020-06-02 10:24:34.570000,27600.5,27545,1640,27550,20087,27535,10639,27530,20029
2020-06-02 10:24:37.720000,27600.5,27545,21654,27550,5073,27530,6657,27525,24011
2020-06-02 10:24:37.920000,27600.5,27540,180,27545,21654,27530,6657,27525,24011
2020-06-02 10:24:38.750000,27600.5,27540,1080,27545,21454,27530,6657,27525,24011
2020-06-02 10:24:38.890000,27600.5,27535,4,27540,1680,27530,6657,27525,24011
2020-06-02 10:24:39.610000,27600.5,27535,4,27540,1680,27530,6657,27525,24011
2020-06-02 10:24:43.530000,27600.5,27535,4,27540,21694,27525,10639,27520,20029
2020-06-02 10:24:43.690000,27600.5,27535,1404,27540,21694,27525,10639,27520,20029
2020-06-02 10:24:44.550000,27594.6,27530,101,27535,4,27525,10639,27520,20029
2020-06-02 10:24:45.480000,27594.6,27530,101,27535,4,27525,10639,27520,20029
2020-06-02 10:24:46.160000,27594.6,27535,4,27540,1680,27530,6657,27525,14511
2020-06-02 10:24:47.580000,27594.6,27535,4,27540,1680,27530,6657,27525,24411
2020-06-02 10:24:49.840000,27594.6,27535,4,27540,1680,27530,6053,27525,24411
2020-06-02 10:24:50.050000,27594.6,27540,180,27545,20054,27530,6049,27525,24411
2020-06-02 10:24:50.750000,27594.6,27540,180,27545,40,27535,4111,27530,6049
2020-06-02 10:24:51.190000,27594.6,27540,180,27545,40,27535,10031,27530,10129
2020-06-02 10:24:52.190000,27594.6,27540,180,27545,40,27535,10031,27530,20029
2020-06-02 10:24:54.010000,27594.6,27545,40,27550,73,27540,5869,27535,14111
2020-06-02 10:24:55.070000,27613.71,27545,40,27550,73,27540,5869,27535,24011
2020-06-02 10:24:57.710000,27613.71,27545,1540,27550,20087,27535,9851,27530,20029
2020-06-02 10:24:57.870000,27613.71,27545,1540,27550,20087,27535,9851,27530,20029
2020-06-02 10:25:00.950000,27613.71,27545,1540,27550,20087,27535,9851,27530,20029
2020-06-02 10:25:02.240000,27613.71,27545,21554,27550,5073,27530,5869,27525,24411
2020-06-02 10:25:02.680000,27613.71,27545,21554,27550,5073,27530,5869,27525,24411
2020-06-02 10:25:03.480000,27613.71,27545,21554,27550,5073,27530,5869,27525,24411
2020-06-02 10:25:03.950000,27613.71,27540,20014,27545,1540,27530,129,27525,10251
2020-06-02 10:25:04.430000,27614.49,27540,20014,27545,5603,27525,10251,27520,20029
2020-06-02 10:25:05.180000,27614.49,27540,20014,27545,5603,27525,9851,27520,20029
2020-06-02 10:25:06.150000,27614.49,27540,20014,27545,5603,27525,9851,27520,20029
2020-06-02 10:25:08.240000,27614.49,27540,20014,27545,5603,27525,9851,27520,20029
2020-06-02 10:25:08.590000,27614.49,27540,21514,27545,5603,27525,9851,27520,20029
2020-06-02 10:25:08.770000,27614.49,27535,20014,27540,6500,27520,5869,27515,24011
2020-06-02 10:25:09.770000,27614.49,27535,20014,27540,6500,27520,5869,27515,24011
2020-06-02 10:25:15.080000,27594.85,27535,20014,27540,6500,27520,5869,27515,14111
2020-06-02 10:25:15.550000,27594.85,27535,20014,27540,6500,27520,5869,27515,14111
2020-06-02 10:25:16.050000,27594.85,27535,20014,27540,6500,27520,5869,27515,24011
2020-06-02 10:25:17.680000,27594.85,27530,20014,27535,5563,27515,19751,27510,10129
2020-06-02 10:25:17.900000,27594.85,27530,20014,27535,5563,27515,19751,27510,10129
2020-06-02 10:25:18.190000,27594.85,27530,20014,27535,5563,27515,9851,27510,20029
2020-06-02 10:25:19.770000,27594.85,27530,20014,27535,1500,27520,129,27515,9851
2020-06-02 10:25:19.990000,27594.85,27530,20014,27535,5563,27515,9851,27510,20029
2020-06-02 10:25:22.180000,27594.85,27535,21514,27540,6500,27520,5869,27515,14111
2020-06-02 10:25:22.880000,27594.85,27535,20014,27540,6500,27520,5869,27515,14111
2020-06-02 10:25:24.960000,27598.25,27535,20014,27540,6500,27520,5869,27515,24011
2020-06-02 10:25:25.280000,27598.25,27535,20014,27540,1500,27525,4111,27520,5869
2020-06-02 10:25:25.810000,27598.25,27535,20014,27540,6500,27520,5869,27515,24011
2020-06-02 10:25:31.980000,27598.25,27535,21614,27540,5100,27520,129,27515,9851
2020-06-02 10:25:32.810000,27598.25,27530,20014,27535,700,27520,129,27515,9851
2020-06-02 10:25:33.060000,27598.25,27535,24777,27540,5100,27520,5740,27515,14111
2020-06-02 10:25:33.200000,27598.25,27530,20014,27540,12014,27520,129,27515,9851
2020-06-02 10:25:33.580000,27617.24,27530,20014,27535,4063,27515,9851,27510,20029
2020-06-02 10:25:34.390000,27617.24,27530,25014,27535,4063,27515,5740,27510,20029
2020-06-02 10:25:34.640000,27617.24,27530,25014,27535,4063,27515,5740,27510,20029
2020-06-02 10:25:35.450000,27617.24,27530,20014,27535,4063,27515,9851,27510,20029
2020-06-02 10:25:41.200000,27617.24,27525,20014,27535,4063,27515,4111,27510,5869
2020-06-02 10:25:41.680000,27617.24,27530,20014,27535,4063,27515,9851,27510,10129
2020-06-02 10:25:42.280000,27617.24,27530,20014,27535,4063,27515,4111,27510,5869
2020-06-02 10:25:42.780000,27617.24,27525,20014,27530,6400,27510,5869,27505,24011
2020-06-02 10:25:44.070000,27617.24,27520,20014,27525,5663,27505,9851,27500,20029
2020-06-02 10:25:44.900000,27610.42,27520,20014,27525,5663,27505,9851,27500,20029
2020-06-02 10:25:46.530000,27610.42,27520,20014,27525,5663,27505,9851,27500,20029
2020-06-02 10:25:48.070000,27610.42,27520,20014,27525,5663,27505,9851,27500,20029
2020-06-02 10:25:49.170000,27610.42,27520,20087,27525,5663,27505,9851,27500,20029
2020-06-02 10:25:51.760000,27610.42,27520,20087,27525,1600,27510,129,27505,9851
2020-06-02 10:25:52.560000,27610.42,27520,73,27525,25677,27510,5740,27505,14111
2020-06-02 10:25:53.290000,27610.42,27520,73,27525,21614,27510,5869,27505,14111
2020-06-02 10:25:53.740000,27610.42,27520,73,27525,21614,27510,5869,27505,24011
2020-06-02 10:25:56.230000,27612.21,27520,73,27525,1600,27515,9851,27510,10129
2020-06-02 10:25:56.910000,27612.21,27520,73,27525,21614,27510,5869,27505,24011
2020-06-02 10:25:57.350000,27612.21,27520,73,27525,21614,27510,5869,27505,24011
2020-06-02 10:25:58.600000,27612.21,27520,73,27525,21614,27510,5869,27505,24011
2020-06-02 10:26:02.470000,27612.21,27530,20014,27535,4063,27515,9851,27510,20029
2020-06-02 10:26:02.720000,27612.21,27530,20014,27535,4063,27515,9851,27510,20029
2020-06-02 10:26:04.280000,27610.88,27525,20014,27530,5400,27510,5869,27505,24011
2020-06-02 10:26:05.680000,27610.88,27530,20414,27535,4063,27515,9851,27510,10129
2020-06-02 10:26:06.010000,27610.88,27530,20014,27535,4063,27515,9851,27510,10129
2020-06-02 10:26:06.290000,27610.88,27530,20014,27535,4063,27515,9851,27510,20029
2020-06-02 10:26:09.920000,27610.88,27530,20014,27535,4063,27515,9851,27510,10129
2020-06-02 10:26:10.180000,27610.88,27530,20014,27535,4063,27515,9851,27510,10129
2020-06-02 10:26:10.680000,27610.88,27525,20014,27530,1700,27515,4111,27510,5869
2020-06-02 10:26:11.170000,27610.88,27525,20014,27530,6700,27510,5869,27505,24011
2020-06-02 10:26:11.620000,27610.88,27525,20014,27530,6700,27510,5869,27505,24011
2020-06-02 10:26:13.430000,27610.88,27530,21714,27535,4063,27515,9851,27510,10129
2020-06-02 10:26:13.680000,27610.88,27530,20014,27535,4063,27515,9851,27510,10129
2020-06-02 10:26:13.850000,27610.88,27530,20014,27535,4063,27515,9851,27510,20029
2020-06-02 10:26:22.370000,27610.39,27530,20013,27535,4063,27515,9851,27510,20029
2020-06-02 10:26:23.460000,27610.39,27530,20013,27535,4063,27515,9851,27510,20029
2020-06-02 10:26:24.380000,27610.39,27525,20013,27530,1700,27515,4111,27510,5869
2020-06-02 10:26:24.740000,27607.84,27520,101,27525,20013,27515,4111,27510,5869
2020-06-02 10:26:25.080000,27607.84,27520,101,27530,26713,27515,5740,27510,10129
2020-06-02 10:26:26.000000,27607.84,27520,101,27530,21713,27515,9851,27510,10129
2020-06-02 10:26:26.100000,27607.84,27520,101,27530,21713,27515,9851,27510,20029
2020-06-02 10:26:28.500000,27607.84,27530,21713,27535,4063,27515,9851,27510,20029
2020-06-02 10:26:28.640000,27607.84,27530,20013,27535,4063,27515,10151,27510,20029
2020-06-02 10:26:29.630000,27607.84,27535,20013,27540,5603,27520,5869,27515,14411
2020-06-02 10:26:29.820000,27607.84,27530,4,27535,20013,27520,5869,27515,14411
2020-06-02 10:26:31.080000,27607.84,27530,4,27535,20013,27520,5869,27515,24311
2020-06-02 10:26:33.050000,27607.84,27530,21717,27535,4063,27515,10151,27510,20029
2020-06-02 10:26:35.880000,27611.32,27525,180,27530,21717,27515,10151,27510,20029
2020-06-02 10:26:38.020000,27611.32,27525,21893,27530,5404,27510,5869,27505,24011
2020-06-02 10:26:39.880000,27611.32,27525,21893,27530,5404,27510,5869,27505,24011
2020-06-02 10:26:41.770000,27611.32,27525,21893,27530,5404,27510,129,27505,19751
2020-06-02 10:26:41.940000,27611.32,27525,21893,27530,5404,27510,5869,27505,24011
2020-06-02 10:26:46.090000,27612.4,27520,603,27525,21893,27510,5869,27505,24011
2020-06-02 10:26:46.650000,27612.4,27520,603,27525,21893,27510,5869,27505,24011
2020-06-02 10:26:47.980000,27612.4,27520,22316,27525,180,27510,129,27505,9851
2020-06-02 10:26:48.450000,27612.4,27520,20616,27525,180,27510,129,27505,9851
2020-06-02 10:26:49.230000,27612.4,27520,20616,27525,4243,27505,9851,27500,20029
2020-06-02 10:26:50.290000,27612.4,27520,20616,27525,4243,27505,9851,27500,20029
2020-06-02 10:26:51.250000,27612.4,27520,20616,27525,180,27510,129,27505,9851
2020-06-02 10:26:52.250000,27612.4,27520,603,27525,20193,27510,5740,27505,24011
2020-06-02 10:26:52.470000,27612.4,27520,22316,27525,180,27505,19751,27500,10129
2020-06-02 10:26:52.890000,27612.4,27520,22316,27525,180,27510,129,27505,19751
2020-06-02 10:26:53.560000,27612.4,27520,22316,27525,180,27510,129,27505,9851
2020-06-02 10:26:55.250000,27604.46,27520,603,27525,20193,27510,5869,27505,24011
2020-06-02 10:26:55.650000,27604.46,27520,603,27525,20193,27510,5869,27505,24011
2020-06-02 10:26:56.430000,27604.46,27520,22316,27525,180,27510,129,27505,19751
2020-06-02 10:26:56.980000,27604.46,27520,22316,27525,4243,27505,19751,27500,10129
2020-06-02 10:26:57.390000,27604.46,27515,20013,27520,2303,27505,4111,27500,5869
2020-06-02 10:26:57.920000,27604.46,27520,22316,27525,4243,27505,9851,27500,10129
2020-06-02 10:26:59.700000,27604.46,27520,22316,27525,4243,27505,9851,27500,20029
2020-06-02 10:27:01.710000,27604.46,27520,27316,27525,4243,27505,5740,27500,20029
2020-06-02 10:27:01.960000,27604.46,27515,20013,27520,7303,27500,5869,27495,24011
2020-06-02 10:27:03.590000,27601.26,27515,20013,27520,7303,27500,5869,27495,24011
2020-06-02 10:27:07.480000,27601.26,27515,20013,27520,2303,27505,4111,27500,5869
2020-06-02 10:27:07.660000,27601.26,27515,20013,27520,2303,27505,4111,27500,5869
2020-06-02 10:27:07.840000,27601.26,27515,20013,27520,7303,27500,5869,27495,24011
2020-06-02 10:27:08.010000,27601.26,27515,20013,27520,7303,27500,5869,27495,24011
2020-06-02 10:27:09.710000,27601.26,27515,20013,27520,7303,27500,5869,27495,24011
2020-06-02 10:27:10.600000,27601.26,27515,20013,27520,2303,27505,4111,27500,5869
2020-06-02 10:27:10.770000,27601.26,27515,20013,27520,7303,27500,5869,27495,24011
2020-06-02 10:27:17.050000,27606.68,27510,20013,27515,5663,27495,9851,27490,20029
2020-06-02 10:27:18.380000,27606.68,27510,20013,27515,5663,27495,9851,27490,20029
2020-06-02 10:27:18.820000,27606.68,27510,20013,27515,5663,27495,9851,27490,20029
2020-06-02 10:27:20.890000,27606.68,27510,21813,27515,4063,27495,9851,27490,20029
2020-06-02 10:27:21.690000,27606.68,27510,26813,27515,4063,27495,5740,27490,10129
2020-06-02 10:27:22.740000,27606.68,27510,20013,27515,4063,27495,9851,27490,10129
2020-06-02 10:27:23.050000,27606.68,27510,20013,27515,4063,27495,9851,27490,20029
2020-06-02 10:27:26.580000,27606.74,27510,20013,27515,4063,27495,9851,27490,20029
2020-06-02 10:27:33.620000,27606.74,27505,20013,27510,6800,27490,5869,27485,24011
2020-06-02 10:27:35.810000,27582.24,27510,1800,27515,24076,27500,5740,27495,4111
2020-06-02 10:27:35.980000,27582.24,27510,1800,27515,24076,27500,5740,27495,4111
2020-06-02 10:27:36.830000,27582.24,27515,24076,27520,12517,27500,5740,27495,4111
2020-06-02 10:27:37.080000,27582.24,27515,24076,27520,12517,27500,5740,27495,4111
2020-06-02 10:27:37.780000,27582.24,27515,20013,27520,12517,27500,5869,27495,4111
2020-06-02 10:27:38.280000,27582.24,27520,25616,27525,11157,27505,5740,27500,129
2020-06-02 10:27:39.700000,27582.24,27520,27216,27525,11157,27505,5740,27500,129
2020-06-02 10:27:40.560000,27582.24,27520,25616,27525,11157,27505,5740,27500,129
2020-06-02 10:27:40.760000,27582.24,27520,25616,27525,11157,27505,5740,27500,129
2020-06-02 10:27:40.900000,27582.24,27515,4063,27520,26616,27505,5740,27495,24011
2020-06-02 10:27:41.090000,27582.24,27515,1800,27520,25616,27505,5740,27500,129
2020-06-02 10:27:42.120000,27582.24,27515,21813,27520,12517,27500,5869,27495,14011
2020-06-02 10:27:42.290000,27582.24,27515,25876,27520,12517,27500,5740,27495,4111
2020-06-02 10:27:42.750000,27582.24,27515,5863,27520,25616,27505,5740,27495,14111
2020-06-02 10:27:43.180000,27582.24,27520,25616,27525,11157,27505,5740,27500,129
2020-06-02 10:27:44.350000,27595.08,27520,26220,27525,11157,27505,5740,27500,129
2020-06-02 10:27:45.090000,27595.08,27520,1207,27525,24256,27510,5740,27505,4111
2020-06-02 10:27:46.480000,27595.08,27520,1207,27525,24256,27510,5740,27505,4111
2020-06-02 10:27:47.370000,27595.08,27520,3007,27525,24256,27510,5740,27505,4111
2020-06-02 10:27:47.570000,27595.08,27520,3007,27525,24256,27510,5740,27505,4111
2020-06-02 10:27:47.740000,27595.08,27520,1207,27525,24256,27510,5740,27505,4111
2020-06-02 10:27:47.920000,27595.08,27520,3007,27525,24256,27510,5740,27505,4111
2020-06-02 10:27:51.680000,27595.08,27520,1207,27525,24256,27510,5740,27505,4111
2020-06-02 10:27:52.480000,27595.08,27520,1207,27525,180,27515,5740,27510,129
2020-06-02 10:27:55.740000,27572.66,27525,1880,27530,25017,27515,4533,27510,10029
2020-06-02 10:27:57.910000,27572.66,27525,1880,27530,25017,27515,4533,27510,129
2020-06-02 10:27:58.790000,27572.66,27525,21893,27530,11918,27510,4662,27505,14011
2020-06-02 10:27:59.540000,27572.66,27525,1880,27530,25017,27510,4662,27505,14011
2020-06-02 10:27:59.760000,27572.66,27525,1880,27530,25017,27510,4662,27505,14011
2020-06-02 10:28:00.580000,27572.66,27525,25956,27530,11918,27510,4533,27505,4111
2020-06-02 10:28:00.830000,27572.66,27525,25956,27530,11918,27510,4533,27505,4111
2020-06-02 10:28:01.550000,27572.66,27525,1880,27530,25017,27515,4533,27510,129
2020-06-02 10:28:01.910000,27572.66,27525,1880,27530,25017,27510,4662,27505,14111
2020-06-02 10:28:02.680000,27572.66,27525,21893,27530,11918,27510,4662,27505,14011
2020-06-02 10:28:03.740000,27572.66,27525,25956,27530,11918,27510,4533,27505,14011
2020-06-02 10:28:03.940000,27572.66,27525,21893,27530,11918,27510,4662,27505,14011
2020-06-02 10:28:04.080000,27572.66,27525,25956,27530,11918,27510,4533,27505,14011
2020-06-02 10:28:04.380000,27591.34,27525,25956,27530,11918,27510,4533,27505,4111
2020-06-02 10:28:05.430000,27591.34,27525,21893,27530,11918,27510,4662,27505,4111
2020-06-02 10:28:05.580000,27591.34,27525,1880,27530,25017,27515,4533,27510,129
2020-06-02 10:28:06.250000,27591.34,27520,101,27525,1880,27515,4533,27510,129
2020-06-02 10:28:06.430000,27591.34,27520,101,27525,20593,27510,4662,27505,4111
2020-06-02 10:28:07.300000,27591.34,27520,101,27525,4643,27515,4533,27505,24011
2020-06-02 10:28:07.490000,27591.34,27520,101,27525,580,27515,4533,27510,129
2020-06-02 10:28:10.780000,27591.34,27525,180,27530,5004,27520,4432,27510,10129
2020-06-02 10:28:11.080000,27591.34,27525,180,27530,4,27520,4432,27515,4111
2020-06-02 10:28:11.850000,27591.34,27525,180,27530,4,27520,4432,27515,4111
2020-06-02 10:28:14.720000,27576.39,27525,1980,27530,20017,27515,8543,27510,129
2020-06-02 10:28:16.240000,27576.39,27525,1980,27530,25017,27515,4432,27510,129
2020-06-02 10:28:16.450000,27576.39,27525,1980,27530,25017,27515,4432,27510,129
2020-06-02 10:28:17.140000,27576.39,27525,180,27530,20017,27515,8543,27510,129
2020-06-02 10:28:18.330000,27576.39,27525,180,27530,4,27520,4432,27515,4111
2020-06-02 10:28:18.840000,27576.39,27525,180,27530,4,27520,4432,27515,4111
2020-06-02 10:28:20.690000,27576.39,27520,5,27525,1580,27515,8543,27510,10029
2020-06-02 10:28:21.470000,27576.39,27520,5,27525,1580,27515,8543,27510,129
2020-06-02 10:28:23.950000,27576.39,27525,180,27530,4,27520,4427,27515,4111
2020-06-02 10:28:33.280000,27594.92,27525,1880,27530,25017,27515,4427,27510,129
2020-06-02 10:28:33.680000,27594.92,27520,180,27525,1880,27515,4427,27510,129
2020-06-02 10:28:34.620000,27574.2,27525,180,27530,5004,27520,4247,27510,10129
2020-06-02 10:28:34.920000,27574.2,27525,180,27530,4,27520,4247,27515,4111
2020-06-02 10:28:35.570000,27574.2,27525,180,27530,4,27520,4247,27515,4111
2020-06-02 10:28:35.980000,27574.2,27525,380,27530,4,27515,8358,27510,10029
2020-06-02 10:28:36.280000,27574.2,27525,980,27530,4,27515,8358,27510,10029
2020-06-02 10:28:36.590000,27574.2,27525,1880,27530,20017,27515,8358,27510,10029
2020-06-02 10:28:37.850000,27574.2,27525,180,27530,4,27520,4247,27515,4111
2020-06-02 10:28:41.660000,27574.2,27525,1880,27530,25017,27515,4247,27510,129
2020-06-02 10:28:42.590000,27574.2,27520,603,27525,1880,27515,4247,27510,129
2020-06-02 10:28:43.790000,27574.2,27520,603,27525,1880,27515,4247,27510,129
2020-06-02 10:28:45.770000,27572.6,27520,2303,27525,24256,27510,4247,27505,14011
2020-06-02 10:28:46.630000,27572.6,27520,2303,27525,24256,27510,4247,27505,4111
2020-06-02 10:28:47.680000,27572.6,27520,603,27525,180,27515,4247,27510,129
2020-06-02 10:28:48.680000,27572.6,27520,603,27525,180,27515,4247,27510,129
2020-06-02 10:28:49.150000,27572.6,27525,1880,27530,25017,27515,3644,27510,129
2020-06-02 10:28:50.290000,27572.6,27525,21893,27530,11918,27510,3773,27505,4111
2020-06-02 10:28:50.540000,27572.6,27525,25956,27530,11918,27510,3644,27505,4111
2020-06-02 10:28:53.180000,27572.6,27525,25956,27530,11918,27510,3644,27505,4111
2020-06-02 10:28:55.190000,27576.33,27525,25956,27530,11918,27510,3644,27505,4111
2020-06-02 10:28:59.920000,27576.33,27525,25956,27530,11918,27510,3644,27505,4111
2020-06-02 10:29:02.060000,27576.33,27525,25956,27530,11918,27510,3644,27505,4111
2020-06-02 10:29:02.300000,27576.33,27525,1880,27530,25017,27515,3644,27510,129
2020-06-02 10:29:04.490000,27576.33,27525,1783,27530,25017,27515,3644,27510,129
2020-06-02 10:29:04.660000,27594.84,27525,1783,27530,25017,27515,3644,27510,129
2020-06-02 10:29:05.000000,27594.84,27525,83,27530,5004,27520,3644,27510,10129
2020-06-02 10:29:05.490000,27594.84,27525,83,27530,4,27520,3644,27515,4111
2020-06-02 10:29:06.890000,27594.84,27530,4,27540,25616,27525,3644,27520,129
2020-06-02 10:29:08.450000,27594.84,27530,4,27540,25616,27525,3561,27520,129
2020-06-02 10:29:09.280000,27594.84,27530,4,27540,25616,27525,3561,27520,129
2020-06-02 10:29:10.230000,27594.84,27530,4,27535,4063,27525,3561,27515,24011
2020-06-02 10:29:10.340000,27594.84,27530,77,27535,4063,27525,3561,27515,24011
2020-06-02 10:29:10.480000,27594.84,27530,1677,27535,24076,27520,3561,27515,4111
2020-06-02 10:29:19.010000,27578.28,27530,1677,27535,24076,27515,7672,27510,129
2020-06-02 10:29:19.400000,27578.28,27530,26690,27535,10977,27515,3561,27510,129
2020-06-02 10:29:20.320000,27578.28,27530,6677,27535,24076,27520,3561,27510,10129
2020-06-02 10:29:21.310000,27578.28,27530,6677,27535,24076,27520,3561,27510,20029
2020-06-02 10:29:21.530000,27578.28,27530,26690,27535,10977,27515,3561,27510,10029
2020-06-02 10:29:21.850000,27578.28,27530,6677,27535,24076,27520,3561,27510,20029
2020-06-02 10:29:22.750000,27578.28,27530,6677,27535,24076,27520,3561,27510,20029
2020-06-02 10:29:23.740000,27578.28,27530,1677,27535,24076,27520,3561,27515,4111
2020-06-02 10:29:23.960000,27578.28,27530,1677,27535,24076,27520,3561,27515,4111
2020-06-02 10:29:24.810000,27583.09,27530,1677,27535,24076,27520,3561,27515,4111
2020-06-02 10:29:26.280000,27583.09,27530,77,27535,4063,27525,3561,27515,14111
2020-06-02 10:29:28.510000,27583.09,27530,77,27535,4063,27525,3561,27515,24011
2020-06-02 10:29:28.730000,27583.09,27530,77,27540,25616,27525,3561,27520,129
2020-06-02 10:29:29.520000,27583.09,27530,1577,27535,24076,27520,3561,27515,14011
2020-06-02 10:29:30.520000,27583.09,27530,1577,27535,24076,27520,3561,27515,4111
2020-06-02 10:29:33.020000,27583.09,27530,26590,27535,10977,27515,3561,27510,129
2020-06-02 10:29:35.800000,27594.09,27530,21590,27535,10977,27515,7672,27510,129
2020-06-02 10:29:36.020000,27594.09,27530,26590,27535,10977,27515,3561,27510,129
2020-06-02 10:29:37.010000,27594.09,27530,1577,27535,24076,27515,7672,27510,129
2020-06-02 10:29:37.380000,27594.09,27530,26590,27535,10977,27515,3561,27510,129
2020-06-02 10:29:37.760000,27594.09,27530,26590,27535,10977,27515,3561,27510,129
2020-06-02 10:29:39.160000,27594.09,27530,1577,27535,24076,27520,3561,27515,4111
2020-06-02 10:29:40.020000,27594.09,27530,1577,27535,24076,27520,3561,27515,4111
2020-06-02 10:29:40.720000,27594.09,27525,603,27530,1577,27520,3561,27515,4111
2020-06-02 10:29:45.970000,27601.39,27530,1677,27535,24076,27520,2958,27515,4111
2020-06-02 10:29:46.160000,27601.39,27530,1677,27535,4063,27525,2958,27515,14111
2020-06-02 10:29:46.850000,27601.39,27530,1677,27535,4063,27525,2958,27515,14111
2020-06-02 10:29:47.020000,27601.39,27525,101,27530,1677,27520,2958,27515,4111
2020-06-02 10:29:47.240000,27601.39,27525,101,27530,1677,27520,2958,27515,4111
2020-06-02 10:29:47.640000,27601.39,27525,101,27530,1677,27520,2958,27515,4111
2020-06-02 10:29:51.630000,27601.39,27525,1701,27530,25090,27515,2958,27510,129
2020-06-02 10:29:52.950000,27601.39,27525,1701,27530,25090,27515,2958,27510,129
2020-06-02 10:29:55.140000,27578.33,27525,1701,27530,25090,27515,2958,27510,129
2020-06-02 10:29:55.890000,27578.33,27525,21714,27530,11991,27510,3087,27505,4111
2020-06-02 10:29:56.170000,27578.33,27525,21714,27530,11991,27510,3087,27505,4111
2020-06-02 10:29:56.580000,27578.33,27525,25777,27530,11991,27510,2958,27505,4111
2020-06-02 10:29:57.410000,27578.33,27525,25777,27530,11991,27510,2958,27505,4111
2020-06-02 10:29:57.830000,27578.33,27520,20013,27525,12678,27505,7069,27500,10029
2020-06-02 10:29:58.220000,27578.33,27525,25777,27530,11991,27510,2958,27505,4111
2020-06-02 10:29:59.000000,27578.33,27520,25013,27525,12678,27505,2958,27500,10029
2020-06-02 10:29:59.280000,27578.33,27520,25013,27525,12678,27505,2958,27500,129
2020-06-02 10:30:00.080000,27578.33,27525,25777,27530,11991,27510,2958,27505,4111
2020-06-02 10:30:01.140000,27578.33,27525,1701,27530,25090,27510,7069,27505,129
2020-06-02 10:30:01.340000,27578.33,27525,25777,27530,11991,27510,2958,27505,129
2020-06-02 10:30:02.120000,27578.33,27525,25777,27530,11991,27510,2958,27505,129
2020-06-02 10:30:03.220000,27578.33,27525,25777,27530,11991,27510,2958,27505,129
2020-06-02 10:30:03.420000,27578.33,27525,25777,27530,11991,27510,2958,27505,129
2020-06-02 10:30:04.890000,27598.29,27525,25777,27530,11991,27510,2958,27505,129
2020-06-02 10:30:06.040000,27598.29,27525,5764,27530,25090,27515,2958,27505,10129
2020-06-02 10:30:06.250000,27598.29,27525,21714,27530,11991,27510,7069,27505,129
2020-06-02 10:30:06.510000,27598.29,27525,25777,27530,11991,27510,2958,27505,129
2020-06-02 10:30:06.980000,27598.29,27525,25777,27530,11991,27510,2958,27505,129
2020-06-02 10:30:07.340000,27598.29,27525,25777,27530,11991,27510,2958,27505,129
2020-06-02 10:30:08.980000,27598.29,27525,25777,27530,11991,27510,2958,27505,129
2020-06-02 10:30:11.070000,27598.29,27525,5764,27530,25090,27515,2958,27505,10129
2020-06-02 10:30:11.480000,27598.29,27525,25777,27530,11991,27510,2958,27505,129
2020-06-02 10:30:12.010000,27598.29,27520,4,27525,5764,27515,2958,27505,10129
2020-06-02 10:30:12.590000,27598.29,27520,1604,27525,24177,27510,2958,27505,129
2020-06-02 10:30:13.650000,27598.29,27520,1604,27525,24177,27510,2958,27505,129
2020-06-02 10:30:13.870000,27598.29,27520,4,27525,101,27515,2958,27510,4111
2020-06-02 10:30:15.210000,27574.9,27525,1701,27530,5077,27520,2954,27510,14111
2020-06-02 10:30:15.460000,27574.9,27525,501,27530,77,27520,2954,27515,129
2020-06-02 10:30:15.650000,27574.9,27525,501,27530,77,27520,2954,27515,129
2020-06-02 10:30:15.880000,27574.9,27525,101,27530,77,27520,2954,27515,129
2020-06-02 10:30:16.280000,27574.9,27525,1701,27530,25090,27515,2954,27510,14011
2020-06-02 10:30:18.040000,27574.9,27525,101,27530,77,27520,2954,27515,129
2020-06-02 10:30:18.240000,27574.9,27525,101,27530,77,27520,2954,27515,129
2020-06-02 10:30:20.090000,27574.9,27525,801,27530,77,27520,2954,27515,129
2020-06-02 10:30:20.980000,27574.9,27525,101,27530,77,27520,2954,27515,129
2020-06-02 10:30:21.150000,27574.9,27525,101,27530,77,27520,2954,27515,129
2020-06-02 10:30:23.520000,27574.9,27530,1577,27535,20013,27520,6964,27515,129
2020-06-02 10:30:23.980000,27574.9,27530,1577,27535,24076,27520,2853,27515,129
2020-06-02 10:30:24.380000,27593.14,27530,1577,27535,4063,27525,2853,27515,10129
2020-06-02 10:30:24.740000,27593.14,27530,77,27535,4063,27525,2853,27515,10129
2020-06-02 10:30:25.150000,27593.14,27530,77,27540,25616,27525,2853,27520,4111
2020-06-02 10:30:25.550000,27593.14,27530,77,27540,25616,27525,2853,27520,4111
2020-06-02 10:30:25.880000,27593.14,27530,77,27535,4063,27525,2853,27515,20029
2020-06-02 10:30:26.720000,27593.14,27530,77,27535,4063,27525,2853,27515,20029
2020-06-02 10:30:26.870000,27593.14,27530,77,27540,25616,27525,2853,27520,4111
2020-06-02 10:30:28.040000,27593.14,27540,603,27545,24116,27530,2776,27525,129
2020-06-02 10:30:28.290000,27593.14,27540,7103,27545,24116,27530,2776,27520,24011
2020-06-02 10:30:28.650000,27593.14,27540,2103,27545,24116,27525,2776,27520,24011
2020-06-02 10:30:29.440000,27593.14,27540,2103,27545,24116,27530,2776,27525,129
2020-06-02 10:30:30.680000,27593.14,27540,7103,27545,24116,27530,2776,27520,14111
2020-06-02 10:30:31.520000,27593.14,27540,2103,27545,24116,27530,2776,27525,129
2020-06-02 10:30:32.490000,27593.14,27535,180,27540,2103,27530,2776,27525,129
2020-06-02 10:30:32.690000,27593.14,27535,180,27540,2103,27530,2776,27525,129
2020-06-02 10:30:33.190000,27593.14,27540,603,27545,4103,27535,2596,27525,10129
2020-06-02 10:30:34.110000,27593.14,27540,603,27545,40,27535,2596,27530,4111
2020-06-02 10:30:35.140000,27574.61,27540,2103,27545,20053,27530,6707,27525,129
2020-06-02 10:30:35.410000,27574.61,27540,2103,27545,24116,27530,2596,27525,129
2020-06-02 10:30:36.140000,27574.61,27540,2103,27545,24116,27530,2596,27525,129
2020-06-02 10:30:36.990000,27574.61,27540,603,27545,4103,27530,2596,27525,129
2020-06-02 10:30:37.710000,27574.61,27540,603,27545,4103,27535,2596,27525,10129
2020-06-02 10:30:37.920000,27574.61,27540,603,27545,40,27535,2596,27530,4111
2020-06-02 10:30:38.310000,27574.61,27545,1540,27550,25086,27535,1993,27530,4111
2020-06-02 10:30:38.800000,27574.61,27540,604,27545,1540,27535,1993,27530,4111
2020-06-02 10:30:41.060000,27574.61,27545,1540,27550,25086,27535,1389,27530,4111
2020-06-02 10:30:43.110000,27574.61,27545,1540,27550,25086,27535,1389,27530,4111
2020-06-02 10:30:43.450000,27583.54,27545,25616,27550,11987,27530,1389,27525,10029
2020-06-02 10:30:45.080000,27583.54,27545,25616,27550,11987,27530,1389,27525,129
2020-06-02 10:30:47.080000,27583.54,27540,20013,27545,12517,27525,1389,27520,4111
2020-06-02 10:30:47.550000,27583.54,27545,25616,27550,11987,27530,1389,27525,129
2020-06-02 10:30:48.010000,27583.54,27540,25013,27545,12517,27525,1389,27520,4111
2020-06-02 10:30:48.730000,27583.54,27540,20013,27545,12517,27525,1518,27520,4111
2020-06-02 10:30:48.950000,27583.54,27540,25013,27545,12517,27525,1389,27520,4111
2020-06-02 10:30:49.250000,27583.54,27540,26413,27545,12517,27525,1389,27520,4111
2020-06-02 10:30:49.580000,27583.54,27540,26413,27545,12517,27525,1389,27520,4111
2020-06-02 10:30:50.000000,27583.54,27540,26413,27545,12517,27525,1389,27520,4111
2020-06-02 10:30:50.280000,27583.54,27540,25013,27545,12517,27525,1389,27520,4111
2020-06-02 10:30:51.650000,27583.54,27540,26413,27545,12517,27525,1389,27520,4111
2020-06-02 10:30:51.870000,27583.54,27540,25013,27545,12517,27525,1389,27520,4111
2020-06-02 10:30:53.970000,27583.54,27540,25013,27545,12517,27525,1389,27520,4111
2020-06-02 10:30:54.060000,27586.58,27540,25013,27545,12517,27525,1389,27520,4111
2020-06-02 10:30:54.260000,27586.58,27540,25013,27545,12517,27525,1389,27520,14011
2020-06-02 10:30:55.040000,27586.58,27540,5000,27545,25616,27530,1389,27520,24011
2020-06-02 10:30:55.220000,27586.58,27540,26413,27545,12517,27525,1389,27520,14011
2020-06-02 10:30:57.170000,27586.58,27540,26413,27545,12517,27525,1389,27520,4111
2020-06-02 10:30:59.070000,27586.58,27540,26317,27545,12517,27525,1389,27520,4111
2020-06-02 10:30:59.390000,27586.58,27535,24076,27540,13218,27520,1389,27515,129
2020-06-02 10:30:59.790000,27586.58,27540,26317,27545,11017,27520,5500,27515,129
2020-06-02 10:31:00.280000,27586.58,27535,24076,27540,13218,27520,1389,27515,129
2020-06-02 10:31:00.750000,27586.58,27535,25476,27540,13218,27520,1389,27515,129
2020-06-02 10:31:01.280000,27586.58,27530,25013,27535,12377,27515,1389,27510,14011
2020-06-02 10:31:02.400000,27586.58,27530,25013,27535,12377,27515,1389,27510,4111
2020-06-02 10:31:02.850000,27586.58,27530,25013,27535,12377,27515,1389,27510,4111
2020-06-02 10:31:04.090000,27586.58,27525,24076,27530,13314,27510,1389,27505,10029
2020-06-02 10:31:04.310000,27600.4,27525,24076,27530,13314,27510,1389,27505,129
2020-06-02 10:31:05.510000,27600.4,27525,24076,27530,13314,27510,1389,27505,129
2020-06-02 10:31:05.820000,27600.4,27525,24076,27530,13314,27510,1389,27505,129
2020-06-02 10:31:06.590000,27600.4,27520,25013,27525,12377,27505,1389,27500,14011
2020-06-02 10:31:06.840000,27600.4,27525,25476,27530,13314,27505,1518,27500,4111
2020-06-02 10:31:07.630000,27600.4,27525,24076,27530,13314,27510,1389,27505,129
2020-06-02 10:31:08.090000,27600.4,27525,24076,27530,13314,27510,1389,27505,129
2020-06-02 10:31:08.480000,27600.4,27525,4063,27530,26413,27510,1389,27505,129
2020-06-02 10:31:09.160000,27600.4,27525,25476,27530,13314,27510,1389,27505,129
2020-06-02 10:31:09.710000,27600.4,27525,5463,27530,26413,27510,5500,27505,129
2020-06-02 10:31:10.180000,27600.4,27525,25476,27530,13314,27510,5500,27505,129
2020-06-02 10:31:11.300000,27600.4,27525,1400,27530,26413,27515,1389,27510,4111
2020-06-02 10:31:12.300000,27600.4,27525,1400,27530,26413,27510,5500,27505,129
2020-06-02 10:31:12.550000,27600.4,27530,26413,27535,10977,27515,1389,27510,4111
