time,nav,sell1,sell1_cnt,sell2,sell2_cnt,buy1,buy1_cnt,buy2,buy2_cnt
2020-06-09 09:06:55.360000,0.0,29475,2300,29480,2300,29470,10054,29465,9788
2020-06-09 09:06:56.750000,0.0,29475,2400,29480,12249,29465,10054,29460,10311
2020-06-09 09:06:58.650000,0.0,29480,2300,29485,12249,29470,10054,29465,9788
2020-06-09 09:06:59.870000,0.0,29485,2300,29490,9949,29475,10054,29470,10311
2020-06-09 09:07:00.980000,0.0,29485,2400,29490,9949,29475,10054,29470,10311
2020-06-09 09:07:02.170000,0.0,29495,9949,29500,11634,29480,10054,29475,9788
2020-06-09 09:07:03.340000,0.0,29500,11634,29505,9949,29485,10054,29480,10311
2020-06-09 09:07:04.520000,29527.13,29500,4647,29505,9949,29485,19842,29480,10311
2020-06-09 09:07:05.840000,29527.13,29500,12196,29505,9949,29485,10054,29480,10311
2020-06-09 09:07:07.090000,29527.13,29500,4647,29505,9949,29490,10054,29485,9788
2020-06-09 09:07:08.040000,29527.13,29500,4647,29505,9949,29485,19842,29480,10311
2020-06-09 09:07:09.070000,29527.13,29500,4647,29505,9949,29485,19842,29480,10311
2020-06-09 09:07:10.140000,29527.13,29500,4647,29505,9949,29485,19842,29480,10311
2020-06-09 09:07:11.250000,29527.13,29500,4647,29505,9949,29485,19842,29480,10311
2020-06-09 09:07:12.450000,29527.13,29500,4647,29505,9949,29490,10054,29485,9788
2020-06-09 09:07:13.610000,29527.13,29500,3247,29505,9949,29490,10054,29485,9788
2020-06-09 09:07:14.680000,29525.83,29500,2247,29505,9949,29490,10054,29485,9788
2020-06-09 09:07:15.750000,29525.83,29500,2247,29505,9949,29490,10004,29485,9788
2020-06-09 09:07:16.840000,29525.83,29500,2247,29505,9949,29490,10004,29485,9788
2020-06-09 09:07:17.950000,29525.83,29500,14596,29505,9949,29485,10004,29480,10311
2020-06-09 09:07:19.040000,29525.83,29500,4647,29505,9949,29485,19792,29480,10311
2020-06-09 09:07:20.140000,29525.83,29500,4647,29505,9949,29485,19792,29480,10311
2020-06-09 09:07:21.310000,29525.83,29500,14596,29505,9949,29490,10004,29480,10311
2020-06-09 09:07:22.450000,29525.83,29500,4647,29505,9949,29490,10004,29485,9788
2020-06-09 09:07:23.510000,29525.83,29500,4647,29505,9949,29490,10004,29485,9788
2020-06-09 09:07:24.540000,29536.48,29500,4647,29505,9949,29485,29842,29480,10311
2020-06-09 09:07:25.560000,29536.48,29500,14596,29505,9949,29485,20054,29480,10311
2020-06-09 09:07:26.600000,29536.48,29500,14596,29505,9949,29485,20054,29480,10311
2020-06-09 09:07:28.810000,29536.48,29500,14596,29505,9949,29485,20054,29480,10311
2020-06-09 09:07:29.970000,29536.48,29500,14596,29505,9949,29490,20054,29480,10311
2020-06-09 09:07:31.140000,29536.48,29500,4647,29505,9949,29490,20054,29485,9788
2020-06-09 09:07:32.340000,29536.48,29500,2247,29505,9949,29490,20054,29485,9788
2020-06-09 09:07:33.450000,29536.48,29500,2247,29510,9949,29495,20054,29490,10311
2020-06-09 09:07:34.650000,29550.3,29510,12349,29515,9949,29495,20054,29490,10311
2020-06-09 09:07:35.850000,29550.3,29505,9949,29510,12349,29490,20054,29485,9788
2020-06-09 09:07:36.810000,29550.3,29505,12449,29510,12349,29490,10354,29485,9788
2020-06-09 09:07:37.840000,29550.3,29505,12449,29510,12349,29490,12554,29485,9788
2020-06-09 09:07:38.950000,29550.3,29505,2500,29510,12349,29490,22865,29485,9788
2020-06-09 09:07:40.040000,29550.3,29505,12449,29510,12349,29490,10054,29485,9788
2020-06-09 09:07:41.050000,29550.3,29505,2500,29510,12349,29495,10054,29490,10511
2020-06-09 09:07:42.140000,29550.3,29505,12449,29510,12349,29490,10254,29485,9788
2020-06-09 09:07:43.280000,29550.3,29505,2500,29510,12349,29495,10054,29490,10311
2020-06-09 09:07:45.370000,29554.41,29505,2500,29510,12349,29495,10054,29490,10311
2020-06-09 09:07:46.440000,29554.41,29505,2500,29510,12349,29500,10054,29490,10311
2020-06-09 09:07:47.550000,29554.41,29505,2500,29510,12349,29495,10054,29490,10311
2020-06-09 09:07:48.640000,29554.41,29505,2500,29510,12349,29495,10054,29490,10311
2020-06-09 09:07:50.840000,29554.41,29505,12449,29510,12349,29490,10054,29485,9788
2020-06-09 09:07:51.850000,29554.41,29505,2500,29510,12349,29495,10054,29490,10311
2020-06-09 09:07:52.860000,29554.41,29505,12449,29510,12349,29490,10054,29485,9788
2020-06-09 09:07:53.860000,29539.68,29505,2500,29510,12349,29495,10054,29490,10311
2020-06-09 09:07:55.970000,29539.68,29505,12449,29510,12349,29490,10054,29485,9788
2020-06-09 09:07:57.030000,29539.68,29505,2500,29510,12349,29495,10053,29490,10311
2020-06-09 09:07:59.160000,29539.68,29505,2500,29510,12349,29495,10053,29490,10311
2020-06-09 09:08:00.220000,29539.68,29505,2400,29510,2400,29500,10053,29495,9788
2020-06-09 09:08:01.280000,29539.68,29505,2600,29510,12349,29495,10053,29490,10311
2020-06-09 09:08:02.340000,29539.68,29505,2600,29510,12349,29495,10053,29490,10311
2020-06-09 09:08:03.410000,29539.68,29505,22654,29510,12349,29490,20364,29485,9788
2020-06-09 09:08:04.050000,29535.29,29505,2600,29510,12349,29495,10053,29490,10311
2020-06-09 09:08:05.050000,29535.29,29505,12549,29510,32403,29490,10053,29485,9788
2020-06-09 09:08:06.030000,29535.29,29505,32603,29510,12349,29490,10053,29485,9788
2020-06-09 09:08:07.090000,29535.29,29500,30003,29505,12549,29485,10053,29480,10311
2020-06-09 09:08:08.150000,29535.29,29500,32603,29505,12549,29485,10053,29480,10311
2020-06-09 09:08:09.220000,29535.29,29495,30003,29500,12549,29480,10053,29475,9788
2020-06-09 09:08:10.260000,29535.29,29495,32603,29500,12549,29480,10053,29475,9788
2020-06-09 09:08:11.330000,29535.29,29495,32703,29500,12549,29480,10053,29475,9788
2020-06-09 09:08:13.450000,29535.29,29495,32703,29500,12549,29480,10053,29475,9788
2020-06-09 09:08:14.510000,29518.59,29500,22654,29505,12549,29485,19841,29480,10311
2020-06-09 09:08:15.140000,29518.59,29500,32603,29505,12549,29485,10053,29480,10311
2020-06-09 09:08:18.200000,29518.59,29495,20054,29500,13111,29480,20364,29475,9788
2020-06-09 09:08:18.740000,29518.59,29490,20054,29495,12649,29475,19841,29470,10311
2020-06-09 09:08:19.810000,29518.59,29485,30003,29490,12749,29470,10053,29465,9788
2020-06-09 09:08:20.950000,29518.59,29485,2600,29490,32803,29475,10053,29470,10311
2020-06-09 09:08:22.070000,29518.59,29485,32803,29490,12749,29470,10053,29465,9788
2020-06-09 09:08:23.350000,29518.59,29485,32803,29490,12749,29470,10053,29465,9788
2020-06-09 09:08:24.450000,29537.5,29480,30003,29485,12749,29465,10053,29460,10311
2020-06-09 09:08:25.510000,29537.5,29470,30003,29475,9949,29455,10053,29450,10311
2020-06-09 09:08:26.540000,29537.5,29475,30003,29480,12749,29460,10053,29455,9788
2020-06-09 09:08:27.550000,29537.5,29475,32903,29480,12749,29460,10053,29455,9788
2020-06-09 09:08:28.650000,29537.5,29475,32903,29480,12749,29460,10053,29455,9788
2020-06-09 09:08:29.690000,29537.5,29470,30003,29475,12849,29455,10053,29450,10311
2020-06-09 09:08:30.750000,29537.5,29470,22954,29475,12849,29455,19841,29450,10311
2020-06-09 09:08:31.840000,29537.5,29475,32903,29480,12749,29460,10053,29455,9788
2020-06-09 09:08:32.840000,29537.5,29475,33003,29480,12749,29460,10053,29455,9788
2020-06-09 09:08:35.400000,29525.99,29475,33003,29480,12749,29460,10053,29455,9788
2020-06-09 09:08:35.900000,29525.99,29480,32803,29485,12749,29465,10053,29460,10311
2020-06-09 09:08:36.990000,29525.99,29475,30003,29480,12749,29460,10053,29455,9788
2020-06-09 09:08:38.060000,29525.99,29475,33003,29480,12749,29460,10053,29455,9788
2020-06-09 09:08:39.120000,29525.99,29480,32803,29485,12749,29465,10053,29460,10311
2020-06-09 09:08:40.650000,29525.99,29480,32803,29485,12749,29465,10053,29460,10311
2020-06-09 09:08:41.730000,29525.99,29475,9949,29480,32803,29465,10053,29455,9788
2020-06-09 09:08:42.820000,29525.99,29470,30003,29475,12949,29455,10053,29450,10311
2020-06-09 09:08:43.830000,29506.4,29470,33003,29475,12949,29455,10053,29450,10311
2020-06-09 09:08:44.910000,29506.4,29470,9949,29475,33003,29460,10053,29450,10311
2020-06-09 09:08:45.960000,29506.4,29470,2900,29475,23054,29460,20364,29455,9788
2020-06-09 09:08:47.010000,29506.4,29475,3000,29480,30003,29465,10053,29460,10311
2020-06-09 09:08:48.020000,29506.4,29475,3000,29480,30003,29465,10053,29460,10311
2020-06-09 09:08:49.080000,29506.4,29485,30003,29490,9949,29470,10053,29465,9788
2020-06-09 09:08:50.130000,29506.4,29480,20054,29485,13049,29465,19841,29460,10311
2020-06-09 09:08:51.180000,29506.4,29480,33103,29485,13049,29465,10053,29460,10311
2020-06-09 09:08:52.220000,29506.4,29480,33603,29485,13049,29465,10053,29460,10311
2020-06-09 09:08:53.270000,29506.4,29480,13549,29485,33103,29470,10053,29460,10311
2020-06-09 09:08:54.320000,29509.97,29480,600,29485,33103,29470,10053,29465,9788
2020-06-09 09:08:55.360000,29509.97,29480,3600,29485,33103,29470,10053,29465,9788
2020-06-09 09:08:56.390000,29509.97,29480,23654,29485,13049,29465,19841,29460,10311
2020-06-09 09:08:57.440000,29509.97,29480,3600,29485,33103,29470,10053,29465,9788
2020-06-09 09:08:59.550000,29509.97,29480,3600,29485,33103,29465,19841,29460,10311
2020-06-09 09:09:00.590000,29509.97,29480,23654,29485,13049,29465,19841,29460,10311
2020-06-09 09:09:01.640000,29509.97,29480,3600,29485,33103,29470,10053,29465,9788
2020-06-09 09:09:02.690000,29509.97,29480,500,29485,3100,29475,10053,29470,10311
2020-06-09 09:09:03.730000,29514.6,29495,30003,29500,10511,29480,10353,29475,11488
2020-06-09 09:09:05.300000,29514.6,29495,33103,29500,10511,29480,11553,29475,11488
2020-06-09 09:09:05.840000,29514.6,29490,30003,29495,13049,29480,1500,29475,11753
2020-06-09 09:09:06.890000,29514.6,29495,33103,29500,10511,29480,10053,29475,11488
2020-06-09 09:09:07.940000,29514.6,29495,33103,29500,10511,29480,10053,29475,11488
2020-06-09 09:09:09.050000,29514.6,29500,30565,29505,9949,29485,10053,29480,10311
2020-06-09 09:09:10.180000,29514.6,29500,33765,29505,9949,29485,10053,29480,10311
2020-06-09 09:09:11.350000,29514.6,29500,13711,29505,30003,29490,10053,29480,10311
2020-06-09 09:09:12.590000,29514.6,29500,13711,29505,30003,29490,10053,29480,10311
2020-06-09 09:09:13.670000,29532.61,29500,3762,29505,30003,29490,10053,29485,9788
2020-06-09 09:09:14.770000,29532.61,29500,3762,29505,30003,29490,10053,29485,9788
2020-06-09 09:09:15.740000,29532.61,29500,3762,29505,30003,29490,10053,29485,9788
2020-06-09 09:09:16.850000,29532.61,29500,562,29510,30003,29495,10053,29490,10311
2020-06-09 09:09:18.370000,29532.61,29510,33203,29515,9949,29495,12253,29490,10311
2020-06-09 09:09:18.880000,29532.61,29510,33203,29515,9949,29495,12253,29490,10311
2020-06-09 09:09:19.990000,29532.61,29510,20054,29515,9949,29495,22041,29490,10311
2020-06-09 09:09:21.040000,29532.61,29510,23254,29515,9949,29495,22041,29490,10311
2020-06-09 09:09:22.080000,29532.61,29510,33303,29515,9949,29495,12253,29490,10311
2020-06-09 09:09:23.130000,29532.61,29505,20054,29510,13249,29490,20364,29485,9788
2020-06-09 09:09:24.180000,29538.77,29510,33303,29515,9949,29495,10053,29490,10311
2020-06-09 09:09:27.330000,29538.77,29505,30003,29510,13249,29490,10053,29485,9788
2020-06-09 09:09:28.330000,29538.77,29505,33303,29510,13249,29490,10053,29485,9788
2020-06-09 09:09:28.940000,29538.77,29500,5000,29505,33303,29490,10053,29485,9788
2020-06-09 09:09:29.990000,29538.77,29500,8300,29505,33303,29490,10053,29485,9788
2020-06-09 09:09:31.030000,29538.77,29500,8300,29505,33303,29490,10053,29485,9788
2020-06-09 09:09:32.080000,29538.77,29500,8861,29505,33303,29490,10053,29485,9788
2020-06-09 09:09:34.170000,29537.44,29500,8861,29505,33303,29490,10053,29485,9788
2020-06-09 09:09:35.190000,29537.44,29500,18810,29505,33303,29490,10053,29480,10311
2020-06-09 09:09:35.710000,29537.44,29500,8861,29505,33303,29490,10053,29485,9788
2020-06-09 09:09:36.810000,29537.44,29500,28915,29505,13249,29485,19841,29480,10311
2020-06-09 09:09:37.880000,29537.44,29500,38864,29505,13249,29485,10053,29480,10311
2020-06-09 09:09:38.940000,29537.44,29495,20054,29500,18810,29480,20364,29475,11488
2020-06-09 09:09:40.480000,29537.44,29495,33404,29500,18810,29480,10053,29475,11488
2020-06-09 09:09:42.110000,29537.44,29495,33404,29500,18810,29480,10053,29475,11488
2020-06-09 09:09:43.160000,29537.44,29495,33404,29500,18810,29480,10053,29475,11488
2020-06-09 09:09:45.260000,29523.5,29495,33404,29500,18810,29480,10053,29475,11488
2020-06-09 09:09:46.280000,29523.5,29490,30003,29495,13350,29475,11753,29470,10311
2020-06-09 09:09:46.870000,29523.5,29485,30003,29490,13349,29470,3737,29465,9788
2020-06-09 09:09:48.010000,29523.5,29485,33403,29490,13349,29470,3737,29465,9788
2020-06-09 09:09:49.040000,29523.5,29485,3400,29490,33403,29475,3737,29470,10311
2020-06-09 09:09:50.070000,29523.5,29485,3400,29490,3400,29480,3737,29475,9788
2020-06-09 09:09:51.170000,29523.5,29490,3400,29495,30004,29480,3737,29475,9788
2020-06-09 09:09:52.370000,29523.5,29490,3400,29495,30004,29480,3737,29475,9788
2020-06-09 09:09:53.450000,29523.5,29490,13349,29495,30004,29480,3737,29470,10311
2020-06-09 09:09:54.440000,29521.28,29490,3400,29495,30004,29480,3737,29475,9788
2020-06-09 09:09:56.430000,29521.28,29490,3400,29495,1,29485,3737,29480,10311
2020-06-09 09:09:57.490000,29521.28,29490,3400,29495,1,29485,3737,29480,10311
2020-06-09 09:09:58.550000,29521.28,29490,3400,29495,30004,29480,3737,29475,9788
2020-06-09 09:09:59.610000,29521.28,29490,2700,29495,1,29485,3737,29480,10311
2020-06-09 09:10:00.240000,29521.28,29495,1,29500,15510,29490,5037,29480,10311
2020-06-09 09:10:01.340000,29521.28,29495,3401,29500,25615,29490,1500,29485,13525
2020-06-09 09:10:02.400000,29521.28,29495,3401,29500,25615,29490,1500,29485,13525
2020-06-09 09:10:03.450000,29525.23,29495,3401,29500,35564,29490,1500,29485,3737
2020-06-09 09:10:07.550000,29525.23,29495,3401,29500,35564,29485,3737,29480,10311
2020-06-09 09:10:12.860000,29525.23,29495,3301,29500,15510,29490,3737,29480,10311
2020-06-09 09:10:13.930000,29525.23,29500,5561,29505,9999,29495,3736,29485,9788
2020-06-09 09:10:15.140000,29515.22,29500,8761,29505,30053,29495,3301,29490,3736
2020-06-09 09:10:17.290000,29515.22,29495,3300,29500,18710,29490,7036,29480,10311
2020-06-09 09:10:18.300000,29515.22,29500,8761,29505,30053,29490,7036,29485,9788
2020-06-09 09:10:19.300000,29515.22,29500,28815,29505,9999,29485,13524,29480,10311
2020-06-09 09:10:20.380000,29515.22,29500,8761,29505,30053,29490,3736,29485,13088
2020-06-09 09:10:21.440000,29515.22,29500,8761,29505,30053,29490,5336,29485,13088
2020-06-09 09:10:22.460000,29515.22,29500,28815,29505,9999,29485,16824,29480,10311
2020-06-09 09:10:23.520000,29515.22,29500,28815,29505,9999,29485,16824,29480,10311
2020-06-09 09:10:24.650000,29527.96,29495,30003,29500,18710,29480,3736,29475,9788
2020-06-09 09:10:25.660000,29527.96,29495,33303,29500,18710,29480,3736,29475,9788
2020-06-09 09:10:26.710000,29527.96,29490,30003,29495,13249,29475,3736,29470,10311
2020-06-09 09:10:27.800000,29527.96,29495,33303,29500,18710,29480,3736,29475,9788
2020-06-09 09:10:29.880000,29527.96,29490,30003,29495,13249,29475,3736,29470,10311
2020-06-09 09:10:31.420000,29527.96,29485,20054,29490,13249,29470,14047,29465,9788
2020-06-09 09:10:31.970000,29527.96,29480,30003,29485,13249,29465,3736,29460,10311
2020-06-09 09:10:33.030000,29527.96,29480,33303,29485,13249,29465,3736,29460,10311
2020-06-09 09:10:34.080000,29529.32,29475,30003,29480,13249,29460,3736,29455,9788
2020-06-09 09:10:35.130000,29529.32,29470,30003,29475,13249,29455,3736,29450,10311
2020-06-09 09:10:36.240000,29529.32,29470,33303,29475,13249,29455,3736,29450,10311
2020-06-09 09:10:37.280000,29529.32,29470,33303,29475,13249,29455,3736,29450,10311
2020-06-09 09:10:38.340000,29529.32,29475,33303,29480,13249,29460,3736,29455,9788
2020-06-09 09:10:39.390000,29529.32,29475,33303,29480,13249,29460,3736,29455,9788
2020-06-09 09:10:43.080000,29529.32,29475,33303,29480,13249,29460,3736,29455,9788
2020-06-09 09:10:45.170000,29520.23,29475,33303,29480,13249,29460,3736,29455,9788
2020-06-09 09:10:46.790000,29520.23,29475,33303,29480,13249,29460,3736,29455,9788
2020-06-09 09:10:49.900000,29520.23,29470,30003,29475,13249,29455,3736,29450,10311
2020-06-09 09:10:50.900000,29520.23,29470,33303,29475,13249,29455,3736,29450,10311
2020-06-09 09:10:55.160000,29506.0,29470,13249,29475,33303,29460,3736,29450,10311
2020-06-09 09:10:56.240000,29506.0,29470,23354,29475,13249,29455,13524,29450,10311
2020-06-09 09:10:57.250000,29506.0,29470,23354,29475,13249,29455,13524,29450,10311
2020-06-09 09:10:58.350000,29506.0,29475,3300,29480,3300,29470,3736,29465,9788
2020-06-09 09:10:59.360000,29506.0,29470,3736,29475,3200,29465,3736,29460,10311
2020-06-09 09:11:00.410000,29506.0,29475,3200,29480,3300,29470,20054,29465,9788
2020-06-09 09:11:01.460000,29506.0,29480,3300,29485,33303,29470,20054,29465,9788
2020-06-09 09:11:02.550000,29506.0,29485,3300,29490,20054,29475,29842,29470,10311
2020-06-09 09:11:03.550000,29506.0,29495,30003,29500,16072,29480,20054,29475,9788
2020-06-09 09:11:04.640000,29511.2,29495,33203,29500,16072,29480,20054,29475,9788
2020-06-09 09:11:05.780000,29511.2,29500,36126,29505,9999,29485,20054,29480,10311
2020-06-09 09:11:06.840000,29511.2,29500,6123,29505,30053,29490,20054,29485,9788
2020-06-09 09:11:07.810000,29511.2,29500,9423,29505,20104,29490,30365,29485,9788
2020-06-09 09:11:08.850000,29511.2,29500,9423,29505,30053,29490,20054,29485,9788
2020-06-09 09:11:09.900000,29511.2,29500,39426,29505,9999,29485,20054,29480,10311
2020-06-09 09:11:10.950000,29511.2,29495,30003,29500,19372,29480,20054,29475,9788
2020-06-09 09:11:12.010000,29511.2,29495,33303,29500,19372,29480,20054,29475,9788
2020-06-09 09:11:13.060000,29511.2,29490,30003,29495,13249,29475,20054,29470,10311
2020-06-09 09:11:14.100000,29529.55,29485,30003,29490,13349,29470,20054,29465,9788
2020-06-09 09:11:15.150000,29529.55,29485,33403,29490,13349,29470,20054,29465,9788
2020-06-09 09:11:17.770000,29529.55,29485,33403,29490,13349,29470,20054,29465,9788
2020-06-09 09:11:18.820000,29529.55,29485,33403,29490,13349,29470,20054,29465,9788
2020-06-09 09:11:19.340000,29529.55,29480,30003,29485,13349,29465,20054,29460,10311
2020-06-09 09:11:20.380000,29529.55,29480,33503,29485,13349,29465,20054,29460,10311
2020-06-09 09:11:21.430000,29529.55,29475,20054,29480,13449,29460,30365,29455,9788
2020-06-09 09:11:22.470000,29529.55,29475,3600,29480,33503,29465,20054,29460,10311
2020-06-09 09:11:23.520000,29533.37,29475,3600,29480,33503,29465,20054,29460,10311
2020-06-09 09:11:26.660000,29533.37,29480,3500,29485,30003,29470,20054,29465,9788
2020-06-09 09:11:27.710000,29533.37,29480,3600,29485,30003,29470,20054,29465,9788
2020-06-09 09:11:28.350000,29533.37,29485,9949,29490,30003,29475,20054,29465,9788
2020-06-09 09:11:29.440000,29533.37,29480,20054,29485,13549,29465,29842,29460,10311
2020-06-09 09:11:30.640000,29533.37,29485,13549,29490,30003,29475,20054,29465,9788
2020-06-09 09:11:31.920000,29533.37,29490,30003,29495,9949,29475,20054,29470,10311
2020-06-09 09:11:32.480000,29533.37,29485,30003,29490,13649,29470,20054,29465,9788
2020-06-09 09:11:33.480000,29533.37,29485,30003,29490,13649,29470,20054,29465,9788
2020-06-09 09:11:34.530000,29530.61,29490,33703,29495,9949,29475,20054,29470,10311
2020-06-09 09:11:35.570000,29530.61,29490,30003,29495,9949,29475,20054,29470,10311
2020-06-09 09:11:36.640000,29530.61,29490,33803,29495,9949,29475,20054,29470,10311
2020-06-09 09:11:37.680000,29530.61,29490,33803,29495,9949,29475,20054,29470,10311
2020-06-09 09:11:38.730000,29530.61,29490,33803,29495,9949,29475,20054,29470,10311
2020-06-09 09:11:40.820000,29530.61,29500,36126,29505,9999,29485,20054,29480,10311
2020-06-09 09:11:41.900000,29530.61,29500,36126,29505,9999,29485,20054,29480,10311
2020-06-09 09:11:42.930000,29530.61,29500,39926,29505,9999,29485,20054,29480,10311
2020-06-09 09:11:43.980000,29533.77,29500,39926,29505,9999,29485,20054,29480,10311
2020-06-09 09:11:45.020000,29533.77,29495,30003,29500,19872,29480,20052,29475,9788
2020-06-09 09:11:46.070000,29533.77,29490,20054,29495,13849,29475,29840,29470,10311
2020-06-09 09:11:46.540000,29533.77,29490,3900,29495,33903,29480,20052,29475,9788
2020-06-09 09:11:47.680000,29533.77,29490,23954,29495,13849,29475,29840,29470,10311
2020-06-09 09:11:48.740000,29533.77,29490,3900,29495,33903,29480,20052,29475,9788
2020-06-09 09:11:49.800000,29533.77,29490,23954,29495,13849,29475,29840,29470,10311
2020-06-09 09:11:50.870000,29533.77,29490,3900,29495,33903,29475,29840,29470,10311
2020-06-09 09:11:51.930000,29533.77,29490,3900,29495,33903,29480,20052,29475,9788
2020-06-09 09:11:53.520000,29533.77,29490,33903,29495,13849,29475,20052,29470,10311
2020-06-09 09:11:55.600000,29514.3,29490,3900,29495,33903,29480,20052,29475,9788
2020-06-09 09:11:56.040000,29514.3,29490,33903,29495,13849,29475,20052,29470,10311
2020-06-09 09:11:57.220000,29514.3,29490,3900,29495,33903,29480,20052,29475,9788
2020-06-09 09:11:58.740000,29514.3,29490,3900,29495,33903,29480,20052,29475,9788
2020-06-09 09:11:59.880000,29514.3,29490,3900,29495,33903,29480,20052,29475,9788
2020-06-09 09:12:00.930000,29514.3,29490,33903,29495,13849,29475,20052,29470,10311
2020-06-09 09:12:01.970000,29514.3,29480,30003,29485,9949,29465,20052,29460,10311
2020-06-09 09:12:03.020000,29514.3,29485,30003,29490,9949,29470,20052,29465,9788
2020-06-09 09:12:04.070000,29516.12,29485,34103,29490,9949,29470,20052,29465,9788
2020-06-09 09:12:05.490000,29516.12,29480,20054,29485,14049,29465,29840,29460,10311
2020-06-09 09:12:06.690000,29516.12,29480,4100,29485,30003,29470,20052,29465,9788
2020-06-09 09:12:07.350000,29516.12,29480,34103,29485,9949,29460,30363,29455,9788
2020-06-09 09:12:08.300000,29516.12,29480,34103,29485,9949,29465,20052,29460,10311
2020-06-09 09:12:10.390000,29516.12,29475,20054,29480,14049,29460,30363,29455,9788
2020-06-09 09:12:11.450000,29516.12,29475,4200,29480,30003,29465,20052,29460,10311
2020-06-09 09:12:12.480000,29516.12,29475,4200,29480,30003,29465,20052,29460,10311
2020-06-09 09:12:12.970000,29516.12,29475,4200,29480,30003,29465,20052,29460,10311
2020-06-09 09:12:15.190000,29501.5,29475,4200,29480,30003,29465,20052,29460,10311
2020-06-09 09:12:15.810000,29501.5,29475,4200,29480,30003,29465,20052,29460,10311
2020-06-09 09:12:16.780000,29501.5,29475,34203,29480,9949,29460,20052,29455,9788
2020-06-09 09:12:19.470000,29501.5,29480,30003,29485,9949,29465,20052,29460,10311
2020-06-09 09:12:20.480000,29501.5,29480,34303,29485,9949,29465,20052,29460,10311
2020-06-09 09:12:22.040000,29501.5,29475,30003,29480,14249,29460,20052,29455,9788
2020-06-09 09:12:23.140000,29501.5,29475,34303,29480,9949,29460,20052,29455,9788
2020-06-09 09:12:25.250000,29515.24,29470,30003,29475,14249,29455,20052,29450,10311
2020-06-09 09:12:26.290000,29515.24,29470,34403,29475,9949,29455,20052,29450,10311
2020-06-09 09:12:27.340000,29515.24,29465,30003,29470,14349,29450,20052,29445,9788
2020-06-09 09:12:28.390000,29515.24,29460,20054,29465,14349,29445,29840,29440,10311
2020-06-09 09:12:29.430000,29515.24,29460,4500,29465,30003,29450,20052,29445,9788
2020-06-09 09:12:29.960000,29515.24,29460,4500,29465,30003,29450,20052,29445,9788
2020-06-09 09:12:32.070000,29515.24,29460,24554,29465,9949,29445,29840,29440,10311
2020-06-09 09:12:33.130000,29515.24,29460,4500,29465,30003,29450,20052,29445,9788
2020-06-09 09:12:34.200000,29491.75,29460,34503,29465,9949,29445,20052,29440,10311
2020-06-09 09:12:37.870000,29491.75,29460,35003,29465,9949,29445,20052,29440,10311
2020-06-09 09:12:38.960000,29491.75,29460,35003,29465,9949,29440,30363,29435,9788
2020-06-09 09:12:40.010000,29491.75,29460,35003,29465,9949,29445,20052,29440,10311
2020-06-09 09:12:41.050000,29491.75,29460,35003,29465,9949,29445,20052,29440,10311
2020-06-09 09:12:42.100000,29491.75,29460,35003,29465,9949,29445,20052,29440,10311
2020-06-09 09:12:42.740000,29491.75,29460,25054,29465,9949,29445,29840,29440,10311
2020-06-09 09:12:43.680000,29488.22,29460,35003,29465,9949,29445,20052,29440,10311
2020-06-09 09:12:44.720000,29488.22,29455,20054,29460,14949,29440,30363,29435,9788
2020-06-09 09:12:45.770000,29488.22,29455,24754,29460,10449,29440,30363,29435,9788
2020-06-09 09:12:46.820000,29488.22,29455,34703,29460,10449,29440,20052,29435,9788
2020-06-09 09:12:47.860000,29488.22,29450,30003,29455,14649,29435,20052,29430,10311
2020-06-09 09:12:48.880000,29488.22,29450,34803,29455,9949,29435,20052,29430,10311
2020-06-09 09:12:50.470000,29488.22,29450,34803,29455,9949,29435,20052,29430,10311
2020-06-09 09:12:51.520000,29488.22,29450,34803,29455,9949,29435,20052,29430,10311
2020-06-09 09:12:52.570000,29488.22,29450,34803,29455,9949,29435,20052,29430,10311
2020-06-09 09:12:53.610000,29488.22,29450,4800,29455,30003,29440,20052,29435,9788
2020-06-09 09:12:54.660000,29465.95,29450,34803,29455,9949,29435,20052,29430,10311
2020-06-09 09:12:56.350000,29465.95,29450,34803,29455,9949,29435,20052,29430,10311
2020-06-09 09:12:58.140000,29465.95,29450,34803,29455,9949,29435,20052,29430,10311
2020-06-09 09:12:59.010000,29465.95,29450,34803,29455,9949,29435,20052,29430,10311
2020-06-09 09:13:00.010000,29465.95,29445,30003,29450,14749,29430,20052,29425,9788
2020-06-09 09:13:01.010000,29465.95,29455,30003,29460,10449,29440,20052,29435,9788
2020-06-09 09:13:02.130000,29465.95,29455,34903,29460,10449,29440,20052,29435,9788
2020-06-09 09:13:03.150000,29469.36,29455,34903,29460,10449,29440,20052,29435,9788
2020-06-09 09:13:06.240000,29469.36,29455,34903,29460,10449,29440,20052,29435,9788
2020-06-09 09:13:08.340000,29469.36,29460,30503,29465,9949,29445,20052,29440,10311
2020-06-09 09:13:09.370000,29469.36,29455,20054,29460,15349,29440,30363,29435,9788
2020-06-09 09:13:09.900000,29469.36,29455,14849,29460,30503,29445,20052,29435,9788
2020-06-09 09:13:10.970000,29469.36,29455,5000,29460,30503,29445,20052,29440,10311
2020-06-09 09:13:12.020000,29469.36,29460,10449,29465,30003,29450,20052,29440,10311
2020-06-09 09:13:13.070000,29469.36,29460,1500,29465,30003,29450,20052,29445,9788
2020-06-09 09:13:14.160000,29476.69,29460,2900,29465,30003,29450,20052,29445,9788
2020-06-09 09:13:15.210000,29476.69,29460,35403,29465,9949,29445,20052,29440,10311
2020-06-09 09:13:16.250000,29476.69,29460,35403,29465,9949,29445,20052,29440,10311
2020-06-09 09:13:17.330000,29476.69,29460,35403,29465,9949,29445,20052,29440,10311
2020-06-09 09:13:17.930000,29476.69,29460,25454,29465,9949,29445,29840,29440,10311
2020-06-09 09:13:18.890000,29476.69,29460,35403,29465,9949,29445,20052,29440,10311
2020-06-09 09:13:19.930000,29476.69,29460,25454,29465,9949,29445,29840,29440,10311
2020-06-09 09:13:20.970000,29476.69,29460,25454,29465,9949,29445,29840,29440,10311
2020-06-09 09:13:22.020000,29476.69,29460,500,29470,30003,29455,20052,29450,10311
2020-06-09 09:13:23.580000,29476.69,29470,35003,29475,9949,29455,22052,29450,10311
2020-06-09 09:13:24.240000,29481.44,29470,35003,29475,9949,29455,20052,29450,10311
2020-06-09 09:13:25.340000,29481.44,29465,9949,29470,35003,29455,20052,29445,9788
2020-06-09 09:13:26.340000,29481.44,29465,15049,29470,30003,29455,20052,29445,9788
2020-06-09 09:13:27.370000,29481.44,29465,35103,29470,9949,29450,20052,29445,9788
2020-06-09 09:13:28.350000,29481.44,29460,30003,29465,15049,29445,20052,29440,10311
2020-06-09 09:13:29.430000,29481.44,29465,30003,29470,9949,29450,20052,29445,9788
2020-06-09 09:13:30.470000,29481.44,29465,35203,29470,9949,29450,20052,29445,9788
2020-06-09 09:13:31.520000,29481.44,29460,20054,29465,15149,29445,29840,29440,10311
2020-06-09 09:13:32.600000,29481.44,29460,35203,29465,9949,29445,20052,29440,10311
2020-06-09 09:13:33.570000,29481.44,29460,9949,29465,30003,29450,20052,29440,10311
2020-06-09 09:13:33.970000,29486.97,29460,5200,29465,30003,29450,20052,29445,9788
2020-06-09 09:13:34.900000,29486.97,29460,35203,29465,9949,29445,20052,29440,10311
2020-06-09 09:13:35.810000,29486.97,29460,25254,29465,9949,29445,29840,29440,10311
2020-06-09 09:13:36.920000,29486.97,29460,35203,29465,9949,29445,20052,29440,10311
2020-06-09 09:13:37.960000,29486.97,29460,15149,29465,30003,29450,20052,29440,10311
2020-06-09 09:13:39.000000,29486.97,29460,35203,29465,9949,29445,20052,29440,10311
2020-06-09 09:13:41.170000,29486.97,29460,25254,29465,9949,29445,29840,29440,10311
2020-06-09 09:13:42.180000,29486.97,29460,35203,29465,9949,29445,20052,29440,10311
2020-06-09 09:13:47.430000,29469.83,29455,20054,29460,15149,29440,30363,29435,9788
2020-06-09 09:13:48.560000,29469.83,29455,5400,29460,30003,29445,20052,29440,10311
2020-06-09 09:13:49.620000,29469.83,29455,25454,29460,9949,29440,30363,29435,9788
2020-06-09 09:13:50.130000,29469.83,29455,5400,29460,30003,29445,20052,29440,10311
2020-06-09 09:13:51.160000,29469.83,29455,5400,29460,30003,29445,20052,29440,10311
2020-06-09 09:13:52.240000,29469.83,29455,5400,29460,30003,29445,20052,29440,10311
2020-06-09 09:13:53.300000,29489.59,29455,5400,29460,20054,29445,29840,29440,10311
2020-06-09 09:13:55.430000,29489.59,29455,5400,29460,30003,29445,20052,29440,10311
2020-06-09 09:13:55.800000,29489.59,29465,30003,29470,9949,29450,20052,29445,9788
2020-06-09 09:13:57.020000,29489.59,29460,9949,29465,35403,29450,20052,29440,10311
2020-06-09 09:13:58.070000,29489.59,29460,35403,29465,9949,29445,20052,29440,10311
2020-06-09 09:13:58.540000,29489.59,29460,15349,29465,30003,29450,20052,29440,10311
2020-06-09 09:13:59.680000,29489.59,29460,5400,29465,30003,29450,20052,29445,9788
2020-06-09 09:14:00.740000,29489.59,29460,35403,29465,9949,29445,20052,29440,10311
2020-06-09 09:14:01.240000,29489.59,29455,20054,29460,15349,29440,30363,29435,9788
2020-06-09 09:14:02.320000,29489.59,29455,25454,29460,9949,29440,30363,29435,9788
2020-06-09 09:14:03.380000,29489.59,29455,35403,29460,9949,29435,29840,29430,10311
2020-06-09 09:14:04.440000,29472.92,29455,35403,29460,9949,29440,20052,29435,9788
2020-06-09 09:14:05.500000,29472.92,29455,35403,29460,9949,29440,20052,29435,9788
2020-06-09 09:14:05.940000,29472.92,29455,5200,29460,30003,29445,20052,29440,10311
2020-06-09 09:14:07.060000,29472.92,29465,30003,29470,9949,29445,29840,29440,10311
2020-06-09 09:14:08.130000,29472.92,29460,30003,29465,15149,29445,20052,29440,10311
2020-06-09 09:14:09.190000,29472.92,29455,30003,29460,15149,29440,20052,29435,9788
2020-06-09 09:14:09.780000,29472.92,29455,35103,29460,9949,29440,20052,29435,9788
2020-06-09 09:14:10.840000,29472.92,29450,30003,29455,15049,29435,20052,29430,10311
2020-06-09 09:14:11.940000,29472.92,29455,30003,29460,9949,29440,20052,29435,9788
2020-06-09 09:14:12.910000,29472.92,29455,5000,29460,30003,29445,20052,29440,10311
2020-06-09 09:14:13.940000,29475.17,29455,25054,29460,9949,29440,30363,29435,9788
2020-06-09 09:14:15.000000,29475.17,29455,5000,29460,30003,29445,20052,29440,10311
2020-06-09 09:14:16.030000,29475.17,29460,30003,29465,9949,29445,20052,29440,10311
2020-06-09 09:14:17.080000,29475.17,29465,30003,29470,9949,29450,20052,29445,9788
2020-06-09 09:14:17.730000,29475.17,29455,9949,29460,30003,29445,20052,29440,10311
2020-06-09 09:14:18.840000,29475.17,29455,4900,29460,30003,29440,30363,29435,9788
2020-06-09 09:14:19.900000,29475.17,29455,14809,29460,30003,29445,20052,29435,9788
2020-06-09 09:14:20.860000,29475.17,29455,34607,29460,9949,29440,20052,29435,9788
2020-06-09 09:14:21.880000,29475.17,29460,9949,29465,30003,29450,20052,29440,10311
2020-06-09 09:14:22.940000,29475.17,29460,14549,29465,30003,29450,20052,29440,10311
2020-06-09 09:14:23.990000,29498.81,29465,30003,29470,9949,29450,19752,29445,9788
2020-06-09 09:14:25.050000,29498.81,29465,34503,29470,9949,29450,19752,29445,9788
2020-06-09 09:14:26.080000,29498.81,29465,34503,29470,9949,29450,19752,29445,9788
2020-06-09 09:14:26.610000,29498.81,29470,30003,29475,9949,29455,19752,29450,10311
2020-06-09 09:14:27.690000,29498.81,29470,34503,29475,9949,29455,19752,29450,10311
2020-06-09 09:14:28.730000,29498.81,29465,30003,29470,14449,29450,19752,29445,9788
2020-06-09 09:14:29.780000,29498.81,29460,30003,29465,14349,29445,19752,29440,10311
2020-06-09 09:14:30.800000,29498.81,29470,30003,29475,9949,29450,30063,29445,9788
2020-06-09 09:14:31.870000,29498.81,29475,30003,29480,9949,29460,19752,29455,9788
2020-06-09 09:14:32.500000,29498.81,29475,34203,29480,9949,29460,19752,29455,9788
2020-06-09 09:14:35.590000,29489.38,29480,30003,29485,9949,29465,19752,29460,10311
2020-06-09 09:14:36.640000,29489.38,29480,34203,29485,9949,29465,19752,29460,10311
2020-06-09 09:14:38.730000,29489.38,29485,30003,29490,9949,29470,19752,29465,9788
2020-06-09 09:14:39.250000,29489.38,29480,30003,29485,14049,29465,19752,29460,10311
2020-06-09 09:14:40.290000,29489.38,29480,34103,29485,9949,29465,19752,29460,10311
2020-06-09 09:14:42.700000,29489.38,29475,30003,29480,14049,29460,19752,29455,9788
2020-06-09 09:14:44.450000,29483.45,29475,34003,29480,9949,29460,19752,29455,9788
2020-06-09 09:14:45.530000,29483.45,29470,9949,29475,34003,29460,19752,29450,10361
2020-06-09 09:14:46.570000,29483.45,29470,1800,29475,30003,29460,19752,29455,9788
2020-06-09 09:14:47.620000,29483.45,29470,34003,29475,9949,29455,19752,29450,10361
2020-06-09 09:14:48.060000,29483.45,29470,4000,29475,30003,29460,19752,29455,9788
2020-06-09 09:14:49.180000,29483.45,29470,24054,29475,9949,29455,29540,29450,10361
2020-06-09 09:14:50.230000,29483.45,29470,13949,29475,30003,29460,19752,29450,10361
2020-06-09 09:14:51.270000,29483.45,29470,34003,29475,9949,29455,19752,29450,10361
2020-06-09 09:14:52.840000,29483.45,29470,34003,29475,9949,29455,19752,29450,10361
2020-06-09 09:14:58.550000,29487.27,29470,4000,29475,30003,29460,19752,29455,9788
2020-06-09 09:14:59.670000,29487.27,29480,30003,29485,9949,29465,19752,29460,10311
2020-06-09 09:15:00.720000,29487.27,29475,30003,29480,13849,29460,19752,29455,9788
2020-06-09 09:15:01.770000,29487.27,29485,9949,29490,30003,29475,19752,29465,9788
2020-06-09 09:15:02.810000,29487.27,29485,3900,29495,30003,29480,19752,29475,9788
2020-06-09 09:15:04.370000,29491.65,29500,37811,29505,9999,29485,19752,29480,10311
2020-06-09 09:15:05.450000,29491.65,29500,41711,29505,9999,29485,19752,29480,10311
2020-06-09 09:15:06.500000,29491.65,29500,31762,29505,9999,29485,29540,29480,10311
2020-06-09 09:15:07.560000,29491.65,29500,11708,29505,30053,29485,29540,29480,10311
2020-06-09 09:15:08.610000,29491.65,29500,41711,29505,9999,29485,19752,29480,10311
2020-06-09 09:15:09.670000,29491.65,29495,30003,29500,21657,29480,19752,29475,9788
2020-06-09 09:15:10.730000,29491.65,29495,33703,29500,17757,29480,19752,29475,9788
2020-06-09 09:15:11.780000,29491.65,29495,33703,29500,17757,29480,19752,29475,9788
2020-06-09 09:15:13.870000,29491.65,29495,33703,29500,17757,29480,19752,29475,9788
2020-06-09 09:15:15.400000,29497.89,29495,33703,29500,17757,29480,19752,29475,9788
2020-06-09 09:15:16.510000,29497.89,29490,30003,29495,13649,29475,19752,29470,10311
2020-06-09 09:15:17.560000,29497.89,29490,3700,29495,30003,29480,19752,29475,9788
2020-06-09 09:15:18.620000,29497.89,29495,30003,29500,17757,29480,19752,29475,9788
2020-06-09 09:15:19.200000,29497.89,29495,33603,29500,17757,29480,19752,29475,9788
2020-06-09 09:15:22.270000,29497.89,29495,3600,29500,37811,29485,19752,29480,10311
2020-06-09 09:15:23.320000,29498.28,29495,3600,29500,37811,29485,19752,29480,10311
2020-06-09 09:15:25.960000,29498.28,29500,17757,29505,30053,29485,19752,29480,10311
2020-06-09 09:15:27.010000,29498.28,29500,11408,29505,30053,29490,19752,29485,9788
2020-06-09 09:15:27.540000,29498.28,29500,11408,29505,30053,29490,19752,29485,9788
2020-06-09 09:15:28.570000,29498.28,29500,21357,29505,30053,29490,19752,29480,10311
2020-06-09 09:15:29.660000,29498.28,29500,41411,29505,9999,29485,19752,29480,10311
2020-06-09 09:15:30.710000,29498.28,29500,31462,29505,9999,29485,29540,29480,10311
2020-06-09 09:15:31.770000,29498.28,29500,41411,29505,9999,29485,19752,29480,10311
2020-06-09 09:15:33.860000,29498.28,29500,41411,29505,9999,29485,19751,29480,10311
2020-06-09 09:15:34.470000,29503.41,29500,41411,29505,9999,29485,19751,29480,10311
2020-06-09 09:15:36.550000,29503.41,29500,41411,29505,9999,29480,30062,29475,9788
2020-06-09 09:15:37.610000,29503.41,29495,30003,29500,21357,29480,19751,29475,9788
2020-06-09 09:15:38.670000,29503.41,29490,30003,29495,13249,29475,19751,29470,10311
2020-06-09 09:15:39.670000,29503.41,29485,30003,29490,13249,29470,19751,29465,9788
2020-06-09 09:15:40.030000,29503.41,29480,20054,29485,13249,29465,29539,29460,10311
2020-06-09 09:15:40.950000,29503.41,29480,33203,29485,9949,29465,19751,29460,10311
2020-06-09 09:15:41.950000,29503.41,29480,3200,29485,30003,29470,19751,29465,9788
2020-06-09 09:15:43.010000,29503.41,29480,3200,29485,30003,29470,19751,29465,9788
2020-06-09 09:15:47.210000,29506.75,29480,23254,29485,9949,29465,29539,29460,10311
2020-06-09 09:15:48.260000,29506.75,29480,33203,29485,9949,29465,19751,29460,10311
2020-06-09 09:15:50.880000,29506.75,29480,23254,29485,9949,29465,29539,29460,10311
2020-06-09 09:15:51.940000,29506.75,29480,33203,29485,9949,29465,19751,29460,10311
2020-06-09 09:15:53.520000,29506.75,29475,20054,29480,13149,29460,30062,29455,9788
2020-06-09 09:15:54.010000,29517.2,29475,33103,29480,9949,29460,19751,29455,9788
2020-06-09 09:15:56.630000,29517.2,29475,33103,29480,9949,29460,19751,29455,9788
2020-06-09 09:15:58.820000,29517.2,29470,30003,29475,13049,29455,19751,29450,10361
2020-06-09 09:15:59.360000,29517.2,29470,3000,29475,30003,29460,19751,29455,9788
2020-06-09 09:16:01.460000,29517.2,29475,9949,29480,30003,29460,19751,29455,9788
2020-06-09 09:16:02.520000,29517.2,29475,12949,29480,30003,29465,19751,29455,9788
2020-06-09 09:16:03.570000,29517.2,29475,3000,29480,30003,29460,30062,29455,9788
2020-06-09 09:16:04.030000,29517.72,29475,3000,29480,30003,29465,19751,29460,10311
2020-06-09 09:16:05.160000,29517.72,29485,30003,29490,9949,29470,19751,29465,9788
2020-06-09 09:16:06.160000,29517.72,29480,30003,29485,13049,29465,19751,29460,10311
2020-06-09 09:16:06.570000,29517.72,29480,23154,29485,9949,29465,29539,29460,10311
2020-06-09 09:16:07.780000,29517.72,29480,33103,29485,9949,29465,19751,29460,10311
2020-06-09 09:16:09.030000,29517.72,29475,20054,29480,13049,29460,30062,29455,9788
2020-06-09 09:16:09.890000,29517.72,29475,23054,29480,9949,29460,30062,29455,9788
2020-06-09 09:16:10.940000,29517.72,29475,3000,29480,30003,29460,30062,29455,9788
2020-06-09 09:16:11.990000,29517.72,29475,33003,29480,9949,29460,19751,29455,9788
2020-06-09 09:16:12.440000,29517.72,29470,30003,29475,12949,29455,19751,29450,10361
2020-06-09 09:16:13.640000,29517.72,29470,12849,29475,30003,29455,19751,29450,10361
2020-06-09 09:16:14.140000,29496.79,29470,12849,29475,30003,29460,19751,29450,10361
2020-06-09 09:16:15.220000,29496.79,29470,2900,29475,30003,29460,19751,29455,9788
2020-06-09 09:16:15.700000,29496.79,29470,32903,29475,9949,29455,19751,29450,10361
2020-06-09 09:16:20.080000,29496.79,29465,30003,29470,12849,29450,19801,29445,9788
2020-06-09 09:16:21.040000,29496.79,29460,20054,29465,12849,29450,50,29445,29539
2020-06-09 09:16:22.090000,29496.79,29460,33403,29465,9949,29450,50,29445,19751
2020-06-09 09:16:28.380000,29514.44,29460,33403,29465,9949,29445,19751,29440,10311
2020-06-09 09:16:29.400000,29514.44,29455,30003,29460,13349,29440,19751,29435,9788
2020-06-09 09:16:29.800000,29514.44,29455,32903,29460,10449,29440,19751,29435,9788
2020-06-09 09:16:40.990000,29507.05,29455,32903,29460,10449,29440,19751,29435,9788
2020-06-09 09:16:41.530000,29507.05,29455,32903,29460,10449,29440,19751,29435,9788
2020-06-09 09:16:42.580000,29507.05,29455,32903,29460,10449,29440,19751,29435,9788
2020-06-09 09:16:43.630000,29505.49,29455,32903,29460,10449,29440,19751,29435,9788
2020-06-09 09:16:46.140000,29505.49,29455,2900,29460,30503,29445,19751,29440,10311
2020-06-09 09:16:47.280000,29505.49,29455,32903,29460,10449,29440,19751,29435,9788
2020-06-09 09:16:48.330000,29505.49,29455,32903,29460,10449,29440,19751,29435,9788
2020-06-09 09:16:48.800000,29505.49,29455,2900,29460,30503,29445,19751,29440,10311
2020-06-09 09:16:51.440000,29505.49,29455,2900,29460,20554,29445,29539,29440,10311
2020-06-09 09:16:52.510000,29505.49,29455,3000,29460,20554,29445,29539,29440,10311
2020-06-09 09:16:53.580000,29505.49,29455,3000,29460,30503,29445,19751,29440,10311
2020-06-09 09:16:54.590000,29503.33,29460,20554,29465,9949,29445,29539,29440,10311
2020-06-09 09:16:54.900000,29503.33,29460,3500,29465,30003,29450,19751,29445,9788
2020-06-09 09:16:59.000000,29503.33,29460,33503,29465,9949,29445,19751,29440,10311
2020-06-09 09:17:00.040000,29503.33,29460,33503,29465,9949,29445,19751,29440,10311
2020-06-09 09:17:01.040000,29503.33,29460,13449,29465,30003,29450,19751,29440,10311
2020-06-09 09:17:02.040000,29503.33,29460,33503,29465,9949,29445,19751,29440,10311
2020-06-09 09:17:03.050000,29503.33,29460,13449,29465,30003,29450,19751,29440,10311
2020-06-09 09:17:04.100000,29487.66,29460,23554,29465,9949,29445,29539,29440,10311
2020-06-09 09:17:05.540000,29487.66,29460,33503,29465,9949,29445,19751,29440,10311
2020-06-09 09:17:07.100000,29487.66,29455,30003,29460,13449,29440,19751,29435,9788
2020-06-09 09:17:08.280000,29487.66,29455,32903,29460,10449,29440,19751,29435,9788
2020-06-09 09:17:09.330000,29487.66,29455,22954,29460,10449,29440,30062,29435,9788
2020-06-09 09:17:09.780000,29487.66,29455,32903,29460,10449,29440,19751,29435,9788
2020-06-09 09:17:10.890000,29487.66,29450,20054,29455,12849,29435,29539,29430,10311
2020-06-09 09:17:11.940000,29487.66,29450,22854,29455,9949,29435,29539,29430,10311
2020-06-09 09:17:12.970000,29487.66,29450,32803,29455,9949,29435,19751,29430,10311
2020-06-09 09:17:13.410000,29487.66,29450,32803,29455,9949,29435,19751,29430,10311
2020-06-09 09:17:14.580000,29483.64,29450,2800,29455,30003,29440,19751,29435,9788
2020-06-09 09:17:15.000000,29483.64,29450,2800,29455,30003,29435,29539,29430,10311
2020-06-09 09:17:16.160000,29483.64,29450,2800,29455,30003,29440,19751,29435,9788
2020-06-09 09:17:17.160000,29483.64,29450,2800,29455,30003,29440,19751,29435,9788
2020-06-09 09:17:17.530000,29483.64,29450,2800,29460,30503,29440,30062,29435,9788
2020-06-09 09:17:18.510000,29483.64,29455,9949,29460,30503,29445,19751,29435,9788
2020-06-09 09:17:19.340000,29483.64,29455,32903,29460,10449,29440,30062,29435,9788
2020-06-09 09:17:20.520000,29483.64,29455,2900,29460,30503,29445,19751,29440,10311
2020-06-09 09:17:23.180000,29483.64,29460,10449,29465,30003,29450,19751,29440,10311
2020-06-09 09:17:23.740000,29498.09,29460,500,29465,30003,29450,19751,29445,9788
2020-06-09 09:17:24.770000,29498.09,29460,500,29465,30003,29450,19751,29445,9788
2020-06-09 09:17:25.800000,29498.09,29460,500,29470,30003,29455,19751,29450,10311
2020-06-09 09:17:26.160000,29498.09,29470,33403,29475,9949,29455,21751,29450,10311
2020-06-09 09:17:27.380000,29498.09,29470,3400,29475,30003,29460,19751,29455,11788
2020-06-09 09:17:28.370000,29498.09,29475,30003,29480,9949,29460,19751,29455,11788
2020-06-09 09:17:28.830000,29498.09,29480,30003,29485,9953,29465,19751,29460,10311
2020-06-09 09:17:29.990000,29498.09,29480,33303,29485,9953,29465,19751,29460,10311
2020-06-09 09:17:31.050000,29498.09,29480,3300,29485,30007,29470,19751,29465,9788
2020-06-09 09:17:32.100000,29498.09,29480,3400,29485,30007,29470,19751,29465,9788
2020-06-09 09:17:34.220000,29496.1,29485,4,29490,30003,29475,19751,29470,10311
2020-06-09 09:17:35.290000,29496.1,29485,3504,29490,30003,29475,19751,29470,10311
2020-06-09 09:17:37.880000,29496.1,29485,4,29490,9949,29475,19751,29470,10311
2020-06-09 09:17:38.990000,29496.1,29485,4,29490,9949,29480,19751,29470,10311
2020-06-09 09:17:40.050000,29496.1,29485,4,29490,30003,29475,19751,29470,10311
2020-06-09 09:17:41.080000,29496.1,29485,3604,29490,30003,29475,19751,29470,10311
2020-06-09 09:17:41.560000,29496.1,29485,33607,29490,9949,29470,19751,29465,9788
2020-06-09 09:17:42.710000,29496.1,29485,33607,29490,9949,29470,19751,29465,9788
2020-06-09 09:17:43.770000,29496.1,29485,33607,29490,9949,29470,19751,29465,9788
2020-06-09 09:17:44.830000,29511.64,29480,20054,29485,13553,29465,29539,29460,10311
2020-06-09 09:17:45.860000,29511.64,29480,33603,29485,9953,29465,19751,29460,10311
2020-06-09 09:17:46.270000,29511.64,29475,9949,29480,33603,29465,19751,29455,11788
2020-06-09 09:17:47.140000,29511.64,29475,3600,29480,30003,29465,19751,29460,10311
2020-06-09 09:17:49.530000,29511.64,29475,23654,29480,9949,29460,30062,29455,11788
2020-06-09 09:17:50.660000,29511.64,29475,3600,29480,30003,29465,19751,29455,11788
2020-06-09 09:17:51.700000,29511.64,29475,33603,29480,9949,29460,19751,29455,11788
2020-06-09 09:17:52.260000,29511.64,29475,23654,29480,9949,29460,30062,29455,11788
2020-06-09 09:17:54.310000,29498.02,29475,33603,29480,9949,29460,19751,29455,11788
2020-06-09 09:17:54.760000,29498.02,29475,33603,29480,9949,29460,19751,29455,11788
2020-06-09 09:17:55.870000,29498.02,29470,20054,29475,13549,29455,31539,29450,10311
2020-06-09 09:17:56.920000,29498.02,29470,33503,29475,9949,29455,21751,29450,10311
2020-06-09 09:17:58.100000,29498.02,29460,20054,29465,9949,29445,29539,29440,10311
2020-06-09 09:17:59.040000,29498.02,29465,30003,29470,13449,29450,19751,29445,9788
2020-06-09 09:18:00.120000,29498.02,29465,33403,29470,9949,29450,19751,29445,9788
2020-06-09 09:18:03.770000,29498.02,29465,33403,29470,9949,29450,19751,29445,9788
2020-06-09 09:18:04.770000,29514.54,29470,20054,29475,9949,29455,29539,29450,10311
2020-06-09 09:18:05.100000,29514.54,29470,33303,29475,9949,29455,19751,29450,10311
2020-06-09 09:18:05.900000,29514.54,29470,33303,29475,9949,29450,19751,29445,9788
2020-06-09 09:18:06.940000,29514.54,29465,9949,29470,33303,29455,19751,29445,9788
2020-06-09 09:18:07.990000,29514.54,29465,3300,29470,30003,29455,19751,29450,10311
2020-06-09 09:18:09.380000,29514.54,29465,3300,29470,20054,29455,29539,29450,10311
2020-06-09 09:18:10.170000,29514.54,29465,3300,29470,20054,29455,29539,29450,10311
2020-06-09 09:18:10.940000,29514.54,29465,3300,29470,30003,29455,19751,29450,10311
2020-06-09 09:18:16.400000,29517.24,29465,33303,29470,9949,29450,19751,29445,9788
2020-06-09 09:18:16.840000,29517.24,29465,3300,29470,30003,29455,19751,29450,10311
2020-06-09 09:18:19.750000,29517.24,29465,3400,29470,30003,29455,19751,29450,10311
2020-06-09 09:18:20.640000,29517.24,29465,3500,29470,30003,29455,19751,29450,10311
2020-06-09 09:18:22.700000,29517.24,29475,30003,29480,9949,29460,19751,29455,9788
2020-06-09 09:18:22.930000,29517.24,29475,3500,29480,30003,29465,19751,29460,10311
2020-06-09 09:18:24.820000,29494.65,29475,3500,29480,30003,29465,19751,29460,10311
2020-06-09 09:18:25.870000,29494.65,29475,33503,29480,9949,29460,19751,29455,9788
2020-06-09 09:18:27.840000,29494.65,29470,30003,29475,13449,29455,19751,29450,10311
2020-06-09 09:18:29.010000,29494.65,29470,33503,29475,9949,29455,19751,29450,10311
2020-06-09 09:18:30.050000,29494.65,29465,30003,29470,13449,29450,19751,29445,9788
2020-06-09 09:18:30.510000,29494.65,29465,33403,29470,9949,29450,19751,29445,9788
2020-06-09 09:18:33.180000,29494.65,29465,33403,29470,9949,29450,19751,29445,9788
2020-06-09 09:18:34.220000,29509.24,29460,30003,29465,13349,29445,19751,29440,10311
2020-06-09 09:18:34.770000,29509.24,29460,33303,29465,9949,29445,19751,29440,10311
2020-06-09 09:18:38.940000,29509.24,29455,20054,29460,13249,29440,30062,29435,9788
2020-06-09 09:18:39.990000,29509.24,29455,33303,29460,9949,29440,19751,29435,9788
2020-06-09 09:18:40.440000,29509.24,29455,3300,29460,30003,29445,19751,29440,10311
2020-06-09 09:18:41.330000,29509.24,29455,23354,29460,9949,29440,30062,29435,9788
2020-06-09 09:18:42.250000,29509.24,29455,33303,29460,9949,29440,19751,29435,9788
2020-06-09 09:18:43.040000,29509.24,29455,33303,29460,9949,29440,19751,29435,9788
2020-06-09 09:18:44.310000,29506.23,29455,33303,29460,9949,29440,19751,29435,9788
2020-06-09 09:18:44.700000,29506.23,29455,23354,29460,9949,29440,30062,29435,9788
2020-06-09 09:18:45.890000,29506.23,29455,33303,29460,9949,29440,19751,29435,9788
2020-06-09 09:18:46.230000,29506.23,29455,23354,29460,9949,29440,30062,29435,9788
2020-06-09 09:18:47.450000,29506.23,29455,3300,29460,30003,29445,19751,29440,10311
2020-06-09 09:18:47.900000,29506.23,29455,23354,29460,9949,29440,30062,29435,9788
2020-06-09 09:18:49.010000,29506.23,29465,30003,29470,9949,29450,19751,29445,9788
2020-06-09 09:18:49.500000,29506.23,29465,33103,29470,9949,29450,19751,29445,9788
2020-06-09 09:18:50.570000,29506.23,29465,33103,29470,9949,29445,29539,29440,10311
2020-06-09 09:18:51.590000,29506.23,29465,33103,29470,9949,29450,19751,29445,9788
2020-06-09 09:18:51.930000,29506.23,29460,20054,29465,13049,29445,29539,29440,10311
2020-06-09 09:18:53.180000,29506.23,29460,32903,29465,9949,29445,19751,29440,10311
2020-06-09 09:18:54.200000,29506.23,29460,2900,29465,30003,29450,19751,29445,9788
2020-06-09 09:18:54.540000,29496.71,29460,2900,29465,30003,29450,19751,29445,9788
2020-06-09 09:18:55.810000,29496.71,29460,2900,29465,9949,29455,19751,29445,9788
2020-06-09 09:18:56.370000,29496.71,29470,30003,29475,9949,29455,19751,29450,10311
2020-06-09 09:18:57.380000,29496.71,29470,32903,29475,9949,29455,19751,29450,10311
2020-06-09 09:18:58.040000,29496.71,29470,32903,29475,9949,29455,19751,29450,10311
2020-06-09 09:18:58.960000,29496.71,29465,30003,29470,12849,29450,19751,29445,9788
2020-06-09 09:19:00.020000,29496.71,29465,32903,29470,9949,29450,19751,29445,9788
2020-06-09 09:19:02.150000,29496.71,29465,2900,29470,30003,29455,19751,29450,10311
2020-06-09 09:19:03.210000,29496.71,29465,22954,29470,9949,29450,30062,29445,9788
2020-06-09 09:19:04.270000,29489.74,29465,32903,29470,9949,29450,19751,29445,9788
2020-06-09 09:19:05.270000,29489.74,29460,30003,29465,12849,29445,19751,29440,10311
2020-06-09 09:19:05.570000,29489.74,29460,2800,29465,30003,29450,19751,29445,9788
2020-06-09 09:19:06.400000,29489.74,29470,30003,29475,9949,29455,19751,29450,10311
2020-06-09 09:19:07.430000,29489.74,29465,30003,29470,12749,29450,19751,29445,9788
2020-06-09 09:19:08.460000,29489.74,29460,9949,29465,32803,29450,19751,29440,10311
2020-06-09 09:19:08.860000,29489.74,29460,32803,29465,9949,29445,19751,29440,10311
2020-06-09 09:19:10.540000,29489.74,29460,12749,29465,30003,29450,19751,29440,10311
2020-06-09 09:19:11.640000,29489.74,29465,30003,29470,9949,29450,19751,29445,9788
2020-06-09 09:19:12.690000,29489.74,29465,32703,29470,9949,29450,19751,29445,9788
2020-06-09 09:19:13.740000,29494.34,29460,20054,29465,12649,29445,29539,29440,10311
2020-06-09 09:19:14.820000,29494.34,29460,32703,29465,9949,29445,19751,29440,10311
2020-06-09 09:19:19.140000,29494.34,29465,30003,29470,9949,29450,19751,29445,9788
2020-06-09 09:19:19.940000,29494.34,29465,2600,29470,30003,29455,19751,29450,10311
2020-06-09 09:19:20.700000,29494.34,29465,2700,29470,30003,29455,19751,29450,10311
2020-06-09 09:19:21.670000,29494.34,29465,2700,29470,30003,29455,19750,29450,10311
2020-06-09 09:19:25.530000,29485.2,29465,2700,29470,9949,29460,19750,29450,10311
2020-06-09 09:19:26.440000,29485.2,29465,2700,29470,30003,29455,19750,29450,10311
2020-06-09 09:19:27.470000,29485.2,29465,2700,29470,30003,29450,30061,29445,9788
2020-06-09 09:19:27.780000,29485.2,29465,32703,29470,9949,29450,19750,29445,9788
2020-06-09 09:19:31.040000,29485.2,29465,32703,29470,9949,29450,19750,29445,9788
2020-06-09 09:19:31.930000,29485.2,29460,9949,29465,32703,29450,19750,29440,10311
2020-06-09 09:19:32.800000,29485.2,29460,32903,29465,9949,29445,19750,29440,10311
2020-06-09 09:19:36.510000,29500.94,29460,32903,29465,9949,29445,19750,29440,10311
2020-06-09 09:19:38.680000,29500.94,29460,2900,29465,30003,29450,19750,29445,9788
2020-06-09 09:19:39.680000,29500.94,29460,2900,29465,30003,29450,19750,29445,9788
2020-06-09 09:19:40.740000,29500.94,29470,30003,29475,9949,29455,19750,29450,10311
2020-06-09 09:19:41.210000,29500.94,29470,32903,29475,9949,29455,19750,29450,10311
2020-06-09 09:19:42.320000,29500.94,29470,32803,29475,9949,29455,19750,29450,10311
2020-06-09 09:19:42.830000,29500.94,29470,12749,29475,30003,29460,19750,29450,10311
2020-06-09 09:19:43.880000,29505.81,29475,30003,29480,9949,29460,19750,29455,9788
2020-06-09 09:19:45.490000,29505.81,29475,32803,29480,9949,29460,19750,29455,9788
2020-06-09 09:19:46.520000,29505.81,29475,32803,29480,9949,29455,29538,29450,10311
2020-06-09 09:19:46.830000,29505.81,29470,30003,29475,12749,29455,19750,29450,10311
2020-06-09 09:19:47.640000,29505.81,29470,2700,29475,30003,29460,19750,29455,9788
2020-06-09 09:19:48.640000,29505.81,29470,2700,29475,30003,29460,19750,29455,9788
2020-06-09 09:19:49.700000,29505.81,29470,32703,29475,9949,29455,19750,29450,10311
2020-06-09 09:19:51.740000,29505.81,29465,30003,29470,12649,29450,19750,29445,9788
2020-06-09 09:19:52.840000,29505.81,29465,32703,29470,9949,29450,19750,29445,9788
2020-06-09 09:20:00.340000,29485.42,29465,32703,29470,9949,29450,19750,29445,9788
2020-06-09 09:20:01.300000,29485.42,29465,32703,29470,9949,29450,19750,29445,9788
2020-06-09 09:20:05.510000,29484.39,29465,32703,29470,9949,29450,19750,29445,9788
2020-06-09 09:20:07.570000,29484.39,29465,33203,29470,9949,29450,19750,29445,9788
2020-06-09 09:20:08.650000,29484.39,29465,3200,29470,30003,29455,19750,29450,10311
2020-06-09 09:20:10.300000,29484.39,29460,30003,29465,13149,29445,19750,29440,10311
2020-06-09 09:20:11.300000,29484.39,29460,32703,29465,10449,29445,19750,29440,10311
2020-06-09 09:20:12.320000,29484.39,29460,32703,29465,10449,29440,30061,29435,9788
2020-06-09 09:20:13.380000,29484.39,29455,30003,29460,12649,29440,19750,29435,9788
2020-06-09 09:20:14.430000,29500.85,29455,32503,29460,9949,29440,19750,29435,9788
2020-06-09 09:20:15.460000,29500.85,29455,22554,29460,9949,29440,30061,29435,9788
2020-06-09 09:20:15.940000,29500.85,29455,32503,29460,9949,29440,19750,29435,9788
2020-06-09 09:20:16.860000,29500.85,29455,2500,29460,30003,29445,19750,29440,10311
2020-06-09 09:20:18.110000,29500.85,29455,22554,29460,9949,29440,30061,29435,9788
2020-06-09 09:20:18.600000,29500.85,29455,32503,29460,9949,29440,19750,29435,9788
2020-06-09 09:20:19.670000,29500.85,29450,30003,29455,12449,29435,19750,29430,10311
2020-06-09 09:20:20.720000,29500.85,29445,30003,29450,12349,29430,19750,29425,9788
2020-06-09 09:20:21.770000,29500.85,29445,32403,29450,9949,29430,19750,29425,9788
2020-06-09 09:20:22.810000,29500.85,29450,30003,29455,9949,29435,19750,29430,10311
2020-06-09 09:20:23.860000,29500.85,29450,32303,29455,9949,29435,19750,29430,10311
2020-06-09 09:20:25.300000,29479.21,29450,32303,29455,9949,29435,19750,29430,10311
2020-06-09 09:20:26.480000,29479.21,29440,30003,29445,9949,29425,19750,29420,10311
2020-06-09 09:20:27.530000,29479.21,29440,32303,29445,9949,29425,19750,29420,10311
2020-06-09 09:20:28.770000,29479.21,29435,30003,29440,12249,29420,19750,29415,9788
2020-06-09 09:20:29.810000,29479.21,29430,30003,29435,12149,29415,19750,29410,10311
2020-06-09 09:20:30.810000,29479.21,29430,32203,29435,9949,29415,19750,29410,10311
2020-06-09 09:20:33.270000,29479.21,29430,32203,29435,9949,29415,19750,29410,10311
2020-06-09 09:20:38.040000,29469.47,29420,30003,29425,9949,29405,19750,29400,10311
2020-06-09 09:20:39.260000,29469.47,29420,32203,29425,9949,29405,19750,29400,10311
2020-06-09 09:20:41.270000,29469.47,29425,30003,29430,9949,29410,19750,29405,9788
2020-06-09 09:20:42.410000,29469.47,29425,32103,29430,9949,29410,19750,29405,9788
2020-06-09 09:20:43.490000,29469.47,29425,32103,29430,9949,29410,19750,29405,9788
2020-06-09 09:20:44.540000,29449.37,29430,30003,29435,9949,29415,19750,29410,10311
2020-06-09 09:20:44.890000,29449.37,29430,32003,29435,9949,29415,19750,29410,10311
2020-06-09 09:20:46.110000,29449.37,29430,2000,29435,30003,29420,19750,29415,9788
2020-06-09 09:20:46.710000,29449.37,29430,2100,29435,30003,29420,19750,29415,9788
2020-06-09 09:20:47.690000,29449.37,29430,12049,29435,30003,29420,19750,29410,10311
2020-06-09 09:20:48.740000,29449.37,29430,22154,29435,9949,29415,29538,29410,10311
2020-06-09 09:20:49.130000,29449.37,29430,22154,29435,9949,29415,29538,29410,10311
2020-06-09 09:20:50.350000,29449.37,29430,2100,29435,30003,29420,19750,29415,9788
2020-06-09 09:20:50.920000,29449.37,29435,30003,29440,9949,29420,19750,29415,9788
2020-06-09 09:20:51.880000,29449.37,29435,2100,29440,30003,29425,19750,29420,10311
2020-06-09 09:20:53.330000,29449.37,29435,32103,29440,9949,29420,19750,29415,9788
2020-06-09 09:20:54.520000,29451.68,29435,12049,29440,30003,29425,19750,29415,9788
2020-06-09 09:20:54.920000,29451.68,29435,2100,29440,30003,29425,19750,29420,10311
2020-06-09 09:20:56.090000,29451.68,29440,30003,29445,9949,29425,19750,29420,10311
2020-06-09 09:20:56.590000,29451.68,29440,32203,29445,9949,29425,19750,29420,10311
2020-06-09 09:20:58.870000,29451.68,29440,2200,29445,30003,29430,19750,29425,9788
2020-06-09 09:20:59.810000,29451.68,29440,2200,29445,30003,29430,19750,29425,9788
2020-06-09 09:21:00.860000,29451.68,29440,32203,29445,9949,29425,19750,29420,10311
2020-06-09 09:21:01.870000,29451.68,29430,20054,29435,9949,29415,29538,29410,10311
2020-06-09 09:21:02.230000,29451.68,29430,2200,29435,30003,29420,19750,29415,9788
2020-06-09 09:21:03.100000,29451.68,29430,22254,29435,9949,29415,29538,29410,10311
2020-06-09 09:21:03.930000,29451.61,29430,32203,29435,9949,29415,19750,29410,10311
2020-06-09 09:21:05.100000,29451.61,29430,2200,29435,30003,29420,19750,29415,9788
2020-06-09 09:21:05.630000,29451.61,29430,22254,29435,9949,29415,29538,29410,10311
2020-06-09 09:21:06.680000,29451.61,29430,12149,29435,30003,29420,19750,29410,10311
2020-06-09 09:21:07.270000,29451.61,29435,30003,29440,9949,29420,19750,29415,9788
2020-06-09 09:21:08.270000,29451.61,29435,22254,29440,9949,29420,30061,29415,9788
2020-06-09 09:21:09.320000,29451.61,29435,32203,29440,9949,29420,19750,29415,9788
2020-06-09 09:21:10.880000,29451.61,29430,9949,29435,32203,29420,19750,29410,10311
2020-06-09 09:21:11.900000,29451.61,29430,2100,29435,30003,29420,19750,29415,9788
2020-06-09 09:21:12.240000,29451.61,29430,22154,29435,9949,29415,29538,29410,10311
2020-06-09 09:21:13.910000,29455.42,29430,2100,29435,30003,29420,19750,29415,9788
2020-06-09 09:21:15.110000,29455.42,29430,2200,29435,30003,29420,19750,29415,9788
2020-06-09 09:21:15.670000,29455.42,29440,30003,29445,9949,29425,19750,29420,10311
2020-06-09 09:21:16.700000,29455.42,29440,32203,29445,9949,29425,19750,29420,10311
2020-06-09 09:21:19.810000,29455.42,29440,32203,29445,9949,29425,19750,29420,10311
2020-06-09 09:21:20.330000,29455.42,29440,32203,29445,9949,29425,19750,29420,10311
2020-06-09 09:21:21.400000,29455.42,29435,30003,29440,12149,29420,19750,29415,9788
2020-06-09 09:21:22.000000,29455.42,29435,22254,29440,9949,29420,30061,29415,9788
2020-06-09 09:21:22.980000,29455.42,29435,32203,29440,9949,29420,19750,29415,9788
2020-06-09 09:21:24.030000,29449.07,29435,2200,29440,30003,29425,19750,29420,10311
2020-06-09 09:21:24.530000,29449.07,29435,22254,29440,9949,29420,30061,29415,9788
2020-06-09 09:21:25.600000,29449.07,29430,30003,29435,12149,29415,19750,29410,10311
2020-06-09 09:21:26.670000,29449.07,29430,32103,29435,9949,29415,19750,29410,10311
2020-06-09 09:21:32.240000,29449.07,29425,30003,29430,12049,29410,19750,29405,9788
2020-06-09 09:21:33.140000,29449.07,29420,30003,29425,12049,29405,19750,29400,10312
2020-06-09 09:21:34.060000,29450.84,29420,32103,29425,9949,29405,19750,29400,10312
2020-06-09 09:21:35.210000,29450.84,29425,30003,29430,9949,29410,19750,29405,9788
2020-06-09 09:21:36.220000,29450.84,29425,32003,29430,9949,29410,19750,29405,9788
2020-06-09 09:21:36.740000,29450.84,29425,22054,29430,9949,29410,30061,29405,9788
2020-06-09 09:21:37.810000,29450.84,29425,32003,29430,9949,29410,19750,29405,9788
2020-06-09 09:21:39.380000,29450.84,29425,31903,29430,9949,29410,19750,29405,9788
2020-06-09 09:21:39.770000,29450.84,29420,20054,29425,11849,29405,29538,29400,10312
2020-06-09 09:21:40.590000,29450.84,29420,1900,29425,30003,29410,19750,29405,9788
2020-06-09 09:21:41.980000,29450.84,29420,1900,29425,30003,29410,19750,29405,9788
2020-06-09 09:21:42.410000,29450.84,29420,31903,29425,9949,29405,19750,29400,10312
2020-06-09 09:21:43.580000,29450.84,29420,1900,29425,30003,29410,19750,29405,9788
2020-06-09 09:21:45.030000,29448.65,29420,31903,29425,9949,29405,19750,29400,10312
2020-06-09 09:21:46.220000,29448.65,29420,1900,29425,30003,29410,19750,29405,9788
2020-06-09 09:21:46.610000,29448.65,29420,31903,29425,9949,29405,19750,29400,10312
2020-06-09 09:21:47.780000,29448.65,29420,31903,29425,9949,29405,19750,29400,10312
2020-06-09 09:21:49.360000,29448.65,29420,31903,29425,9949,29400,30062,29395,9788
2020-06-09 09:21:50.400000,29448.65,29415,30003,29420,11849,29400,19751,29395,9788
2020-06-09 09:21:50.730000,29448.65,29415,21954,29420,9949,29400,30062,29395,9788
2020-06-09 09:21:51.980000,29448.65,29415,21954,29420,9949,29400,30062,29395,9788
2020-06-09 09:21:53.030000,29448.65,29415,31903,29420,9949,29400,19751,29395,9788
2020-06-09 09:21:55.140000,29431.47,29410,20054,29415,11849,29400,1,29395,29538
2020-06-09 09:21:56.180000,29431.47,29410,31803,29415,9949,29400,1,29395,19750
2020-06-09 09:21:57.230000,29431.47,29405,30003,29410,11749,29390,19750,29385,9788
2020-06-09 09:21:57.570000,29431.47,29405,32003,29410,9949,29390,19750,29385,9788
2020-06-09 09:21:59.970000,29431.47,29400,30003,29405,11949,29385,19750,29380,10311
2020-06-09 09:22:00.860000,29431.47,29400,31903,29405,9949,29385,19750,29380,10311
2020-06-09 09:22:02.020000,29431.47,29405,30003,29410,9949,29390,19750,29385,9788
2020-06-09 09:22:03.060000,29431.47,29400,30003,29405,11849,29385,19750,29380,10311
2020-06-09 09:22:04.110000,29424.85,29400,31803,29405,9949,29385,19750,29380,10311
2020-06-09 09:22:04.500000,29424.85,29395,30003,29400,11749,29380,19750,29375,9788
2020-06-09 09:22:05.670000,29424.85,29395,31803,29400,9949,29380,19750,29375,9788
2020-06-09 09:22:06.090000,29424.85,29395,1800,29400,30003,29385,19750,29380,10311
2020-06-09 09:22:07.240000,29424.85,29405,30003,29410,9949,29390,19750,29385,9788
2020-06-09 09:22:08.270000,29424.85,29405,31803,29410,9949,29390,19750,29385,9788
2020-06-09 09:22:10.300000,29424.85,29405,31803,29410,9949,29390,19750,29385,9788
2020-06-09 09:22:12.500000,29424.85,29400,30003,29405,11749,29385,19750,29380,10311
2020-06-09 09:22:12.940000,29424.85,29400,31803,29405,9949,29385,19750,29380,10311
2020-06-09 09:22:14.080000,29423.28,29400,1700,29405,30003,29390,19750,29385,9788
2020-06-09 09:22:16.190000,29423.28,29400,31703,29405,9949,29385,19750,29380,10311
2020-06-09 09:22:16.790000,29423.28,29400,31703,29405,9949,29385,19750,29380,10311
2020-06-09 09:22:17.780000,29423.28,29400,31703,29405,9949,29385,19750,29380,10311
2020-06-09 09:22:18.840000,29423.28,29400,21754,29405,9949,29385,29538,29380,10311
2020-06-09 09:22:19.290000,29423.28,29400,1700,29405,30003,29390,19750,29385,9788
2020-06-09 09:22:20.430000,29423.28,29400,21754,29405,9949,29385,29538,29380,10311
2020-06-09 09:22:20.890000,29423.28,29400,31703,29405,9949,29385,19750,29380,10311
2020-06-09 09:22:22.010000,29423.28,29400,31703,29405,9949,29385,19750,29380,10311
2020-06-09 09:22:28.700000,29401.23,29395,20054,29400,11649,29380,30061,29375,9788
2020-06-09 09:22:29.430000,29401.23,29395,11649,29400,30003,29385,19750,29375,9788
2020-06-09 09:22:30.480000,29401.23,29395,31703,29400,9949,29380,19750,29375,9788
2020-06-09 09:22:32.070000,29401.23,29385,30003,29390,9949,29370,19750,29365,9788
2020-06-09 09:22:33.130000,29401.23,29375,9949,29380,30003,29365,19750,29355,9788
2020-06-09 09:22:34.200000,29391.9,29375,11649,29380,30003,29365,19750,29355,9788
2020-06-09 09:22:35.260000,29391.9,29375,1700,29380,30003,29365,19750,29360,10311
2020-06-09 09:22:36.320000,29391.9,29375,11749,29380,30003,29365,19750,29355,9788
2020-06-09 09:22:36.770000,29391.9,29375,31803,29380,9949,29360,19750,29355,9788
2020-06-09 09:22:37.910000,29391.9,29375,31803,29380,9949,29360,19750,29355,9788
2020-06-09 09:22:38.480000,29391.9,29370,30003,29375,11749,29355,19750,29350,10311
2020-06-09 09:22:39.460000,29391.9,29370,31803,29375,9949,29355,19750,29350,10311
2020-06-09 09:22:43.210000,29391.9,29370,31803,29375,9949,29355,19750,29350,10311
2020-06-09 09:22:43.770000,29391.03,29365,30003,29370,11749,29350,19750,29345,9788
2020-06-09 09:22:44.800000,29391.03,29365,31703,29370,9949,29350,19750,29345,9788
2020-06-09 09:22:45.300000,29391.03,29360,30003,29365,11649,29345,19750,29340,10311
2020-06-09 09:22:46.380000,29391.03,29360,31703,29365,9949,29345,19750,29340,10311
2020-06-09 09:22:46.940000,29391.03,29360,31703,29365,9949,29345,19750,29340,10311
2020-06-09 09:22:50.580000,29391.03,29365,30003,29370,9949,29350,19750,29345,9788
2020-06-09 09:22:51.660000,29391.03,29365,1600,29370,30003,29355,19750,29350,10311
2020-06-09 09:22:52.740000,29391.03,29365,31603,29370,9949,29350,19750,29345,9788
2020-06-09 09:22:54.740000,29382.79,29370,30003,29375,9949,29355,19750,29350,10311
2020-06-09 09:22:55.880000,29382.79,29365,9949,29370,31603,29355,19750,29345,9788
2020-06-09 09:22:56.860000,29382.79,29365,31603,29370,9949,29350,19750,29345,9788
2020-06-09 09:22:57.130000,29382.79,29365,31603,29370,9949,29350,19750,29345,9788
2020-06-09 09:22:57.970000,29382.79,29360,30003,29365,11549,29345,19750,29340,10311
2020-06-09 09:22:58.440000,29382.79,29360,31603,29365,9949,29345,19750,29340,10311
2020-06-09 09:22:59.870000,29382.79,29355,30003,29360,11549,29340,19750,29335,9788
2020-06-09 09:23:00.700000,29382.79,29355,31603,29360,9949,29340,19750,29335,9788
2020-06-09 09:23:01.660000,29382.79,29355,1600,29360,30003,29345,19750,29340,10311
2020-06-09 09:23:02.720000,29382.79,29355,31603,29360,9949,29340,19750,29335,9788
2020-06-09 09:23:03.800000,29382.79,29355,31603,29360,9949,29340,19750,29335,9788
2020-06-09 09:23:04.300000,29397.93,29360,9949,29365,30003,29350,19750,29340,10311
2020-06-09 09:23:05.360000,29397.93,29360,31603,29365,9949,29345,19750,29340,10311
2020-06-09 09:23:06.340000,29397.93,29360,11549,29365,30003,29350,19750,29340,10311
2020-06-09 09:23:06.840000,29397.93,29360,31603,29365,9949,29345,19750,29340,10311
2020-06-09 09:23:09.000000,29397.93,29360,31603,29365,9949,29345,19750,29340,10311
2020-06-09 09:23:10.040000,29397.93,29360,1600,29365,30003,29350,19748,29345,9788
2020-06-09 09:23:11.140000,29397.93,29360,1600,29365,30003,29350,19748,29345,9788
2020-06-09 09:23:12.180000,29397.93,29360,1600,29365,30003,29345,29536,29340,10311
2020-06-09 09:23:12.640000,29397.93,29360,1600,29365,30003,29350,19748,29345,9788
2020-06-09 09:23:16.980000,29383.6,29360,1700,29365,30003,29350,19748,29345,9788
2020-06-09 09:23:18.040000,29383.6,29360,1800,29365,20054,29350,30059,29345,9788
2020-06-09 09:23:19.060000,29383.6,29370,30003,29375,9949,29355,19748,29350,10311
2020-06-09 09:23:19.510000,29383.6,29370,31803,29375,9949,29355,19748,29350,10311
2020-06-09 09:23:20.650000,29383.6,29365,30003,29370,11749,29350,19748,29345,9788
2020-06-09 09:23:21.700000,29383.6,29365,1800,29370,30003,29355,19748,29350,10311
2020-06-09 09:23:22.740000,29383.6,29370,9949,29375,30003,29360,19748,29350,10311
2020-06-09 09:23:23.790000,29383.6,29370,1900,29375,30003,29360,19748,29355,9788
2020-06-09 09:23:24.840000,29360.45,29370,1900,29375,30003,29360,19748,29355,9788
2020-06-09 09:23:26.410000,29360.45,29375,9949,29380,30003,29365,19748,29355,9788
2020-06-09 09:23:27.460000,29360.45,29375,31903,29380,9949,29360,19748,29355,9788
2020-06-09 09:23:28.460000,29360.45,29375,31903,29380,9949,29360,19748,29355,9788
2020-06-09 09:23:30.680000,29360.45,29375,31903,29380,9949,29360,19748,29355,9788
2020-06-09 09:23:31.130000,29360.45,29370,30003,29375,11849,29355,19748,29350,10311
2020-06-09 09:23:32.240000,29360.45,29380,30003,29385,9949,29365,19748,29360,10311
2020-06-09 09:23:33.290000,29360.45,29380,31903,29385,9949,29365,19748,29360,10311
2020-06-09 09:23:33.740000,29381.92,29375,30003,29380,11849,29360,19748,29355,9788
2020-06-09 09:23:34.880000,29381.92,29375,31803,29380,9949,29360,19748,29355,9788
2020-06-09 09:23:38.030000,29381.92,29375,31803,29380,9949,29360,19748,29355,9788
2020-06-09 09:23:39.610000,29381.92,29370,30003,29375,11749,29355,19748,29350,10311
2020-06-09 09:23:39.940000,29381.92,29370,31803,29375,9949,29355,19748,29350,10311
2020-06-09 09:23:41.170000,29381.92,29370,1800,29375,30003,29360,19748,29355,9788
2020-06-09 09:23:41.640000,29381.92,29370,31803,29375,9949,29355,19748,29350,10311
2020-06-09 09:23:42.530000,29381.92,29380,30003,29385,9949,29365,19748,29360,10311
2020-06-09 09:23:43.780000,29381.92,29375,20054,29380,11749,29360,30059,29355,9788
2020-06-09 09:23:44.090000,29379.85,29375,31803,29380,9949,29360,19748,29355,9788
2020-06-09 09:23:44.940000,29379.85,29370,20054,29375,11749,29355,29536,29350,10311
2020-06-09 09:23:45.880000,29379.85,29370,31703,29375,9949,29355,19748,29350,10311
2020-06-09 09:23:46.530000,29379.85,29365,20054,29370,11649,29350,30059,29345,9788
2020-06-09 09:23:47.480000,29379.85,29365,11649,29370,30003,29355,19748,29345,9788
2020-06-09 09:23:48.520000,29379.85,29365,1700,29370,30003,29355,19748,29350,10311
2020-06-09 09:23:52.030000,29379.85,29365,500,29370,30003,29355,19748,29350,10311
2020-06-09 09:23:53.280000,29379.85,29365,2300,29370,30003,29355,19748,29350,10311
2020-06-09 09:23:53.700000,29393.49,29365,500,29375,30003,29360,19748,29355,9788
2020-06-09 09:23:54.840000,29393.49,29365,2400,29370,30003,29355,19748,29350,10311
2020-06-09 09:24:00.140000,29393.49,29365,32403,29370,9949,29350,19748,29345,9788
2020-06-09 09:24:00.670000,29393.49,29365,32403,29370,9949,29350,19748,29345,9788
2020-06-09 09:24:01.710000,29393.49,29365,2400,29370,30003,29355,19748,29350,10311
2020-06-09 09:24:02.780000,29393.49,29365,32403,29370,9949,29350,19748,29345,9788
2020-06-09 09:24:03.340000,29393.49,29365,32403,29370,9949,29350,19748,29345,9788
2020-06-09 09:24:06.480000,29371.6,29365,32403,29370,9949,29345,29536,29340,10311
2020-06-09 09:24:07.490000,29371.6,29360,20054,29365,12349,29345,29536,29340,10311
2020-06-09 09:24:07.700000,29371.6,29360,1900,29365,30503,29350,19748,29345,9788
2020-06-09 09:24:08.570000,29371.6,29360,1900,29365,30503,29350,19748,29345,9788
2020-06-09 09:24:09.630000,29371.6,29360,21954,29365,10449,29345,29536,29340,10311
2020-06-09 09:24:09.960000,29371.6,29360,1900,29365,30503,29350,19748,29345,9788
2020-06-09 09:24:11.230000,29371.6,29360,31903,29365,10449,29345,19748,29340,10311
2020-06-09 09:24:12.260000,29371.6,29360,1900,29365,30503,29350,19748,29345,9788
2020-06-09 09:24:13.300000,29371.6,29360,31903,29365,10449,29345,19748,29340,10311
2020-06-09 09:24:14.910000,29391.69,29360,31903,29365,10449,29345,19748,29340,10311
2020-06-09 09:24:17.040000,29391.69,29355,9949,29360,31903,29345,19748,29335,9788
2020-06-09 09:24:18.070000,29391.69,29355,21954,29360,9949,29340,30059,29335,9788
2020-06-09 09:24:20.210000,29391.69,29355,31903,29360,9949,29340,19748,29335,9788
2020-06-09 09:24:20.580000,29391.69,29355,11849,29360,30003,29345,19748,29335,9788
2020-06-09 09:24:21.830000,29391.69,29355,21954,29360,9949,29340,30059,29335,9788
2020-06-09 09:24:22.150000,29391.69,29355,21954,29360,9949,29340,30059,29335,9788
2020-06-09 09:24:22.860000,29391.69,29355,31903,29360,9949,29340,19748,29335,9788
2020-06-09 09:24:23.910000,29385.84,29355,11849,29360,30003,29345,19748,29335,9788
2020-06-09 09:24:24.430000,29385.84,29355,31903,29360,9949,29340,19748,29335,9788
2020-06-09 09:24:27.470000,29385.84,29355,1900,29360,30003,29345,19748,29340,10311
2020-06-09 09:24:28.660000,29385.84,29355,31903,29360,9949,29340,19748,29335,9788
2020-06-09 09:24:29.800000,29385.84,29350,20054,29355,11849,29335,29536,29330,10311
2020-06-09 09:24:30.780000,29385.84,29350,21954,29355,9949,29335,29536,29330,10311
2020-06-09 09:24:31.800000,29385.84,29350,21954,29355,9949,29335,29536,29330,10311
2020-06-09 09:24:32.100000,29385.84,29350,1900,29355,30003,29340,19748,29335,9788
2020-06-09 09:24:32.890000,29385.84,29350,600,29355,9949,29345,19748,29335,9788
2020-06-09 09:24:33.970000,29382.99,29350,2000,29360,30003,29345,19748,29340,10311
2020-06-09 09:24:34.980000,29382.99,29350,2000,29360,30003,29340,30059,29335,9788
2020-06-09 09:24:35.300000,29382.99,29350,2000,29355,20054,29340,30059,29335,9788
2020-06-09 09:24:36.080000,29382.99,29350,2000,29355,30003,29340,19748,29335,9788
2020-06-09 09:24:37.620000,29382.99,29350,22054,29355,9949,29335,29536,29330,10311
2020-06-09 09:24:39.200000,29382.99,29350,22054,29355,9949,29335,29536,29330,10311
2020-06-09 09:24:40.280000,29382.99,29350,32003,29355,9949,29335,19748,29330,10311
2020-06-09 09:24:40.590000,29382.99,29350,2000,29355,30003,29340,19748,29335,9788
2020-06-09 09:24:43.950000,29382.99,29350,1600,29360,30003,29345,19748,29340,10311
2020-06-09 09:24:44.260000,29382.33,29360,30003,29365,10449,29345,19748,29340,10311
2020-06-09 09:24:45.010000,29382.33,29360,2100,29365,30503,29350,19748,29345,9788
2020-06-09 09:24:47.200000,29382.33,29360,22154,29365,10449,29345,29536,29340,10311
2020-06-09 09:24:48.180000,29382.33,29360,2100,29365,30503,29350,19748,29345,9788
2020-06-09 09:24:49.530000,29382.33,29360,2200,29365,20554,29350,30059,29345,9788
2020-06-09 09:24:51.100000,29382.33,29360,2200,29365,30503,29350,19748,29345,9788
2020-06-09 09:24:52.460000,29382.33,29360,2300,29365,10449,29355,19748,29345,9788
2020-06-09 09:24:53.440000,29382.33,29360,2300,29365,20554,29350,30059,29345,9788
2020-06-09 09:24:54.630000,29369.81,29360,2300,29365,30503,29350,19748,29345,9788
2020-06-09 09:24:55.570000,29369.81,29365,10449,29370,30003,29355,19748,29345,9788
2020-06-09 09:24:56.610000,29369.81,29365,3000,29370,30003,29355,19748,29350,10311
2020-06-09 09:24:57.100000,29369.81,29365,33003,29370,9949,29350,19748,29345,9788
2020-06-09 09:24:58.440000,29369.81,29365,3000,29370,30003,29355,19748,29350,10311
2020-06-09 09:25:00.270000,29369.81,29365,33003,29370,9949,29350,19748,29345,9788
2020-06-09 09:25:01.310000,29369.81,29365,3000,29370,30003,29355,19748,29350,10311
2020-06-09 09:25:02.880000,29369.81,29365,3100,29370,30003,29355,19748,29350,10311
2020-06-09 09:25:03.330000,29383.71,29365,3100,29370,20054,29355,29536,29350,10311
2020-06-09 09:25:04.440000,29383.71,29365,3100,29370,30003,29355,19748,29350,10311
2020-06-09 09:25:05.700000,29383.71,29365,500,29370,9949,29360,19748,29350,10311
2020-06-09 09:25:06.550000,29383.71,29365,500,29375,30003,29360,19748,29355,9788
2020-06-09 09:25:07.610000,29383.71,29375,13249,29380,30003,29365,19748,29360,2000
2020-06-09 09:25:09.190000,29383.71,29375,33303,29380,9949,29360,21748,29355,9788
2020-06-09 09:25:13.860000,29383.71,29380,30003,29385,9949,29365,19748,29360,12311
2020-06-09 09:25:14.370000,29386.91,29380,3200,29385,30003,29370,19748,29365,9788
2020-06-09 09:25:15.480000,29386.91,29380,3300,29385,30003,29370,19748,29365,9788
2020-06-09 09:25:16.950000,29386.91,29385,9949,29390,30003,29375,19748,29365,9788
2020-06-09 09:25:18.110000,29386.91,29390,20054,29395,9949,29375,29536,29370,10311
2020-06-09 09:25:19.170000,29386.91,29390,3300,29395,30003,29380,19748,29375,9788
2020-06-09 09:25:20.230000,29386.91,29390,23354,29395,9949,29375,29536,29370,10311
2020-06-09 09:25:21.280000,29386.91,29385,30003,29390,13249,29370,19748,29365,9788
2020-06-09 09:25:22.320000,29386.91,29390,30003,29395,9949,29375,19748,29370,10311
2020-06-09 09:25:23.350000,29386.91,29390,3300,29395,30003,29380,19748,29375,9788
2020-06-09 09:25:23.870000,29398.9,29390,23354,29395,9949,29375,29536,29370,10311
2020-06-09 09:25:24.980000,29398.9,29390,33303,29395,9949,29375,19748,29370,10311
2020-06-09 09:25:26.040000,29398.9,29390,3300,29395,30003,29380,19748,29375,9788
2020-06-09 09:25:26.460000,29398.9,29390,23354,29395,9949,29375,29536,29370,10311
2020-06-09 09:25:27.600000,29398.9,29390,3300,29395,30003,29380,19748,29375,9788
2020-06-09 09:25:28.040000,29398.9,29390,3300,29395,30003,29380,19748,29375,9788
2020-06-09 09:25:31.270000,29398.9,29390,3300,29400,30003,29385,19748,29380,10311
2020-06-09 09:25:32.330000,29398.9,29400,30003,29405,9949,29385,19748,29380,10311
2020-06-09 09:25:33.370000,29398.9,29400,3300,29405,30003,29390,19748,29385,9788
2020-06-09 09:25:33.760000,29421.37,29400,3300,29405,30003,29390,19748,29385,9788
2020-06-09 09:25:34.970000,29421.37,29400,3300,29405,20054,29390,30059,29385,9788
2020-06-09 09:25:36.040000,29421.37,29410,30004,29415,9949,29395,19748,29390,10311
2020-06-09 09:25:36.510000,29421.37,29410,1,29415,30003,29400,19748,29395,9788
2020-06-09 09:25:37.580000,29421.37,29410,1,29415,30003,29400,19748,29395,9788
2020-06-09 09:25:38.130000,29421.37,29410,1,29415,30003,29400,19748,29395,9788
2020-06-09 09:25:39.210000,29421.37,29420,33403,29425,9949,29405,19748,29400,10311
2020-06-09 09:25:41.330000,29421.37,29415,30003,29420,13349,29400,19748,29395,9788
2020-06-09 09:25:42.410000,29421.37,29415,33403,29420,9949,29400,19748,29395,9788
2020-06-09 09:25:43.420000,29421.37,29410,30003,29415,13349,29395,19748,29390,10311
2020-06-09 09:25:44.470000,29428.31,29410,33403,29415,9949,29395,19748,29390,10311
2020-06-09 09:25:47.610000,29428.31,29405,30003,29410,13349,29390,19748,29385,9788
2020-06-09 09:25:48.030000,29428.31,29400,30003,29405,13249,29385,19748,29380,10311
2020-06-09 09:25:49.200000,29428.31,29400,33303,29405,9949,29385,19748,29380,10311
2020-06-09 09:25:50.780000,29428.31,29400,30003,29405,9949,29385,19748,29380,10311
2020-06-09 09:25:51.330000,29428.31,29395,20054,29400,13149,29380,30059,29375,9788
2020-06-09 09:25:52.380000,29428.31,29395,13149,29400,30003,29385,19748,29375,9788
2020-06-09 09:25:53.000000,29428.31,29395,3200,29400,30003,29385,19748,29380,10311
2020-06-09 09:25:54.000000,29432.06,29395,23254,29400,9949,29380,30059,29375,9788
2020-06-09 09:25:55.030000,29432.06,29400,30003,29405,9949,29385,19748,29380,10311
2020-06-09 09:25:55.330000,29432.06,29400,33203,29405,9949,29385,19748,29380,10311
2020-06-09 09:25:57.140000,29432.06,29405,30003,29410,9949,29390,19748,29385,9788
2020-06-09 09:25:57.590000,29432.06,29405,23154,29410,9949,29390,30059,29385,9788
2020-06-09 09:25:58.720000,29432.06,29405,33103,29410,9949,29390,19748,29385,9788
2020-06-09 09:25:59.090000,29432.06,29410,30003,29415,9949,29395,19748,29390,10311
2020-06-09 09:26:00.280000,29432.06,29405,30003,29410,12949,29390,19748,29385,9788
2020-06-09 09:26:00.640000,29432.06,29405,3000,29410,30003,29395,19748,29390,10311
2020-06-09 09:26:01.440000,29432.06,29405,3000,29410,30003,29395,19748,29390,10311
2020-06-09 09:26:02.190000,29432.06,29405,3000,29410,30003,29395,19748,29390,10311
2020-06-09 09:26:04.470000,29449.87,29415,30003,29420,9949,29400,19748,29395,9788
2020-06-09 09:26:05.580000,29449.87,29410,30003,29415,12949,29395,19748,29390,10311
2020-06-09 09:26:06.040000,29449.87,29405,20054,29410,12949,29390,30059,29385,9788
2020-06-09 09:26:06.760000,29449.87,29400,30003,29405,12949,29385,19748,29380,10311
2020-06-09 09:26:07.680000,29449.87,29405,30003,29410,9949,29390,19748,29385,9788
2020-06-09 09:26:08.750000,29449.87,29395,30003,29400,9949,29380,19748,29375,9788
2020-06-09 09:26:09.270000,29449.87,29400,30003,29405,9949,29385,19748,29380,10311
2020-06-09 09:26:10.300000,29449.87,29395,30003,29400,12849,29380,19748,29375,9788
2020-06-09 09:26:11.350000,29449.87,29395,32903,29400,9949,29380,19748,29375,9788
2020-06-09 09:26:11.740000,29449.87,29395,2800,29400,30003,29385,19748,29380,10311
2020-06-09 09:26:12.940000,29449.87,29395,32803,29400,9949,29380,19748,29375,9788
2020-06-09 09:26:13.360000,29449.87,29395,12749,29400,30003,29385,19748,29375,9788
2020-06-09 09:26:14.520000,29441.16,29400,30003,29405,9949,29385,19748,29380,10311
2020-06-09 09:26:14.800000,29441.16,29400,32803,29405,9949,29385,19748,29380,10311
2020-06-09 09:26:16.940000,29441.16,29400,22854,29405,9949,29385,29536,29380,10311
2020-06-09 09:26:17.670000,29441.16,29400,32803,29405,9949,29385,19748,29380,10311
2020-06-09 09:26:19.080000,29441.16,29405,9949,29410,30003,29395,19748,29385,10311
2020-06-09 09:26:20.310000,29441.16,29405,32803,29410,9949,29390,19748,29385,10311
2020-06-09 09:26:20.700000,29441.16,29405,12749,29410,30003,29395,19748,29385,10311
2020-06-09 09:26:21.890000,29441.16,29405,2800,29410,30003,29395,19748,29390,9788
2020-06-09 09:26:22.130000,29441.16,29405,22854,29410,9949,29390,29536,29385,10311
2020-06-09 09:26:22.950000,29441.16,29405,32803,29410,9949,29390,19748,29385,10311
2020-06-09 09:26:24.020000,29418.75,29405,22854,29410,9949,29390,29536,29385,10311
2020-06-09 09:26:24.560000,29418.75,29405,32803,29410,9949,29390,19748,29385,10311
2020-06-09 09:26:26.030000,29418.75,29400,20054,29405,12749,29385,30059,29380,9788
2020-06-09 09:26:27.150000,29418.75,29400,22754,29405,9949,29385,30059,29380,9788
2020-06-09 09:26:27.440000,29418.75,29400,32703,29405,9949,29385,19748,29380,9788
2020-06-09 09:26:29.780000,29418.75,29400,22754,29405,9949,29385,30059,29380,9788
2020-06-09 09:26:30.140000,29418.75,29400,32703,29405,9949,29385,19748,29380,9788
2020-06-09 09:26:30.830000,29418.75,29400,12649,29405,30003,29390,19748,29380,9788
2020-06-09 09:26:31.890000,29418.75,29400,2700,29405,30003,29390,19748,29385,10311
2020-06-09 09:26:32.230000,29418.75,29400,22754,29405,9949,29385,30059,29380,9788
2020-06-09 09:26:32.870000,29418.75,29400,2700,29405,30003,29390,19748,29385,10311
2020-06-09 09:26:33.980000,29418.75,29400,12649,29405,9949,29395,19748,29380,9788
2020-06-09 09:26:34.230000,29453.92,29405,9949,29410,30003,29395,17445,29385,10311
2020-06-09 09:26:36.040000,29453.92,29405,10549,29410,30003,29395,17445,29385,10311
2020-06-09 09:26:37.170000,29453.92,29400,9949,29405,30703,29390,17445,29380,9788
2020-06-09 09:26:37.600000,29453.92,29400,10649,29405,30703,29390,17445,29380,9788
2020-06-09 09:26:38.900000,29453.92,29400,700,29405,10649,29395,17445,29385,10311
2020-06-09 09:26:40.170000,29453.92,29405,10649,29410,9949,29400,16743,29385,10311
2020-06-09 09:26:41.370000,29453.92,29405,10649,29410,9949,29400,16743,29385,10311
2020-06-09 09:26:41.840000,29453.92,29410,9949,29415,30003,29400,15235,29390,9788
2020-06-09 09:26:42.950000,29453.92,29410,9949,29415,30003,29400,15235,29390,9788
2020-06-09 09:26:43.980000,29431.81,29415,9949,29420,30003,29405,15235,29395,10311
2020-06-09 09:26:45.340000,29431.81,29410,9949,29415,30003,29400,15235,29390,9788
2020-06-09 09:26:46.520000,29431.81,29410,9949,29415,30003,29400,15235,29390,9788
2020-06-09 09:26:47.680000,29431.81,29410,9949,29415,9949,29405,15235,29390,9788
2020-06-09 09:26:48.770000,29431.81,29415,30003,29420,9949,29400,15235,29395,10311
2020-06-09 09:26:49.820000,29431.81,29410,9949,29415,9949,29405,15235,29390,9788
2020-06-09 09:26:50.130000,29431.81,29415,30003,29420,9949,29400,15235,29395,10311
2020-06-09 09:26:50.880000,29431.81,29410,9949,29415,9949,29405,15235,29390,9788
2020-06-09 09:26:51.940000,29431.81,29415,9949,29420,30003,29405,15235,29395,10311
2020-06-09 09:26:53.100000,29431.81,29410,9949,29415,30003,29400,15235,29390,9788
2020-06-09 09:26:54.050000,29445.61,29405,9949,29410,30003,29395,15235,29385,10311
2020-06-09 09:26:55.050000,29445.61,29410,9949,29415,30003,29400,15235,29390,9788
2020-06-09 09:26:58.240000,29445.61,29410,9949,29415,30003,29400,15234,29390,9788
2020-06-09 09:27:00.380000,29445.61,29410,9949,29415,30003,29400,15234,29390,9788
2020-06-09 09:27:01.440000,29445.61,29420,9949,29425,30003,29410,15234,29400,9788
2020-06-09 09:27:01.920000,29445.61,29425,9949,29430,30003,29415,15234,29405,10311
2020-06-09 09:27:03.020000,29445.61,29430,9949,29435,30003,29420,15234,29410,9788
2020-06-09 09:27:04.080000,29424.05,29425,9949,29430,30003,29415,15234,29405,10311
2020-06-09 09:27:05.140000,29424.05,29425,9949,29430,30003,29415,15234,29405,10311
2020-06-09 09:27:05.600000,29424.05,29420,9949,29425,30003,29410,15234,29400,9788
2020-06-09 09:27:06.740000,29424.05,29425,9949,29430,30003,29410,15234,29405,10311
2020-06-09 09:27:06.970000,29424.05,29420,9949,29425,30003,29410,15234,29400,9788
2020-06-09 09:27:07.800000,29424.05,29425,9949,29430,30003,29415,15234,29405,10311
2020-06-09 09:27:08.860000,29424.05,29425,9949,29430,30003,29415,15234,29405,10311
2020-06-09 09:27:09.170000,29424.05,29430,9949,29435,30003,29420,15234,29410,9788
2020-06-09 09:27:09.970000,29424.05,29430,30003,29435,9949,29415,15234,29410,9788
2020-06-09 09:27:10.970000,29424.05,29425,9949,29430,30003,29415,15234,29405,10311
2020-06-09 09:27:14.640000,29431.51,29430,9949,29435,30003,29420,15234,29410,9788
2020-06-09 09:27:16.170000,29431.51,29430,9949,29435,30003,29420,15234,29410,9788
2020-06-09 09:27:16.370000,29431.51,29430,9949,29435,30003,29420,15234,29410,9788
2020-06-09 09:27:17.280000,29431.51,29430,9949,29435,30003,29420,15234,29410,9788
2020-06-09 09:27:17.830000,29431.51,29430,9949,29435,30003,29420,15234,29410,9788
2020-06-09 09:27:18.870000,29431.51,29430,30003,29435,9949,29410,25022,29405,10311
2020-06-09 09:27:19.200000,29431.51,29425,9949,29430,30003,29410,15234,29405,10311
2020-06-09 09:27:20.230000,29431.51,29425,9949,29430,30003,29410,15234,29405,10311
2020-06-09 09:27:22.060000,29431.51,29425,9949,29430,30003,29415,15234,29405,10311
2020-06-09 09:27:22.500000,29431.51,29425,20054,29430,9949,29410,25022,29405,10311
2020-06-09 09:27:23.120000,29431.51,29425,20054,29430,9949,29410,25022,29405,10311
2020-06-09 09:27:24.170000,29446.69,29425,9949,29430,30003,29415,15234,29405,10311
2020-06-09 09:27:24.390000,29446.69,29430,30003,29435,9949,29410,25022,29405,10311
2020-06-09 09:27:25.230000,29446.69,29425,9949,29430,30003,29415,15234,29405,10311
2020-06-09 09:27:25.460000,29446.69,29430,30003,29435,9949,29415,15234,29410,9788
2020-06-09 09:27:27.340000,29446.69,29440,30003,29445,9949,29425,15234,29420,9788
2020-06-09 09:27:29.430000,29446.69,29435,20054,29440,9949,29420,25022,29415,10311
2020-06-09 09:27:29.880000,29446.69,29440,30003,29445,9949,29425,15234,29420,9788
2020-06-09 09:27:32.060000,29446.69,29440,30003,29445,9949,29425,15234,29420,9788
2020-06-09 09:27:32.520000,29446.69,29440,30003,29445,9949,29425,15234,29420,9788
2020-06-09 09:27:36.270000,29457.2,29435,20054,29440,9949,29420,25022,29415,10311
2020-06-09 09:27:36.690000,29457.2,29440,30003,29445,9949,29425,15234,29420,9788
2020-06-09 09:27:38.380000,29457.2,29440,30503,29445,9949,29425,15234,29420,9788
2020-06-09 09:27:39.930000,29457.2,29440,30503,29445,9949,29425,15234,29420,9788
2020-06-09 09:27:42.040000,29457.2,29440,30503,29445,9949,29425,15234,29420,9788
2020-06-09 09:27:43.100000,29457.2,29440,500,29445,30003,29425,25545,29420,9788
2020-06-09 09:27:43.460000,29457.2,29440,500,29445,30003,29430,15234,29425,10311
2020-06-09 09:27:44.830000,29438.9,29440,30503,29445,9949,29425,15234,29420,9788
2020-06-09 09:27:47.330000,29438.9,29440,30503,29445,9949,29425,15234,29420,9788
2020-06-09 09:27:47.570000,29438.9,29435,9949,29440,30503,29425,15234,29415,10311
2020-06-09 09:27:48.390000,29438.9,29440,30503,29445,9949,29425,15234,29420,9788
2020-06-09 09:27:49.000000,29438.9,29435,20054,29440,10449,29420,25022,29415,10311
2020-06-09 09:27:49.970000,29438.9,29440,30503,29445,9949,29425,15234,29420,9788
2020-06-09 09:27:52.560000,29438.9,29440,500,29445,30003,29425,25545,29420,9788
2020-06-09 09:27:52.780000,29438.9,29440,10449,29445,30003,29430,15234,29420,9788
2020-06-09 09:27:53.630000,29438.9,29440,500,29445,30003,29430,15234,29425,10311
2020-06-09 09:27:54.720000,29457.04,29440,30503,29445,9949,29425,15234,29420,9788
2020-06-09 09:27:54.920000,29457.04,29440,30503,29445,9949,29425,15234,29420,9788
2020-06-09 09:27:55.750000,29457.04,29435,30003,29440,10449,29420,15234,29415,10311
2020-06-09 09:27:56.840000,29457.04,29440,30503,29445,9949,29425,15234,29420,9788
2020-06-09 09:27:58.410000,29457.04,29435,20054,29440,10449,29420,25022,29415,10311
2020-06-09 09:27:58.800000,29457.04,29435,20054,29440,10449,29420,25022,29415,10311
2020-06-09 09:27:59.980000,29457.04,29435,20054,29440,10449,29420,25022,29415,10311
2020-06-09 09:28:00.330000,29457.04,29440,30503,29445,9949,29420,25022,29415,10311
2020-06-09 09:28:01.030000,29457.04,29440,30503,29445,9949,29425,15234,29420,9788
2020-06-09 09:28:02.090000,29457.04,29440,30503,29445,9949,29425,15234,29420,9788
2020-06-09 09:28:03.120000,29457.04,29435,30003,29440,10449,29420,15234,29415,10311
2020-06-09 09:28:06.260000,29446.38,29435,30003,29440,10449,29420,15234,29415,10311
2020-06-09 09:28:06.530000,29446.38,29440,30503,29445,9949,29420,25022,29415,10311
2020-06-09 09:28:07.330000,29446.38,29435,30003,29440,10449,29420,15234,29415,10311
2020-06-09 09:28:10.670000,29446.38,29430,20054,29435,9949,29415,25545,29410,9788
2020-06-09 09:28:11.530000,29446.38,29430,30003,29435,9949,29415,15234,29410,9788
2020-06-09 09:28:12.900000,29446.38,29430,9949,29435,30003,29420,15234,29410,9788
2020-06-09 09:28:13.670000,29466.61,29430,9949,29435,30003,29420,15234,29410,9788
2020-06-09 09:28:14.670000,29466.61,29435,30003,29440,10449,29420,15234,29415,10311
2020-06-09 09:28:15.140000,29466.61,29430,30003,29435,9949,29415,15234,29410,9788
2020-06-09 09:28:15.840000,29466.61,29425,30003,29430,9949,29410,15234,29405,10311
2020-06-09 09:28:17.920000,29466.61,29420,30003,29425,9949,29405,15234,29400,9788
2020-06-09 09:28:19.920000,29466.61,29425,30003,29430,9949,29410,15234,29405,10311
2020-06-09 09:28:20.210000,29466.61,29425,30003,29430,9949,29410,15234,29405,10311
2020-06-09 09:28:20.980000,29466.61,29430,30003,29435,9949,29415,15234,29410,9788
2020-06-09 09:28:21.520000,29466.61,29425,9949,29430,30003,29415,15234,29405,10311
2020-06-09 09:28:22.570000,29466.61,29430,30003,29435,9949,29415,15234,29410,9788
2020-06-09 09:28:24.490000,29462.01,29435,30003,29440,10449,29420,15234,29410,9788
2020-06-09 09:28:25.350000,29462.01,29435,30003,29440,10449,29420,15234,29415,10311
2020-06-09 09:28:40.230000,29464.64,29430,9949,29435,30003,29420,15234,29410,9788
2020-06-09 09:28:41.090000,29464.64,29435,30003,29440,10449,29420,15234,29415,10311
2020-06-09 09:28:45.260000,29449.21,29440,30503,29445,9949,29425,15234,29420,9788
2020-06-09 09:28:45.820000,29449.21,29440,500,29445,30003,29430,15234,29425,10311
2020-06-09 09:28:46.890000,29449.21,29440,30503,29445,9949,29425,15234,29420,9788
2020-06-09 09:28:48.630000,29449.21,29440,500,29445,30003,29430,15234,29425,10311
2020-06-09 09:28:49.540000,29449.21,29440,30503,29445,9949,29425,15234,29420,9788
2020-06-09 09:28:50.590000,29449.21,29440,500,29445,9949,29435,15234,29425,10311
2020-06-09 09:28:51.130000,29449.21,29450,30003,29455,9949,29435,17234,29430,9788
2020-06-09 09:28:52.180000,29449.21,29450,30003,29455,9949,29435,17234,29430,9788
2020-06-09 09:28:53.230000,29449.21,29445,30003,29450,9949,29430,15234,29425,10311
2020-06-09 09:28:56.910000,29447.76,29440,30003,29445,9949,29425,15234,29420,9788
2020-06-09 09:28:58.480000,29447.76,29445,30003,29450,9949,29430,15234,29425,10311
2020-06-09 09:29:00.050000,29447.76,29445,20054,29450,9949,29430,25022,29425,10311
2020-06-09 09:29:00.400000,29447.76,29445,30003,29450,9949,29430,15234,29425,10311
2020-06-09 09:29:03.720000,29463.23,29440,20054,29445,9949,29425,25545,29420,9788
2020-06-09 09:29:04.830000,29463.23,29440,30003,29445,9949,29425,15234,29420,9788
2020-06-09 09:29:05.880000,29463.23,29440,9949,29445,30003,29430,15234,29420,9788
2020-06-09 09:29:06.860000,29463.23,29440,30003,29445,9949,29425,15234,29420,9788
2020-06-09 09:29:07.970000,29463.23,29440,30003,29445,9949,29425,15234,29420,9788
2020-06-09 09:29:08.240000,29463.23,29440,9949,29445,30003,29430,15234,29420,9788
2020-06-09 09:29:09.030000,29463.23,29440,9949,29445,30003,29430,15234,29420,9788
2020-06-09 09:29:09.470000,29463.23,29440,30003,29445,9949,29425,15234,29420,9788
2020-06-09 09:29:15.240000,29465.74,29435,30003,29440,9949,29420,15234,29415,10311
2020-06-09 09:29:16.410000,29465.74,29435,20054,29440,9949,29420,25022,29415,10311
2020-06-09 09:29:16.690000,29465.74,29440,30003,29445,9949,29425,15234,29420,9788
2020-06-09 09:29:17.450000,29465.74,29450,30003,29455,9949,29435,15234,29430,9788
2020-06-09 09:29:18.520000,29465.74,29450,9949,29455,30003,29440,15234,29430,9788
2020-06-09 09:29:18.860000,29465.74,29450,9949,29455,30003,29440,15234,29430,9788
2020-06-09 09:29:20.080000,29465.74,29450,30003,29455,9949,29435,15234,29430,9788
2020-06-09 09:29:20.390000,29465.74,29455,30003,29460,9949,29440,15234,29430,9788
2020-06-09 09:29:21.120000,29465.74,29450,30003,29455,9949,29435,15234,29430,9788
2020-06-09 09:29:22.640000,29465.74,29455,30003,29460,9949,29440,15234,29435,10311
2020-06-09 09:29:23.330000,29465.74,29450,30003,29455,9949,29435,15234,29430,9788
2020-06-09 09:29:24.260000,29468.22,29450,9949,29455,30003,29440,15234,29430,9788
2020-06-09 09:29:24.700000,29468.22,29450,30003,29455,9949,29435,15234,29430,9788
2020-06-09 09:29:25.920000,29468.22,29450,9949,29455,30003,29440,15234,29430,9788
2020-06-09 09:29:27.290000,29468.22,29455,30003,29460,9949,29440,15234,29435,10311
2020-06-09 09:29:28.430000,29468.22,29460,30003,29465,10449,29445,15234,29440,9788
2020-06-09 09:29:29.480000,29468.22,29455,20054,29460,9949,29440,25022,29435,10311
2020-06-09 09:29:30.530000,29468.22,29455,30003,29460,9949,29440,15234,29435,10311
2020-06-09 09:29:30.820000,29468.22,29455,9949,29460,30003,29445,15234,29435,10311
2020-06-09 09:29:31.610000,29468.22,29460,30003,29465,10449,29440,25022,29435,10311
2020-06-09 09:29:32.670000,29468.22,29455,30003,29460,9949,29440,15234,29435,10311
2020-06-09 09:29:34.780000,29469.84,29455,9949,29460,30003,29445,15234,29435,10311
2020-06-09 09:29:35.790000,29469.84,29455,9949,29460,30003,29445,15234,29435,10311
2020-06-09 09:29:35.990000,29469.84,29460,30003,29465,10449,29445,15234,29440,9788
2020-06-09 09:29:36.880000,29469.84,29455,9949,29460,30003,29445,15234,29435,10311
2020-06-09 09:29:37.930000,29469.84,29460,30003,29465,10449,29445,15234,29440,9788
2020-06-09 09:29:38.130000,29469.84,29455,9949,29460,30003,29445,15234,29435,10311
2020-06-09 09:29:40.130000,29469.84,29460,30003,29465,10449,29445,15234,29440,9788
2020-06-09 09:29:44.560000,29470.44,29455,20054,29460,9949,29440,25022,29435,10311
2020-06-09 09:29:45.220000,29470.44,29450,30003,29455,9949,29435,15234,29430,9788
2020-06-09 09:29:46.330000,29470.44,29450,30003,29455,9949,29435,15234,29430,9788
2020-06-09 09:29:46.690000,29470.44,29450,20054,29455,9949,29435,25545,29430,9788
2020-06-09 09:29:47.410000,29470.44,29450,30003,29455,9949,29435,15234,29430,9788
2020-06-09 09:29:48.770000,29470.44,29450,9949,29455,30003,29440,15234,29430,9788
2020-06-09 09:29:49.980000,29470.44,29450,30003,29455,9949,29435,15234,29430,9788
2020-06-09 09:29:52.120000,29470.44,29450,30003,29455,9949,29435,15234,29430,9788
2020-06-09 09:29:54.920000,29493.92,29450,30003,29455,9949,29435,15234,29430,9788
2020-06-09 09:29:57.120000,29493.92,29450,30003,29455,9949,29435,15234,29430,9788
2020-06-09 09:29:57.980000,29493.92,29445,30003,29450,9949,29430,15234,29425,10311
2020-06-09 09:29:59.090000,29493.92,29440,20054,29445,9949,29425,25545,29420,9788
2020-06-09 09:30:00.080000,29493.92,29440,30003,29445,9949,29425,15234,29420,9788
2020-06-09 09:30:00.560000,29493.92,29445,30003,29450,9949,29430,15234,29425,10311
2020-06-09 09:30:02.860000,29493.92,29450,30003,29455,9949,29435,15234,29430,9788
2020-06-09 09:30:04.400000,29488.97,29450,30003,29455,9949,29435,15234,29430,9788
2020-06-09 09:30:05.370000,29488.97,29450,20054,29455,9949,29435,25545,29430,9788
2020-06-09 09:30:06.430000,29488.97,29450,9949,29455,30003,29440,15234,29430,9788
2020-06-09 09:30:06.790000,29488.97,29450,30003,29455,9949,29435,15234,29430,9788
2020-06-09 09:30:07.530000,29488.97,29455,30003,29460,9949,29435,15234,29430,9788
2020-06-09 09:30:08.600000,29488.97,29450,30003,29455,9949,29435,15234,29430,9788
2020-06-09 09:30:14.070000,29493.18,29450,9949,29455,30003,29440,15234,29430,9788
2020-06-09 09:30:14.930000,29493.18,29450,9949,29455,30003,29440,15234,29430,9788
2020-06-09 09:30:16.120000,29493.18,29450,30003,29455,9949,29435,15234,29430,9788
2020-06-09 09:30:17.460000,29493.18,29445,20054,29450,9949,29430,25022,29425,10311
2020-06-09 09:30:18.630000,29493.18,29445,9949,29450,30003,29435,15234,29425,10311
2020-06-09 09:30:19.040000,29493.18,29450,30003,29455,9949,29435,15234,29430,9788
2020-06-09 09:30:20.100000,29493.18,29445,9949,29450,30003,29435,15234,29425,10311
2020-06-09 09:30:20.630000,29493.18,29445,30003,29450,9949,29430,15234,29425,10311
2020-06-09 09:30:21.990000,29493.18,29445,30003,29450,9949,29430,15234,29425,10311
2020-06-09 09:30:23.910000,29497.19,29440,30003,29445,9949,29425,15234,29420,9788
2020-06-09 09:30:24.130000,29497.19,29435,20054,29440,9949,29420,25022,29415,10311
2020-06-09 09:30:24.960000,29497.19,29435,9949,29440,30003,29425,15234,29415,10311
2020-06-09 09:30:26.000000,29497.19,29440,30003,29445,9949,29425,15234,29420,9788
2020-06-09 09:30:30.740000,29497.19,29435,9949,29440,30003,29425,15234,29415,10311
2020-06-09 09:30:31.740000,29497.19,29440,30003,29445,9949,29425,15234,29420,9788
2020-06-09 09:30:32.850000,29497.19,29435,30003,29440,9949,29420,15234,29415,10311
2020-06-09 09:30:36.530000,29476.48,29430,20054,29435,9949,29415,25545,29410,9788
2020-06-09 09:30:36.920000,29476.48,29430,30003,29435,9949,29415,15234,29410,9788
2020-06-09 09:30:37.800000,29476.48,29430,20054,29435,9949,29415,25545,29410,9788
2020-06-09 09:30:38.840000,29476.48,29425,30003,29430,9949,29410,15234,29405,10311
2020-06-09 09:30:39.870000,29476.48,29425,30003,29430,9949,29410,15234,29405,10311
2020-06-09 09:30:40.790000,29476.48,29420,30003,29425,9949,29405,15234,29400,9788
2020-06-09 09:30:42.880000,29476.48,29415,30003,29420,9949,29400,15234,29395,10311
2020-06-09 09:30:45.010000,29466.31,29420,30003,29425,9949,29405,15234,29400,9788
2020-06-09 09:30:46.570000,29466.31,29415,20054,29420,9949,29400,25021,29395,10311
2020-06-09 09:30:46.990000,29466.31,29415,30003,29420,9949,29400,15233,29395,10311
2020-06-09 09:30:49.240000,29466.31,29425,30003,29430,9949,29410,15233,29405,10311
2020-06-09 09:30:50.230000,29466.31,29425,30003,29430,9949,29410,15233,29405,10311
2020-06-09 09:30:51.800000,29466.31,29430,30003,29435,9949,29415,15233,29410,9788
2020-06-09 09:30:52.190000,29466.31,29425,30003,29430,9949,29410,15233,29405,10311
2020-06-09 09:30:53.900000,29466.31,29425,30003,29430,9949,29410,15233,29405,10311
2020-06-09 09:30:57.050000,29461.42,29430,30003,29435,9949,29415,15233,29410,9788
2020-06-09 09:31:00.740000,29461.42,29425,30003,29430,9949,29410,15233,29405,10311
2020-06-09 09:31:01.210000,29461.42,29425,30003,29430,9949,29410,15233,29405,10311
2020-06-09 09:31:02.320000,29461.42,29420,9949,29425,30003,29410,15233,29400,9788
2020-06-09 09:31:02.800000,29461.42,29415,20054,29420,9949,29400,25021,29395,10311
2020-06-09 09:31:03.880000,29464.63,29410,20054,29420,9949,29395,15233,29360,2000
2020-06-09 09:31:05.360000,29464.63,29410,20054,29465,500,29395,15233,29360,2000
2020-06-09 09:31:07.550000,29464.63,29405,20054,29465,500,29390,15233,29360,2000
2020-06-09 09:31:08.890000,29464.63,29410,20054,29465,500,29395,15233,29360,2000
2020-06-09 09:31:09.660000,29464.63,29405,20054,29465,500,29390,15233,29360,2000
2020-06-09 09:31:10.720000,29464.63,29410,20054,29465,500,29395,15233,29360,2000
2020-06-09 09:31:12.310000,29464.63,29410,20067,29465,500,29395,15233,29360,2000
2020-06-09 09:31:12.770000,29464.63,29410,20067,29465,500,29395,15233,29360,2000
2020-06-09 09:31:16.700000,29459.19,29405,20054,29410,13,29390,15233,29360,2000
2020-06-09 09:31:17.540000,29459.19,29405,20067,29465,500,29390,15233,29360,2000
2020-06-09 09:31:18.700000,29459.19,29400,20054,29405,13,29385,15233,29360,2000
2020-06-09 09:31:19.670000,29459.19,29400,13,29405,20054,29390,15233,29360,2000
2020-06-09 09:31:20.090000,29459.19,29400,20067,29465,500,29385,15233,29360,2000
2020-06-09 09:31:21.260000,29459.19,29400,20067,29465,500,29385,15233,29360,2000
2020-06-09 09:31:21.620000,29459.19,29400,20067,29465,500,29385,15233,29360,2000
2020-06-09 09:31:23.170000,29459.19,29400,20567,29465,500,29385,15233,29360,2000
2020-06-09 09:31:24.960000,29452.42,29400,20567,29465,500,29385,15233,29360,2000
2020-06-09 09:31:26.340000,29452.42,29395,20054,29400,513,29380,15233,29360,2000
2020-06-09 09:31:27.090000,29452.42,29395,20067,29400,500,29380,15233,29360,2000
2020-06-09 09:31:30.670000,29452.42,29390,20054,29395,13,29375,15233,29360,2000
2020-06-09 09:31:31.810000,29452.42,29390,20067,29400,500,29375,15233,29360,2000
2020-06-09 09:31:33.380000,29452.42,29390,13,29395,20054,29380,15233,29360,2000
2020-06-09 09:31:35.660000,29455.18,29390,13,29395,20054,29380,15233,29360,2000
2020-06-09 09:31:37.630000,29455.18,29390,13,29395,20054,29380,15233,29360,2000
2020-06-09 09:31:37.930000,29455.18,29390,13,29395,20054,29380,15233,29360,2000
2020-06-09 09:31:39.990000,29455.18,29400,20554,29465,500,29385,15233,29360,2000
2020-06-09 09:31:43.460000,29455.18,29400,20554,29465,500,29385,15233,29360,2000
2020-06-09 09:31:44.690000,29436.58,29400,500,29405,20054,29390,15233,29360,2000
