time,nav,sell1,sell1_cnt,sell2,sell2_cnt,buy1,buy1_cnt,buy2,buy2_cnt
2020-06-04 09:26:14.790000,0.0,28945,33101,28950,15000,28930,14829,28925,4692
2020-06-04 09:26:16.270000,0.0,28950,33213,28955,14888,28935,14829,28930,5000
2020-06-04 09:26:17.410000,0.0,28940,33213,28945,14888,28925,14829,28920,5000
2020-06-04 09:26:20.540000,0.0,28940,33213,28945,14888,28925,14829,28920,5000
2020-06-04 09:26:21.410000,0.0,28935,33101,28940,15000,28920,14829,28915,4692
2020-06-04 09:26:22.250000,0.0,28940,33213,28945,14888,28925,14829,28920,5000
2020-06-04 09:26:23.080000,0.0,28945,33101,28950,15000,28930,14829,28925,4692
2020-06-04 09:26:23.940000,28961.96,28940,33213,28945,14888,28925,14829,28920,5000
2020-06-04 09:26:25.530000,28961.96,28945,33101,28950,15000,28930,14829,28925,4692
2020-06-04 09:26:26.510000,28961.96,28950,33213,28955,14888,28935,14829,28930,5000
2020-06-04 09:26:28.240000,28961.96,28950,28213,28955,14888,28935,19521,28930,5000
2020-06-04 09:26:29.430000,28961.96,28955,33101,28960,15000,28940,14829,28935,4692
2020-06-04 09:26:30.300000,28961.96,28955,33101,28960,15000,28940,14829,28935,4692
2020-06-04 09:26:31.330000,28961.96,28965,33101,28970,15000,28950,14829,28945,4692
2020-06-04 09:26:32.380000,28961.96,28965,33101,28970,15000,28950,14829,28945,4692
2020-06-04 09:26:33.320000,28978.71,28965,33101,28970,15000,28950,14829,28945,4692
2020-06-04 09:26:34.330000,28978.71,28970,33101,28975,15000,28955,14829,28950,5000
2020-06-04 09:26:35.240000,28978.71,28970,33101,28975,15000,28955,14829,28950,5000
2020-06-04 09:26:36.240000,28978.71,28965,33213,28970,14888,28950,14829,28945,4692
2020-06-04 09:26:37.160000,28978.71,28970,33101,28975,15000,28955,14829,28950,5000
2020-06-04 09:26:39.130000,28978.71,28965,33213,28970,14888,28950,14829,28945,4692
2020-06-04 09:26:40.110000,28978.71,28970,33101,28975,15000,28955,14829,28950,5000
2020-06-04 09:26:40.720000,28978.71,28960,33101,28965,15000,28945,14829,28940,5000
2020-06-04 09:26:41.640000,28978.71,28965,33213,28970,14888,28950,14829,28945,4692
2020-06-04 09:26:44.240000,28977.77,28960,33101,28965,15000,28945,14829,28940,5000
2020-06-04 09:26:45.180000,28977.77,28975,33101,28980,19000,28960,14829,28955,4692
2020-06-04 09:26:46.240000,28977.77,28980,4000,28985,33101,28965,19521,28960,5000
2020-06-04 09:26:47.470000,28977.77,28970,33213,28975,14888,28955,14829,28950,5000
2020-06-04 09:26:48.540000,28977.77,28965,28213,28970,15000,28950,14829,28945,14692
2020-06-04 09:26:49.580000,28977.77,28975,33101,28980,15000,28960,14829,28955,4692
2020-06-04 09:26:50.640000,28977.77,28960,5000,28965,33101,28950,14829,28940,5000
2020-06-04 09:26:51.650000,28977.77,28970,5000,28975,33101,28960,14829,28950,5000
2020-06-04 09:26:52.770000,28986.63,28975,4888,28980,37213,28965,14829,28955,4692
2020-06-04 09:26:53.540000,28986.63,28975,4888,28980,37213,28960,14829,28955,4692
2020-06-04 09:26:54.440000,28986.63,28980,5000,28985,33101,28965,14829,28960,5000
2020-06-04 09:26:55.500000,28986.63,28985,4888,28990,33213,28970,14829,28965,4692
2020-06-04 09:26:56.330000,28986.63,28985,4888,28990,33213,28970,14829,28965,4692
2020-06-04 09:26:57.240000,28986.63,28985,4888,28990,33213,28970,14829,28965,4692
2020-06-04 09:26:58.290000,28986.63,28985,4888,28990,33213,28970,14829,28965,4692
2020-06-04 09:26:59.520000,28986.63,28980,5000,28985,33101,28965,14829,28960,15000
2020-06-04 09:27:01.080000,28986.63,28990,5000,28995,33101,28975,14829,28970,5000
2020-06-04 09:27:01.550000,28986.63,28985,4888,28990,33213,28970,14829,28965,14692
2020-06-04 09:27:02.150000,28986.63,28980,5000,28985,33101,28965,24829,28960,5000
2020-06-04 09:27:03.130000,28986.63,28980,5000,28985,33101,28965,14829,28960,5000
2020-06-04 09:27:04.880000,29010.56,28985,4888,28990,33213,28970,14829,28965,4692
2020-06-04 09:27:05.700000,29010.56,28980,5000,28985,33101,28965,14829,28960,5000
2020-06-04 09:27:06.640000,29010.56,28985,33101,28990,15000,28965,19521,28960,5000
2020-06-04 09:27:07.500000,29010.56,28980,33213,28985,14888,28960,19829,28955,4692
2020-06-04 09:27:08.640000,29010.56,28980,33213,28985,14888,28960,19829,28955,4692
2020-06-04 09:27:09.640000,29010.56,28980,33213,28985,14888,28960,19829,28955,4692
2020-06-04 09:27:10.770000,29010.56,28975,4888,28980,33213,28960,19829,28955,4692
2020-06-04 09:27:11.740000,29010.56,28975,4888,28980,33213,28960,19829,28955,4692
2020-06-04 09:27:12.680000,29010.56,28975,4888,28980,33213,28960,19829,28955,4692
2020-06-04 09:27:13.600000,29018.4,28980,5000,28985,33101,28965,4692,28960,19829
2020-06-04 09:27:14.440000,29018.4,28980,5000,28985,33101,28965,19521,28960,5000
2020-06-04 09:27:15.240000,29018.4,28975,4888,28980,33213,28960,19829,28955,14692
2020-06-04 09:27:17.150000,29018.4,28980,5000,28985,33101,28965,19521,28960,5000
2020-06-04 09:27:18.040000,29018.4,28985,4888,28990,33213,28970,19829,28965,4692
2020-06-04 09:27:19.270000,29018.4,28985,4888,28990,33213,28970,19829,28965,4692
2020-06-04 09:27:20.740000,29018.4,28985,4888,28990,33213,28970,19829,28965,4692
2020-06-04 09:27:21.650000,29018.4,28985,4888,28990,33213,28970,19829,28965,4692
2020-06-04 09:27:23.100000,29014.47,28980,5000,28985,33101,28965,19521,28960,15000
2020-06-04 09:27:24.040000,29014.47,28975,4888,28980,33213,28960,19829,28955,14692
2020-06-04 09:27:24.890000,29014.47,28980,5000,28985,33101,28965,19521,28960,5000
2020-06-04 09:27:27.440000,29014.47,28985,4888,28990,33213,28970,5000,28965,19521
2020-06-04 09:27:28.320000,29014.47,28980,5000,28985,33101,28965,19521,28960,5000
2020-06-04 09:27:29.040000,29014.47,28980,5000,28985,33101,28965,19521,28960,5000
2020-06-04 09:27:29.940000,29014.47,28980,4888,28985,33213,28965,19521,28960,5000
2020-06-04 09:27:30.830000,29014.47,28975,5000,28980,33101,28960,19829,28955,4692
2020-06-04 09:27:31.940000,29014.47,28975,5000,28980,33101,28960,19829,28955,4692
2020-06-04 09:27:32.830000,29014.47,28980,4888,28985,33213,28965,19521,28960,5000
2020-06-04 09:27:33.740000,29015.59,28985,5000,28990,33101,28970,19829,28965,4692
2020-06-04 09:27:34.570000,29015.59,28990,4888,28995,33213,28975,19521,28970,5000
2020-06-04 09:27:35.470000,29015.59,28990,4888,28995,33213,28975,19521,28970,5000
2020-06-04 09:27:36.580000,29015.59,28990,4888,28995,33213,28975,19521,28970,5000
2020-06-04 09:27:38.440000,29015.59,28995,5000,29000,34247,28980,19829,28975,4692
2020-06-04 09:27:39.330000,29015.59,28995,5000,29000,34247,28980,19829,28975,4692
2020-06-04 09:27:41.240000,29015.59,28995,5000,29000,34247,28980,19829,28975,4692
2020-06-04 09:27:42.140000,29015.59,29000,6034,29005,33213,28985,19521,28980,5000
2020-06-04 09:27:44.750000,29037.16,29000,6034,29005,33213,28985,19521,28980,5000
2020-06-04 09:27:46.620000,29037.16,28995,5000,29000,34247,28980,19829,28975,4692
2020-06-04 09:27:47.440000,29037.16,29000,6034,29005,33213,28985,19521,28980,5000
2020-06-04 09:27:49.030000,29037.16,28990,4888,28995,33213,28975,19521,28970,5000
2020-06-04 09:27:50.800000,29037.16,29000,6034,29005,33213,28985,19521,28980,5000
2020-06-04 09:27:51.760000,29037.16,29000,1146,29005,33213,28990,5000,28985,19521
2020-06-04 09:27:52.780000,29037.16,29000,6034,29005,33213,28985,19521,28980,5000
2020-06-04 09:27:53.640000,29021.9,29000,6034,29005,33213,28985,19521,28980,5000
2020-06-04 09:27:54.440000,29021.9,29000,6034,29005,33213,28985,19521,28980,5000
2020-06-04 09:27:55.290000,29021.9,29000,1146,29005,5000,28990,19829,28985,4692
2020-06-04 09:27:57.900000,29021.9,29000,1146,29005,5000,28990,19829,28985,4692
2020-06-04 09:27:58.810000,29021.9,29000,6034,29005,33213,28985,19521,28980,5000
2020-06-04 09:27:59.640000,29021.9,29000,6034,29005,33213,28985,19521,28980,5000
2020-06-04 09:28:00.500000,29021.9,29000,1146,29005,5000,28990,19829,28985,4692
2020-06-04 09:28:01.420000,29021.9,29000,6034,29005,33213,28985,19521,28980,5000
2020-06-04 09:28:03.140000,29021.9,29000,34247,29005,15000,28985,4692,28980,19829
2020-06-04 09:28:03.960000,29045.96,28995,5000,29000,33101,28980,19829,28975,4692
2020-06-04 09:28:05.710000,29045.96,28995,5000,29000,33101,28980,19829,28975,4692
2020-06-04 09:28:06.580000,29045.96,29000,4888,29005,33213,28985,19521,28980,5000
2020-06-04 09:28:07.540000,29045.96,28995,5000,29000,33101,28980,19829,28975,14692
2020-06-04 09:28:08.650000,29045.96,28995,5000,29000,33101,28980,19829,28975,14692
2020-06-04 09:28:09.740000,29045.96,28995,5000,29000,33101,28980,19829,28975,4692
2020-06-04 09:28:10.740000,29045.96,28990,4888,28995,33213,28975,19521,28970,5000
2020-06-04 09:28:11.740000,29045.96,28995,5000,29000,33101,28980,19829,28975,4692
2020-06-04 09:28:12.680000,29045.96,28990,4888,28995,33213,28975,19521,28970,5000
2020-06-04 09:28:16.100000,29057.65,28995,5000,29000,33101,28980,19829,28975,4692
2020-06-04 09:28:16.900000,29057.65,28990,4888,28995,33213,28975,19521,28970,15000
2020-06-04 09:28:17.770000,29057.65,28995,5000,29000,33101,28980,5000,28975,19521
2020-06-04 09:28:18.540000,29057.65,29000,5462,29005,33213,28985,19521,28980,5000
2020-06-04 09:28:19.440000,29057.65,28995,5000,29000,33675,28980,19829,28975,14692
2020-06-04 09:28:20.300000,29057.65,29000,5462,29005,33213,28985,19521,28980,5000
2020-06-04 09:28:23.600000,29048.68,29000,574,29005,5000,28990,19829,28985,4692
2020-06-04 09:28:26.070000,29048.68,29010,4888,29015,33787,28995,19521,28990,5000
2020-06-04 09:28:27.000000,29048.68,29005,5000,29010,33101,28990,19829,28985,4692
2020-06-04 09:28:27.900000,29048.68,29000,4888,29005,33213,28985,19521,28980,15000
2020-06-04 09:28:28.740000,29048.68,29005,5000,29010,33101,28990,19829,28985,4692
2020-06-04 09:28:30.860000,29048.68,29015,574,29020,4888,29005,19521,29000,5000
2020-06-04 09:28:32.300000,29048.68,29005,5000,29010,33101,28995,10000,28990,19829
2020-06-04 09:28:34.940000,29056.91,29000,4888,29005,33213,28995,10000,28985,19521
2020-06-04 09:28:35.800000,29056.91,29000,4888,29005,33213,28985,19521,28980,5000
2020-06-04 09:28:39.050000,29056.91,29005,5000,29010,33101,28990,19829,28985,4692
2020-06-04 09:28:40.000000,29056.91,29000,4888,29005,33213,28985,19521,28980,14200
2020-06-04 09:28:40.830000,29056.91,29000,4888,29005,33213,28985,19521,28980,14200
2020-06-04 09:28:43.240000,29053.64,29000,4888,29005,33213,28985,19521,28980,5000
2020-06-04 09:28:44.600000,29053.64,28995,5000,29000,33101,28980,19829,28975,13892
2020-06-04 09:28:45.410000,29053.64,28995,5000,29000,33101,28980,19829,28975,13892
2020-06-04 09:28:46.150000,29053.64,28995,5000,29000,33101,28980,19829,28975,13892
2020-06-04 09:28:46.990000,29053.64,28995,5000,29000,33101,28980,19829,28975,4692
2020-06-04 09:28:47.800000,29053.64,28995,5000,29000,33101,28980,19829,28975,4692
2020-06-04 09:28:48.650000,29053.64,28995,5000,29000,33101,28980,19829,28975,4692
2020-06-04 09:28:49.500000,29053.64,29000,4888,29005,33213,28985,19521,28980,5000
2020-06-04 09:28:50.440000,29053.64,29005,5000,29010,33101,28990,19829,28985,4692
2020-06-04 09:28:52.400000,29053.64,29010,4888,29015,33787,28995,4692,28990,19829
2020-06-04 09:28:53.300000,29050.74,29005,5000,29010,33101,28990,19829,28985,4692
2020-06-04 09:28:55.070000,29050.74,29000,4888,29005,33213,28985,19521,28980,14200
2020-06-04 09:28:56.650000,29050.74,29005,5000,29010,33101,28990,19829,28985,4692
2020-06-04 09:28:57.360000,29050.74,29000,4888,29005,33213,28985,19521,28980,5000
2020-06-04 09:28:58.940000,29050.74,29000,4888,29005,33213,28985,19521,28980,5000
2020-06-04 09:29:00.770000,29050.74,29005,5000,29010,33101,28990,19829,28985,4692
2020-06-04 09:29:04.890000,29054.44,29010,4888,29015,33787,28995,19521,28990,5000
2020-06-04 09:29:05.770000,29054.44,29015,5574,29020,33101,29000,19829,28995,4692
2020-06-04 09:29:06.560000,29054.44,29015,5574,29020,24942,29000,5000,28995,4692
2020-06-04 09:29:07.340000,29054.44,29015,574,29020,4888,29005,14746,29000,5000
2020-06-04 09:29:08.200000,29054.44,29010,4888,29015,25628,28995,14746,28990,5000
2020-06-04 09:29:09.050000,29054.44,29005,5000,29010,24942,28990,15054,28985,4692
2020-06-04 09:29:09.870000,29054.44,29010,4888,29015,25628,28995,14746,28990,5000
2020-06-04 09:29:10.840000,29054.44,29005,5000,29010,24942,28990,15054,28985,4692
2020-06-04 09:29:11.840000,29054.44,29010,4888,29015,25628,28995,14746,28990,5000
2020-06-04 09:29:13.430000,29039.13,29010,4888,29015,25628,28995,14746,28990,5000
2020-06-04 09:29:14.970000,29039.13,29015,5574,29020,24942,29000,15054,28995,4692
2020-06-04 09:29:15.810000,29039.13,29010,4888,29015,25628,28995,14746,28990,14200
2020-06-04 09:29:16.640000,29039.13,29015,5574,29020,24942,29000,15054,28995,4692
2020-06-04 09:29:17.370000,29039.13,29015,5000,29020,24942,29000,14480,28995,4692
2020-06-04 09:29:18.110000,29039.13,29010,4888,29015,25054,28995,14746,28990,4426
2020-06-04 09:29:19.670000,29039.13,29005,5000,29010,24942,28990,14480,28985,13892
2020-06-04 09:29:22.040000,29039.13,29010,4888,29015,25054,28995,14746,28990,4426
2020-06-04 09:29:24.960000,29050.56,29010,4888,29015,25054,28995,14746,28990,13626
2020-06-04 09:29:26.460000,29050.56,29005,5000,29010,24942,28990,23680,28985,4692
2020-06-04 09:29:28.070000,29050.56,29010,4888,29015,25054,28995,14746,28990,4426
2020-06-04 09:29:31.270000,29050.56,29000,573,29010,4888,28995,14746,28990,4426
2020-06-04 09:29:32.130000,29050.56,29010,4888,29015,25054,28995,14846,28990,4426
2020-06-04 09:29:34.400000,29050.65,29010,4888,29015,25054,28995,14746,28990,4426
2020-06-04 09:29:35.130000,29050.65,29010,4888,29015,25054,28995,14746,28990,4426
2020-06-04 09:29:35.940000,29050.65,29005,5000,29010,24942,28990,14480,28985,4692
2020-06-04 09:29:36.830000,29050.65,29010,4888,29015,25054,28995,14746,28990,4426
2020-06-04 09:29:37.740000,29050.65,29020,4888,29025,25054,29005,4692,29000,14480
2020-06-04 09:29:38.600000,29050.65,29020,4888,29025,25054,29005,14746,29000,4426
2020-06-04 09:29:39.330000,29050.65,29020,4888,29025,25054,29005,14746,29000,4426
2020-06-04 09:29:42.740000,29050.65,29020,4888,29025,25054,29005,14746,29000,4426
2020-06-04 09:29:43.570000,29026.31,29020,4888,29025,25054,29005,14746,29000,4426
2020-06-04 09:29:44.440000,29026.31,29015,5000,29020,24942,29000,14480,28995,13892
2020-06-04 09:29:45.240000,29026.31,29020,4888,29025,25054,29005,14746,29000,4426
2020-06-04 09:29:48.530000,29026.31,29020,4888,29025,25054,29005,14746,29000,4426
2020-06-04 09:29:50.770000,29026.31,29025,5000,29030,24942,29010,14480,29005,4692
2020-06-04 09:29:52.640000,29026.31,29020,4888,29025,25054,29005,14746,29000,4426
2020-06-04 09:29:53.470000,29045.95,29025,5000,29030,24942,29010,14480,29005,4692
2020-06-04 09:29:54.300000,29045.95,29015,5000,29020,24942,29000,23680,28995,4692
2020-06-04 09:29:55.090000,29045.95,29020,4888,29025,25054,29005,14746,29000,13626
2020-06-04 09:29:55.840000,29045.95,29015,5000,29020,24942,29000,23680,28995,4692
2020-06-04 09:29:56.560000,29045.95,29015,5000,29020,24942,29000,14480,28995,4692
2020-06-04 09:29:58.200000,29045.95,29015,5000,29020,24942,29000,14480,28995,4692
2020-06-04 09:29:59.000000,29045.95,29020,4888,29025,25054,29005,14746,29000,4426
2020-06-04 09:29:59.940000,29045.95,29020,4888,29025,25054,29005,14746,29000,4426
2020-06-04 09:30:00.940000,29045.95,29025,5000,29030,24942,29010,14480,29005,4692
2020-06-04 09:30:02.870000,29037.39,29025,5000,29030,24942,29010,14480,29005,4692
2020-06-04 09:30:05.730000,29037.39,29030,4888,29035,25054,29015,14746,29010,4426
2020-06-04 09:30:06.760000,29037.39,29025,5000,29030,24942,29010,14480,29005,13892
2020-06-04 09:30:08.460000,29037.39,29030,4888,29035,25054,29015,14746,29010,4426
2020-06-04 09:30:10.900000,29037.39,29025,5000,29030,24942,29010,14480,29005,4692
2020-06-04 09:30:13.460000,29037.39,29030,4888,29035,25054,29015,14746,29010,4426
2020-06-04 09:30:14.340000,29050.45,29030,4888,29035,25054,29015,14746,29010,4426
2020-06-04 09:30:15.240000,29050.45,29035,5000,29040,24942,29020,14480,29015,4692
2020-06-04 09:30:16.270000,29050.45,29035,5000,29040,24942,29020,14480,29015,4692
2020-06-04 09:30:17.130000,29050.45,29040,4888,29045,25054,29025,14746,29020,4426
2020-06-04 09:30:18.960000,29050.45,29035,5000,29040,24942,29020,14480,29015,4692
2020-06-04 09:30:21.690000,29050.45,29040,4888,29045,25054,29025,14746,29020,4426
2020-06-04 09:30:22.540000,29050.45,29035,5000,29040,24942,29020,14480,29015,13892
2020-06-04 09:30:23.540000,29049.49,29040,4888,29045,25054,29025,14746,29020,4426
2020-06-04 09:30:26.240000,29049.49,29030,4888,29035,25054,29015,14746,29010,13626
2020-06-04 09:30:27.070000,29049.49,29030,4888,29035,25054,29015,14746,29010,13626
2020-06-04 09:30:27.970000,29049.49,29035,5000,29040,24942,29020,14480,29015,4692
2020-06-04 09:30:29.770000,29049.49,29040,4888,29045,25054,29025,14746,29020,4426
2020-06-04 09:30:31.530000,29049.49,29040,4888,29045,25054,29025,4692,29020,14480
2020-06-04 09:30:32.530000,29049.49,29035,5000,29040,24942,29020,14480,29015,4692
2020-06-04 09:30:34.560000,29077.55,29035,5000,29040,24942,29020,14480,29015,4692
2020-06-04 09:30:36.210000,29077.55,29030,4888,29035,25054,29015,14746,29010,13626
2020-06-04 09:30:37.000000,29077.55,29025,5000,29030,24942,29010,23680,29005,4692
2020-06-04 09:30:37.850000,29077.55,29030,4888,29035,25054,29015,14746,29010,4426
2020-06-04 09:30:39.500000,29077.55,29035,5000,29040,24942,29020,14480,29015,4692
2020-06-04 09:30:41.090000,29077.55,29035,5000,29040,24942,29020,14480,29015,4692
2020-06-04 09:30:44.230000,29058.31,29040,4888,29045,25054,29025,14746,29020,3853
2020-06-04 09:30:46.580000,29058.31,29040,4888,29045,25054,29025,14746,29020,3853
2020-06-04 09:30:50.610000,29058.31,29040,4888,29045,25054,29025,14746,29020,3853
2020-06-04 09:30:51.470000,29058.31,29030,4888,29035,25054,29015,14746,29010,13053
2020-06-04 09:30:52.340000,29058.31,29035,5000,29040,24942,29020,13907,29015,4692
2020-06-04 09:30:53.140000,29074.27,29035,5000,29040,24942,29020,13907,29015,4692
2020-06-04 09:30:53.960000,29074.27,29035,5000,29040,24942,29020,13907,29015,4692
2020-06-04 09:30:54.730000,29074.27,29040,4888,29045,25054,29025,14746,29020,3853
2020-06-04 09:30:55.670000,29074.27,29040,4888,29045,25054,29025,14746,29020,3853
2020-06-04 09:30:58.170000,29074.27,29040,4888,29045,25054,29025,14746,29020,3853
2020-06-04 09:30:59.040000,29074.27,29045,5000,29050,24942,29030,13907,29025,4692
2020-06-04 09:31:03.630000,29077.92,29045,25054,29050,14888,29030,3853,29025,14746
2020-06-04 09:31:04.540000,29077.92,29045,25054,29050,14888,29030,3853,29025,14746
2020-06-04 09:31:05.340000,29077.92,29045,5000,29050,24942,29030,13907,29025,4692
2020-06-04 09:31:07.040000,29077.92,29045,5000,29050,24942,29030,13907,29025,4692
2020-06-04 09:31:07.800000,29077.92,29040,4888,29045,25054,29025,14746,29020,13053
2020-06-04 09:31:09.460000,29077.92,29040,4888,29045,25054,29025,14746,29020,3853
2020-06-04 09:31:13.100000,29077.92,29030,100,29040,4888,29025,14746,29020,3853
2020-06-04 09:31:13.940000,29079.65,29040,4888,29045,25054,29025,15146,29020,3853
2020-06-04 09:31:17.240000,29079.65,29045,5000,29050,24942,29030,13907,29025,5092
2020-06-04 09:31:18.860000,29079.65,29040,4888,29045,25054,29025,15146,29020,3853
2020-06-04 09:31:19.740000,29079.65,29045,5000,29050,24942,29030,13907,29025,5092
2020-06-04 09:31:20.710000,29079.65,29050,4888,29055,25054,29035,14746,29030,3853
2020-06-04 09:31:22.630000,29079.65,29050,4888,29055,25054,29035,14746,29030,3853
2020-06-04 09:31:26.830000,29083.27,29045,5000,29050,24942,29030,13907,29025,5092
2020-06-04 09:31:27.740000,29083.27,29050,4888,29055,25054,29035,14746,29030,3853
2020-06-04 09:31:28.590000,29083.27,29055,5000,29060,24942,29040,13907,29035,4692
2020-06-04 09:31:29.440000,29083.27,29050,4888,29055,25054,29035,14746,29030,13053
2020-06-04 09:31:30.300000,29083.27,29055,5000,29060,24942,29040,13907,29035,4692
2020-06-04 09:31:31.230000,29083.27,29055,5000,29060,24942,29040,13907,29035,4692
2020-06-04 09:31:33.090000,29083.27,29055,5000,29060,24942,29040,13907,29035,4692
2020-06-04 09:31:33.940000,29081.83,29055,5000,29060,24942,29040,13907,29035,4692
2020-06-04 09:31:36.400000,29081.83,29060,4888,29065,25054,29045,14746,29040,3853
2020-06-04 09:31:38.000000,29081.83,29060,4888,29065,25054,29045,14746,29040,3853
2020-06-04 09:31:38.940000,29081.83,29060,4888,29065,25054,29045,14746,29040,3853
2020-06-04 09:31:39.790000,29081.83,29065,5000,29070,24942,29050,13907,29045,4692
2020-06-04 09:31:40.760000,29081.83,29070,24942,29075,15000,29055,4692,29050,13907
2020-06-04 09:31:41.700000,29081.83,29065,5000,29070,24942,29050,13907,29045,4692
2020-06-04 09:31:43.370000,29082.44,29065,5000,29070,24942,29050,13907,29045,4692
2020-06-04 09:31:44.230000,29082.44,29055,5000,29060,24942,29040,13907,29035,4692
2020-06-04 09:31:46.040000,29082.44,29055,5000,29060,24942,29040,12079,29035,4692
2020-06-04 09:31:48.340000,29082.44,29060,4888,29065,25054,29045,14746,29040,2025
2020-06-04 09:31:49.170000,29082.44,29055,5000,29060,24942,29040,12079,29035,4692
2020-06-04 09:31:49.990000,29082.44,29055,5000,29060,24942,29040,13722,29035,4692
2020-06-04 09:31:50.900000,29082.44,29055,5000,29060,24942,29040,13721,29035,4692
2020-06-04 09:31:54.200000,29078.43,29050,4888,29055,25054,29035,13413,29030,5000
2020-06-04 09:31:56.430000,29078.43,29040,574,29050,4888,29035,13413,29030,5000
2020-06-04 09:31:57.130000,29078.43,29040,574,29045,5000,29030,13721,29025,14038
2020-06-04 09:31:59.430000,29078.43,29040,574,29050,4888,29035,13159,29030,5000
2020-06-04 09:32:00.300000,29078.43,29040,574,29045,5000,29030,13721,29025,4838
2020-06-04 09:32:01.240000,29078.43,29040,5462,29045,25054,29025,13559,29020,14200
2020-06-04 09:32:02.130000,29078.43,29040,5462,29045,25054,29025,13159,29020,5000
2020-06-04 09:32:03.040000,29078.43,29035,5000,29040,25516,29020,13721,29015,13638
2020-06-04 09:32:03.830000,29071.06,29030,4888,29035,25054,29015,22359,29010,5000
2020-06-04 09:32:04.860000,29071.06,29030,4888,29035,25054,29015,13159,29010,5000
2020-06-04 09:32:06.860000,29071.06,29025,5000,29030,24942,29010,13721,29005,13638
2020-06-04 09:32:07.770000,29071.06,29025,5000,29030,24942,29010,13721,29005,4438
2020-06-04 09:32:08.630000,29071.06,29020,4888,29025,25054,29005,13159,29000,14200
2020-06-04 09:32:09.690000,29071.06,29025,5000,29030,24942,29010,13721,29005,4438
2020-06-04 09:32:10.670000,29071.06,29030,4888,29035,25054,29015,13159,29010,5000
2020-06-04 09:32:11.640000,29071.06,29030,4888,29035,25054,29015,13159,29010,5000
2020-06-04 09:32:12.640000,29071.06,29030,4888,29035,25054,29015,4438,29010,13721
2020-06-04 09:32:13.640000,29048.77,29025,5000,29030,24942,29010,13721,29005,4438
2020-06-04 09:32:16.140000,29048.77,29025,5000,29030,24942,29010,13721,29005,4438
2020-06-04 09:32:16.940000,29048.77,29030,4888,29035,25054,29015,13159,29010,5000
2020-06-04 09:32:18.440000,29048.77,29030,4888,29035,25054,29015,13159,29010,5000
2020-06-04 09:32:20.140000,29048.77,29025,5000,29030,24942,29010,13721,29005,13638
2020-06-04 09:32:20.940000,29048.77,29025,5000,29030,24942,29010,13721,29005,4438
2020-06-04 09:32:22.730000,29048.77,29020,4888,29025,25054,29005,13159,29000,14200
2020-06-04 09:32:23.640000,29025.88,29025,5000,29030,24942,29010,13721,29005,4438
2020-06-04 09:32:26.700000,29025.88,29030,4888,29035,25054,29015,13159,29010,5000
2020-06-04 09:32:29.420000,29025.88,29035,5000,29040,25516,29020,13721,29015,4438
2020-06-04 09:32:30.400000,29025.88,29030,4888,29035,25054,29015,13159,29010,14200
2020-06-04 09:32:32.140000,29025.88,29030,4888,29035,25054,29015,13159,29010,5000
2020-06-04 09:32:32.990000,29025.88,29025,5000,29030,24942,29010,13721,29005,13638
2020-06-04 09:32:34.870000,29051.71,29025,5000,29030,24942,29010,13721,29005,4438
2020-06-04 09:32:35.730000,29051.71,29030,4888,29035,25054,29015,13159,29010,5000
2020-06-04 09:32:37.290000,29051.71,29030,4888,29035,25054,29015,13159,29010,5000
2020-06-04 09:32:38.040000,29051.71,29030,4888,29035,25054,29015,13159,29010,5000
2020-06-04 09:32:38.700000,29051.71,29025,5000,29030,24942,29010,13721,29005,13638
2020-06-04 09:32:40.310000,29051.71,29025,5000,29030,24942,29015,8721,29010,5000
2020-06-04 09:32:41.130000,29051.71,29025,5000,29030,24942,29015,8721,29010,5000
2020-06-04 09:32:42.800000,29051.71,29030,4888,29035,25054,29020,8721,29015,4438
2020-06-04 09:32:43.630000,29029.45,29030,4888,29035,25054,29020,8721,29015,4438
2020-06-04 09:32:45.900000,29029.45,29030,4888,29035,25054,29020,8721,29015,4438
2020-06-04 09:32:46.690000,29029.45,29025,5000,29030,24942,29015,8721,29010,5000
2020-06-04 09:32:47.470000,29029.45,29020,4888,29025,25054,29010,8721,29005,4438
2020-06-04 09:32:48.320000,29029.45,29020,4888,29025,25054,29010,8721,29005,4438
2020-06-04 09:32:49.130000,29029.45,29020,4888,29025,25054,29010,8721,29005,4438
2020-06-04 09:32:50.830000,29029.45,29015,5000,29020,24942,29005,8721,29000,5000
2020-06-04 09:32:51.830000,29029.45,29005,5000,29010,4888,29000,8721,28990,5000
2020-06-04 09:32:52.770000,29029.45,29005,4999,29010,24942,28995,8721,28990,5000
2020-06-04 09:32:53.630000,29049.52,29005,4999,29010,4888,29000,8721,28990,5000
2020-06-04 09:32:54.600000,29049.52,29010,4888,29015,25053,29000,8721,28995,4438
2020-06-04 09:32:55.440000,29049.52,29015,4999,29020,24942,29005,8627,29000,5000
2020-06-04 09:32:56.240000,29049.52,29010,4888,29015,25053,29000,8627,28995,4438
2020-06-04 09:32:57.100000,29049.52,29020,4888,29025,25053,29010,8627,29005,4438
2020-06-04 09:32:58.030000,29049.52,29015,4999,29020,24942,29005,8627,29000,5000
2020-06-04 09:32:58.890000,29049.52,29015,4999,29020,24942,29005,8627,29000,5000
2020-06-04 09:33:01.360000,29049.52,29010,4888,29015,25053,29000,8627,28995,4438
2020-06-04 09:33:02.200000,29049.52,29010,4888,29015,25053,29000,8627,28995,4438
2020-06-04 09:33:03.030000,29049.52,29010,4888,29015,25053,29000,8627,28995,4438
2020-06-04 09:33:04.030000,29039.12,29015,4999,29020,24942,29005,8627,29000,5000
2020-06-04 09:33:04.940000,29039.12,29015,4999,29020,24942,29005,8627,29000,5000
2020-06-04 09:33:07.230000,29039.12,29010,4888,29015,25053,29000,8627,28995,4438
2020-06-04 09:33:08.060000,29039.12,29015,4999,29020,24942,29005,8627,29000,5000
2020-06-04 09:33:09.590000,29039.12,29015,4999,29020,24942,29005,8054,29000,5000
2020-06-04 09:33:10.340000,29039.12,29010,4888,29015,25053,29000,8054,28995,4438
2020-06-04 09:33:11.200000,29039.12,29010,4888,29015,25053,29000,8054,28995,4438
2020-06-04 09:33:12.730000,29039.12,29010,4888,29015,25053,29000,8054,28995,4438
2020-06-04 09:33:13.530000,29038.16,29010,4888,29015,25053,29000,8054,28995,4438
2020-06-04 09:33:14.430000,29038.16,29010,4888,29015,25053,29000,8054,28995,4438
2020-06-04 09:33:15.230000,29038.16,29010,4888,29015,25053,29000,8054,28995,4438
2020-06-04 09:33:18.290000,29038.16,29010,4888,29015,25053,28995,12492,28990,5000
2020-06-04 09:33:19.110000,29038.16,29005,4999,29010,24942,28995,8054,28990,5000
2020-06-04 09:33:19.930000,29038.16,29005,4999,29010,24942,28995,8054,28990,5000
2020-06-04 09:33:20.840000,29038.16,29005,4999,29010,24942,28995,8054,28990,5000
2020-06-04 09:33:23.370000,29020.73,29000,4888,29005,25053,28990,8054,28985,4438
2020-06-04 09:33:24.790000,29020.73,29005,4999,29010,24942,28995,8054,28990,5000
2020-06-04 09:33:26.290000,29020.73,29005,4999,29010,24942,28995,8054,28990,5000
2020-06-04 09:33:27.040000,29020.73,29005,4999,29010,24942,28995,8054,28990,5000
2020-06-04 09:33:28.740000,29020.73,29000,4888,29005,25053,28990,8054,28985,4438
2020-06-04 09:33:31.100000,29020.73,28995,4999,29000,24942,28985,8054,28980,5000
2020-06-04 09:33:31.960000,29020.73,28985,4999,28990,24942,28975,8054,28970,5105
2020-06-04 09:33:32.900000,29020.73,28980,4888,28985,25053,28970,8159,28965,13638
2020-06-04 09:33:34.600000,29016.38,28980,4888,28985,4999,28975,8054,28970,105
2020-06-04 09:33:35.490000,29016.38,28980,5000,28985,25053,28970,8159,28965,4438
2020-06-04 09:33:36.430000,29016.38,28975,4999,28980,25054,28965,3271,28960,5000
2020-06-04 09:33:37.300000,29016.38,28975,4999,28980,25054,28965,3271,28960,5000
2020-06-04 09:33:38.130000,29016.38,28975,4999,28980,5000,28970,3271,28965,4438
2020-06-04 09:33:38.970000,29016.38,28980,5000,28985,25054,28970,3271,28965,4438
2020-06-04 09:33:39.770000,29016.38,28975,5000,28980,25054,28965,3271,28960,5000
2020-06-04 09:33:40.770000,29016.38,28970,5000,28975,25054,28960,3271,28955,4438
2020-06-04 09:33:41.830000,29016.38,28970,5000,28975,25054,28960,3271,28955,4438
2020-06-04 09:33:42.860000,29015.7,28975,5000,28980,25054,28965,3271,28960,5000
2020-06-04 09:33:43.830000,29015.7,28975,5000,28980,25054,28965,3271,28960,5000
2020-06-04 09:33:45.390000,29015.7,28975,15000,28980,25054,28965,3271,28960,5000
2020-06-04 09:33:46.240000,29015.7,28970,5000,28975,25054,28960,3271,28955,4438
2020-06-04 09:33:47.030000,29015.7,28970,5000,28975,25054,28960,3271,28955,4438
2020-06-04 09:33:48.600000,29015.7,28965,5000,28970,25054,28955,3271,28950,5000
2020-06-04 09:33:49.360000,29015.7,28965,5000,28970,25054,28955,3271,28950,5000
2020-06-04 09:33:50.300000,29015.7,28965,5000,28970,25054,28955,3271,28950,5000
2020-06-04 09:33:52.730000,29015.7,28960,5000,28965,25054,28950,3271,28945,4438
2020-06-04 09:33:54.360000,28983.88,28955,5000,28960,25054,28945,3271,28940,5000
2020-06-04 09:33:55.140000,28983.88,28955,5000,28960,25054,28945,3271,28940,5000
2020-06-04 09:33:55.970000,28983.88,28955,5000,28960,25054,28945,3271,28940,5000
2020-06-04 09:33:56.840000,28983.88,28965,5000,28970,25054,28955,3271,28950,5000
2020-06-04 09:33:57.640000,28983.88,28960,5000,28965,25054,28950,3271,28945,4438
2020-06-04 09:33:58.590000,28983.88,28970,5000,28975,25054,28960,3271,28955,4438
2020-06-04 09:33:59.530000,28983.88,28970,5000,28975,25054,28960,3271,28955,4438
2020-06-04 09:34:01.450000,28983.88,28970,4887,28975,25054,28960,3271,28955,4438
2020-06-04 09:34:04.230000,28980.65,28975,5000,28980,24941,28965,3271,28960,5000
2020-06-04 09:34:07.430000,28980.65,28970,4887,28975,25054,28960,3271,28955,4438
2020-06-04 09:34:08.200000,28980.65,28970,4235,28975,25054,28960,3271,28955,4438
2020-06-04 09:34:09.000000,28980.65,28970,4235,28975,25054,28960,3271,28955,4438
2020-06-04 09:34:09.930000,28980.65,28980,4235,28985,25054,28970,3271,28965,4438
2020-06-04 09:34:10.990000,28980.65,28980,4235,28985,25054,28970,3271,28965,4438
2020-06-04 09:34:13.630000,28987.15,28975,5000,28980,24289,28965,3271,28960,5000
2020-06-04 09:34:14.460000,28987.15,28980,4235,28985,25054,28970,3271,28965,4438
2020-06-04 09:34:15.130000,28987.15,28980,4235,28985,25054,28970,3271,28965,4438
2020-06-04 09:34:16.770000,28987.15,28980,4235,28985,25054,28970,3271,28965,4438
2020-06-04 09:34:17.600000,28987.15,28975,5000,28980,24289,28965,3271,28960,5000
2020-06-04 09:34:18.290000,28987.15,28980,4235,28985,25054,28970,3271,28965,4438
2020-06-04 09:34:21.340000,28987.15,28975,5000,28980,24289,28965,3271,28960,5000
2020-06-04 09:34:22.330000,28987.15,28975,5000,28980,24289,28965,3271,28960,5000
2020-06-04 09:34:23.100000,28987.15,28975,5000,28980,14289,28965,3271,28960,5000
2020-06-04 09:34:23.990000,28987.57,28985,5000,28990,24289,28975,3271,28970,5000
2020-06-04 09:34:24.800000,28987.57,28975,5000,28980,24289,28965,3271,28960,14200
2020-06-04 09:34:26.830000,28987.57,28980,4235,28985,25054,28970,3271,28965,4438
2020-06-04 09:34:27.770000,28987.57,28985,5000,28990,24289,28975,3271,28970,5000
2020-06-04 09:34:28.630000,28987.57,28980,4235,28985,25054,28970,3271,28965,4438
2020-06-04 09:34:29.770000,28987.57,28975,5000,28980,24289,28965,3271,28960,5000
2020-06-04 09:34:30.830000,28987.57,28975,5000,28980,24289,28965,3271,28960,5000
2020-06-04 09:34:31.940000,28987.57,28970,4235,28975,25054,28960,3271,28955,13638
2020-06-04 09:34:32.940000,28987.57,28970,4235,28975,25054,28960,3271,28955,4438
2020-06-04 09:34:33.830000,28990.42,28970,4235,28975,25054,28960,3271,28955,4438
2020-06-04 09:34:37.800000,28990.42,28970,4235,28975,25054,28960,3271,28955,4438
2020-06-04 09:34:40.140000,28990.42,28965,5000,28970,24289,28955,3271,28950,5000
2020-06-04 09:34:41.000000,28990.42,28970,4235,28975,25054,28960,3271,28955,4438
2020-06-04 09:34:42.640000,28990.42,28965,5000,28970,24289,28955,3271,28950,5000
2020-06-04 09:34:43.440000,29000.23,28970,4235,28975,25054,28960,3271,28955,4438
2020-06-04 09:34:44.230000,29000.23,28965,5000,28970,24289,28955,3271,28950,5000
2020-06-04 09:34:45.030000,29000.23,28965,5000,28970,24289,28955,3271,28950,5000
2020-06-04 09:34:48.060000,29000.23,28970,4235,28975,25054,28960,3271,28955,4438
2020-06-04 09:34:49.840000,29000.23,28975,5000,28980,24289,28965,3271,28960,5000
2020-06-04 09:34:50.810000,29000.23,28970,4235,28975,25054,28960,3271,28955,4438
2020-06-04 09:34:54.090000,28999.31,28970,4235,28975,25054,28960,3271,28955,4438
2020-06-04 09:34:54.840000,28999.31,28960,4235,28965,25054,28950,3271,28945,13638
2020-06-04 09:34:56.400000,28999.31,28960,4235,28965,25054,28950,3271,28945,4438
2020-06-04 09:34:59.040000,28999.31,28955,5000,28960,24289,28945,3271,28935,4438
2020-06-04 09:34:59.870000,28999.31,28955,5000,28960,24289,28945,3271,28940,5000
2020-06-04 09:35:01.540000,28999.31,28950,4235,28955,25054,28940,3271,28935,4438
2020-06-04 09:35:02.310000,28999.31,28955,5000,28960,24289,28945,3271,28940,5000
2020-06-04 09:35:03.070000,28999.31,28960,4235,28965,25054,28950,3271,28945,4438
2020-06-04 09:35:05.230000,28996.63,28965,5000,28970,24289,28955,3271,28950,5000
2020-06-04 09:35:06.660000,28996.63,28965,5000,28970,24289,28955,3271,28950,5000
2020-06-04 09:35:07.400000,28996.63,28965,5000,28970,24289,28955,3271,28950,5000
2020-06-04 09:35:08.070000,28996.63,28965,5000,28970,24289,28955,3271,28950,5000
2020-06-04 09:35:09.630000,28996.63,28970,4235,28975,25054,28960,3271,28955,4438
2020-06-04 09:35:10.430000,28996.63,28965,5000,28970,24289,28955,3271,28950,5000
2020-06-04 09:35:12.660000,28996.63,28975,5000,28980,24289,28965,3271,28960,5000
2020-06-04 09:35:14.570000,28987.29,28980,4235,28985,25054,28970,3271,28965,4438
2020-06-04 09:35:15.430000,28987.29,28975,5000,28980,24289,28965,3271,28960,5000
2020-06-04 09:35:16.270000,28987.29,28980,4235,28985,25054,28970,3271,28965,4438
2020-06-04 09:35:17.160000,28987.29,28980,4235,28985,25054,28970,3271,28965,4438
2020-06-04 09:35:18.070000,28987.29,28980,4235,28985,25054,28970,3271,28965,4438
2020-06-04 09:35:18.970000,28987.29,28985,5000,28990,24289,28975,3271,28970,5000
2020-06-04 09:35:20.740000,28987.29,28990,4235,28995,20754,28980,3271,28975,4438
2020-06-04 09:35:21.600000,28987.29,28985,700,28990,24289,28975,3271,28970,5000
2020-06-04 09:35:23.330000,28994.57,28980,4235,28985,700,28975,3271,28965,4438
2020-06-04 09:35:24.190000,28994.57,28980,4235,28985,700,28975,3271,28965,4438
2020-06-04 09:35:25.000000,28994.57,28985,700,28990,24289,28975,3271,28970,5000
2020-06-04 09:35:25.770000,28994.57,28985,700,28990,24289,28975,3271,28970,5000
2020-06-04 09:35:26.440000,28994.57,28990,5000,28995,24289,28980,3271,28975,4438
2020-06-04 09:35:28.800000,28994.57,28990,5000,28995,24289,28980,3271,28975,4438
2020-06-04 09:35:31.220000,28994.57,28995,4235,29000,26201,28985,3271,28980,5000
2020-06-04 09:35:32.800000,28994.57,28995,4235,29000,26201,28985,3271,28980,5000
2020-06-04 09:35:33.590000,28994.57,29000,6147,29005,24289,28990,3271,28985,4438
2020-06-04 09:35:34.330000,28995.62,29000,6721,29005,24289,28990,3271,28985,4438
2020-06-04 09:35:38.090000,28995.62,29000,6721,29005,24289,28990,3271,28985,4438
2020-06-04 09:35:38.940000,28995.62,29000,6721,29005,24289,28990,3271,28985,4438
2020-06-04 09:35:39.840000,28995.62,29000,6721,29005,24289,28990,3271,28985,4438
2020-06-04 09:35:40.790000,28995.62,29000,1721,29005,4235,28995,3271,28990,5000
2020-06-04 09:35:43.090000,29012.9,29000,6721,29005,24289,28990,3271,28985,4438
2020-06-04 09:35:45.200000,29012.9,29000,1721,29005,4235,28995,3271,28990,5000
2020-06-04 09:35:46.000000,29012.9,29000,1721,29005,4235,28995,3271,28990,5000
2020-06-04 09:35:46.840000,29012.9,29000,1721,29005,4235,28995,3271,28990,5000
2020-06-04 09:35:47.700000,29012.9,29010,5000,29015,24289,29000,3271,28995,4438
2020-06-04 09:35:48.570000,29012.9,29015,4235,29020,25054,29005,1550,29000,6721
2020-06-04 09:35:49.430000,29012.9,29010,5000,29015,24289,29000,3271,28995,4438
2020-06-04 09:35:51.030000,29012.9,29010,5000,29015,24289,29000,3271,28995,4438
2020-06-04 09:35:52.630000,29012.9,29015,4235,29020,25054,29005,1550,29000,6721
2020-06-04 09:35:53.400000,29010.68,29015,4235,29020,25054,29005,1550,29000,6721
2020-06-04 09:35:54.240000,29010.68,29015,4235,29020,25054,29005,1550,29000,6721
2020-06-04 09:35:55.130000,29010.68,29025,4235,29030,25054,29015,1550,29010,5000
2020-06-04 09:35:57.260000,29010.68,29025,4235,29030,25054,29015,1550,29010,5000
2020-06-04 09:35:58.130000,29010.68,29030,5000,29035,24339,29020,1550,29015,4438
2020-06-04 09:35:59.070000,29010.68,29025,4235,29030,25054,29015,1550,29010,5000
2020-06-04 09:36:00.130000,29010.68,29025,4235,29030,25054,29015,1550,29010,5000
2020-06-04 09:36:02.130000,29010.68,29025,4235,29030,25054,29015,1550,29010,5000
2020-06-04 09:36:04.830000,29040.75,29025,4235,29030,25054,29015,1550,29010,5000
2020-06-04 09:36:08.630000,29040.75,29030,5000,29035,24339,29020,1550,29015,4438
2020-06-04 09:36:09.530000,29040.75,29035,4285,29040,25054,29025,1550,29020,5000
2020-06-04 09:36:10.330000,29040.75,29035,4285,29040,25054,29025,1550,29020,5000
2020-06-04 09:36:11.160000,29040.75,29030,5000,29035,24339,29020,1550,29015,4438
2020-06-04 09:36:12.030000,29040.75,29035,4285,29040,25054,29025,1550,29020,5000
2020-06-04 09:36:12.830000,29059.17,29035,50,29040,5000,29030,1550,29025,4438
2020-06-04 09:36:13.690000,29059.17,29035,50,29040,5000,29030,1550,29025,4438
2020-06-04 09:36:14.530000,29059.17,29045,4235,29050,25054,29035,1550,29030,5000
2020-06-04 09:36:15.300000,29059.17,29045,4235,29050,5000,29035,1550,29030,5000
2020-06-04 09:36:16.100000,29059.17,29050,5000,29055,24289,29035,5988,29030,5000
2020-06-04 09:36:16.890000,29059.17,29045,4235,29050,25054,29035,1550,29030,5000
2020-06-04 09:36:18.500000,29059.17,29050,5000,29055,24289,29040,1550,29035,4438
2020-06-04 09:36:19.330000,29059.17,29050,5000,29055,24289,29040,1550,29035,4438
2020-06-04 09:36:20.170000,29059.17,29055,4235,29060,25054,29045,1550,29040,5000
2020-06-04 09:36:21.940000,29059.17,29060,5000,29065,24289,29050,1550,29045,4438
2020-06-04 09:36:22.860000,29059.17,29055,4235,29060,25054,29045,1550,29040,5000
2020-06-04 09:36:23.800000,29069.29,29060,5000,29065,24289,29050,1550,29045,4438
2020-06-04 09:36:24.700000,29069.29,29060,5000,29065,24289,29050,1550,29045,4438
2020-06-04 09:36:26.330000,29069.29,29055,4235,29060,25054,29045,1550,29040,5000
2020-06-04 09:36:27.140000,29069.29,29060,5000,29065,24289,29050,1550,29045,4438
2020-06-04 09:36:28.640000,29069.29,29060,5000,29065,24289,29050,1450,29045,4438
2020-06-04 09:36:29.430000,29069.29,29060,5000,29065,24289,29050,1450,29045,4438
2020-06-04 09:36:30.230000,29069.29,29055,4235,29060,25054,29045,1450,29040,5000
2020-06-04 09:36:31.670000,29069.29,29050,5000,29055,24289,29040,1450,29035,4438
2020-06-04 09:36:34.960000,29069.27,29055,24289,29060,15000,29040,1450,29035,4438
2020-06-04 09:36:37.140000,29069.27,29060,25054,29065,14235,29045,1450,29040,5000
2020-06-04 09:36:37.990000,29069.27,29055,24289,29060,15000,29040,1450,29035,4438
2020-06-04 09:36:39.490000,29069.27,29055,24289,29060,15000,29040,1450,29035,4438
2020-06-04 09:36:40.340000,29069.27,29055,24289,29060,15000,29040,1450,29035,4438
2020-06-04 09:36:46.930000,29071.41,29045,24289,29050,15000,29030,1450,29025,4438
2020-06-04 09:36:47.730000,29071.41,29045,24289,29050,15573,29030,1450,29025,4438
2020-06-04 09:36:48.460000,29071.41,29040,25054,29045,14235,29025,1450,29020,14200
2020-06-04 09:36:49.300000,29071.41,29035,24289,29040,15000,29020,1450,29015,4438
2020-06-04 09:36:50.240000,29071.41,29030,25054,29035,14235,29015,1450,29010,14200
2020-06-04 09:36:51.190000,29071.41,29025,24289,29030,15000,29010,10650,29005,4438
2020-06-04 09:36:52.040000,29071.41,29030,25054,29035,14235,29015,1450,29010,5000
2020-06-04 09:36:52.800000,29071.41,29030,25054,29035,14235,29015,1450,29010,5100
2020-06-04 09:36:53.540000,29069.65,29025,24289,29030,15000,29010,1550,29005,4438
2020-06-04 09:36:54.360000,29069.65,29025,24289,29030,15000,29010,1550,29005,4438
2020-06-04 09:36:55.240000,29069.65,29030,25054,29035,14235,29015,1450,29010,5100
2020-06-04 09:36:56.040000,29069.65,29030,25054,29035,14235,29015,1450,29010,5100
2020-06-04 09:36:58.240000,29069.65,29030,25054,29035,14235,29015,1450,29010,5100
2020-06-04 09:36:58.890000,29069.65,29025,24289,29030,15000,29010,1550,29005,4438
2020-06-04 09:37:00.440000,29069.65,29025,24289,29030,15000,29010,1550,29005,4438
2020-06-04 09:37:02.270000,29069.65,29030,25054,29035,14235,29015,1450,29010,5100
2020-06-04 09:37:03.130000,29069.65,29025,24289,29030,15000,29010,1550,29005,4438
2020-06-04 09:37:05.470000,29068.17,29020,25054,29025,14235,29010,100,29005,1450
2020-06-04 09:37:06.270000,29068.17,29020,25054,29025,14235,29005,1450,29000,6721
2020-06-04 09:37:07.690000,29068.17,29010,25054,29015,14235,29000,1721,28995,1450
2020-06-04 09:37:08.640000,29068.17,29005,24289,29010,15000,28990,1450,28985,4438
2020-06-04 09:37:09.640000,29068.17,29010,25054,29015,14235,28995,1450,28990,5000
2020-06-04 09:37:10.560000,29068.17,29005,24289,29010,15000,28990,1450,28985,4438
2020-06-04 09:37:11.390000,29068.17,29005,24289,29010,15000,28990,1450,28985,4438
2020-06-04 09:37:12.940000,29031.93,29010,25054,29015,14235,28995,1450,28990,5000
2020-06-04 09:37:16.030000,29031.93,29005,24289,29010,15000,28990,1450,28985,4438
2020-06-04 09:37:17.700000,29031.93,29005,24289,29010,15000,28990,1450,28985,4438
2020-06-04 09:37:18.430000,29031.93,29005,24289,29010,15000,28990,1450,28985,4438
2020-06-04 09:37:19.900000,29031.93,29000,25054,29005,14235,28985,1450,28980,5000
2020-06-04 09:37:20.730000,29031.93,29000,25054,29005,14235,28985,1450,28980,5000
2020-06-04 09:37:22.460000,29031.93,28990,25054,28995,14235,28975,1450,28970,14200
2020-06-04 09:37:23.370000,29041.82,28990,25054,28995,14235,28970,6450,28965,4438
2020-06-04 09:37:24.260000,29041.82,28985,24289,28990,15000,28970,1450,28965,4438
2020-06-04 09:37:25.230000,29041.82,28980,25054,28985,14235,28965,1450,28960,14200
2020-06-04 09:37:26.140000,29041.82,28980,25054,28985,14235,28965,1450,28960,5000
2020-06-04 09:37:26.930000,29041.82,28975,24289,28980,15000,28960,1356,28955,4438
2020-06-04 09:37:27.840000,29041.82,28970,25054,28975,14235,28955,1356,28950,14200
2020-06-04 09:37:28.930000,29041.82,28960,25054,28965,14235,28945,1356,28940,5000
2020-06-04 09:37:30.090000,29041.82,28960,25054,28965,14235,28945,1356,28940,5000
2020-06-04 09:37:31.230000,29041.82,28955,24289,28960,15500,28940,1356,28935,13638
2020-06-04 09:37:32.260000,29041.82,28955,24289,28960,15500,28940,1356,28935,4438
2020-06-04 09:37:33.200000,29041.82,28950,25054,28955,14235,28935,1356,28930,5000
2020-06-04 09:37:34.930000,29005.54,28950,25054,28955,14235,28935,1356,28930,5000
2020-06-04 09:37:35.730000,29005.54,28950,25054,28955,14235,28935,1356,28930,5000
2020-06-04 09:37:36.630000,29005.54,28955,24289,28960,15500,28940,1356,28935,4438
2020-06-04 09:37:37.570000,29005.54,28960,25554,28965,18235,28945,1356,28940,5000
2020-06-04 09:37:38.460000,29005.54,28955,24289,28960,15500,28940,1356,28935,4438
2020-06-04 09:37:40.830000,29005.54,28955,24289,28960,15500,28940,1356,28935,4438
2020-06-04 09:37:42.460000,29005.54,28960,500,28965,24289,28950,1356,28945,4438
2020-06-04 09:37:43.330000,28978.14,28975,24289,28980,15000,28960,856,28955,4438
2020-06-04 09:37:44.270000,28978.14,28980,25054,28985,14235,28965,856,28960,5000
2020-06-04 09:37:45.240000,28978.14,28975,24289,28980,15000,28960,856,28955,4438
2020-06-04 09:37:46.270000,28978.14,28975,24289,28980,15000,28960,856,28955,4438
2020-06-04 09:37:47.160000,28978.14,28970,25054,28975,14235,28955,856,28950,5000
2020-06-04 09:37:48.740000,28978.14,28970,25054,28975,14235,28955,856,28950,5000
2020-06-04 09:37:50.330000,28978.14,28970,25054,28975,14235,28955,856,28950,5000
2020-06-04 09:37:54.090000,28991.62,28980,25054,28985,14235,28965,856,28960,5000
2020-06-04 09:37:54.940000,28991.62,28985,24289,28990,19000,28970,856,28965,4438
2020-06-04 09:37:55.740000,28991.62,28985,24289,28990,19000,28970,856,28965,4438
2020-06-04 09:37:56.670000,28991.62,28990,25054,28995,14235,28975,856,28970,5000
2020-06-04 09:37:59.230000,28991.62,28980,25054,28985,14235,28965,856,28960,14200
2020-06-04 09:38:00.200000,28991.62,28975,24289,28980,15000,28960,856,28955,4438
2020-06-04 09:38:01.940000,28991.62,28980,25054,28985,14235,28965,856,28960,5000
2020-06-04 09:38:02.700000,28991.62,28975,24289,28980,15000,28960,856,28955,4438
2020-06-04 09:38:03.360000,28993.73,28975,24289,28980,15000,28960,856,28955,4438
2020-06-04 09:38:05.390000,28993.73,28970,25054,28975,14235,28955,856,28950,5000
2020-06-04 09:38:06.140000,28993.73,28980,25054,28985,18235,28965,856,28960,5000
2020-06-04 09:38:06.930000,28993.73,28975,24289,28980,15000,28960,856,28955,4438
2020-06-04 09:38:07.700000,28993.73,28975,24289,28980,15000,28960,856,28955,4438
2020-06-04 09:38:08.500000,28993.73,28985,24289,28990,15000,28970,856,28965,4438
2020-06-04 09:38:09.260000,28993.73,28980,25054,28985,14235,28965,856,28960,5000
2020-06-04 09:38:10.840000,28993.73,28985,24289,28990,15000,28970,856,28965,4438
2020-06-04 09:38:11.640000,28993.73,28980,25054,28985,14235,28965,856,28960,5000
2020-06-04 09:38:13.230000,28993.73,28985,24289,28990,15000,28970,856,28965,4438
2020-06-04 09:38:15.530000,28974.92,28990,25054,28995,14235,28975,856,28970,5000
2020-06-04 09:38:16.430000,28974.92,28990,25054,28995,14235,28975,856,28970,5000
2020-06-04 09:38:17.230000,28974.92,28990,25054,28995,14235,28975,856,28970,5000
2020-06-04 09:38:18.020000,28974.92,28985,24289,28990,15000,28970,856,28965,4438
2020-06-04 09:38:18.870000,28974.92,28985,24289,28990,15000,28970,856,28965,4438
2020-06-04 09:38:20.600000,28974.92,28990,25054,28995,14235,28975,856,28970,5000
2020-06-04 09:38:22.130000,28974.92,28990,25054,28995,14235,28975,856,28970,5000
2020-06-04 09:38:23.630000,28992.33,28990,25054,28995,14235,28975,856,28970,5000
2020-06-04 09:38:25.070000,28992.33,28985,24289,28990,15000,28970,856,28965,4438
2020-06-04 09:38:25.900000,28992.33,28990,25054,28995,14235,28975,856,28970,5000
2020-06-04 09:38:26.730000,28992.33,28985,4235,28990,25054,28970,856,28965,4438
2020-06-04 09:38:27.740000,28992.33,28990,25054,28995,14235,28975,856,28970,5000
2020-06-04 09:38:28.990000,28992.33,28985,24289,28990,15000,28970,856,28965,4438
2020-06-04 09:38:30.600000,28992.33,28985,24289,28990,15000,28970,856,28965,4438
2020-06-04 09:38:32.800000,29015.11,28980,25054,28985,14235,28965,856,28960,5000
2020-06-04 09:38:33.600000,29015.11,28980,25054,28985,14235,28965,856,28960,5000
2020-06-04 09:38:34.300000,29015.11,28985,24289,28990,15000,28970,856,28965,4438
2020-06-04 09:38:35.770000,29015.11,28985,24289,28990,15000,28965,5294,28960,5000
2020-06-04 09:38:36.530000,29015.11,28985,24289,28990,15000,28970,856,28965,4438
2020-06-04 09:38:38.690000,29015.11,28980,25054,28985,14235,28965,856,28960,5000
2020-06-04 09:38:39.860000,29015.11,28985,24289,28990,15000,28970,856,28965,4438
2020-06-04 09:38:40.690000,29015.11,28990,25054,28995,18235,28975,856,28970,5000
2020-06-04 09:38:41.500000,29015.11,28990,25054,28995,14235,28975,856,28970,5000
2020-06-04 09:38:43.530000,28991.49,28990,25054,28995,14235,28975,856,28970,5000
2020-06-04 09:38:44.470000,28991.49,28995,24289,29000,15573,28980,856,28975,4438
2020-06-04 09:38:45.330000,28991.49,29000,25627,29005,14235,28985,856,28980,5000
2020-06-04 09:38:47.590000,28991.49,28995,24289,29000,15573,28980,856,28975,4438
2020-06-04 09:38:48.440000,28991.49,28990,25054,28995,14235,28975,856,28970,5000
2020-06-04 09:38:49.230000,28991.49,28985,24289,28990,15000,28965,4438,28960,14200
2020-06-04 09:38:50.060000,28991.49,28985,14235,28990,15000,28965,4438,28960,14200
2020-06-04 09:38:51.000000,28991.49,28990,35054,28995,14235,28975,20054,28970,5000
2020-06-04 09:38:51.890000,28991.49,28995,34289,29000,15573,28980,20054,28975,4438
2020-06-04 09:38:54.890000,28986.85,28990,35054,28995,14235,28975,20054,28970,5000
2020-06-04 09:39:00.680000,28986.85,28985,34289,28990,15000,28970,20054,28965,4438
2020-06-04 09:39:01.790000,28986.85,28980,35054,28985,14235,28965,20054,28960,5000
2020-06-04 09:39:03.240000,28990.2,28985,34289,28990,15000,28970,20054,28965,4438
2020-06-04 09:39:04.420000,28990.2,28985,34289,28990,15000,28970,20054,28965,4438
2020-06-04 09:39:05.560000,28990.2,28990,35054,28995,14235,28975,20054,28970,5100
2020-06-04 09:39:06.540000,28990.2,28995,34289,29000,19573,28975,24492,28970,5100
2020-06-04 09:39:07.560000,28990.2,28990,35054,28995,14235,28975,20054,28970,5100
2020-06-04 09:39:09.730000,28990.2,28990,35054,28995,14235,28975,20054,28970,5100
2020-06-04 09:39:10.730000,28990.2,28985,34289,28990,15000,28970,20154,28965,4438
2020-06-04 09:39:12.160000,28990.2,28985,34289,28990,15000,28970,20154,28965,4438
2020-06-04 09:39:13.340000,28990.2,28985,34289,28990,15000,28970,20154,28965,4438
2020-06-04 09:39:14.440000,28987.5,28985,34289,28990,15000,28970,20154,28965,4438
2020-06-04 09:39:19.630000,28987.5,28980,35054,28985,14235,28970,100,28965,20054
2020-06-04 09:39:21.770000,28987.5,28985,34289,28990,15000,28970,20154,28965,4438
2020-06-04 09:39:24.240000,29009.71,28985,30054,28990,15000,28970,25154,28965,4438
2020-06-04 09:39:25.440000,29009.71,28975,34289,28980,15000,28970,100,28960,20054
2020-06-04 09:39:25.740000,29009.71,28965,34289,28970,15000,28955,9200,28950,20054
2020-06-04 09:39:26.640000,29009.71,28965,34289,28970,15000,28950,20054,28945,4438
2020-06-04 09:39:28.670000,29009.71,28960,35054,28965,14235,28945,20054,28940,5000
2020-06-04 09:39:29.720000,29009.71,28965,34289,28970,15000,28950,20054,28945,4438
2020-06-04 09:39:30.750000,29009.71,28965,34289,28970,15000,28950,20054,28945,4438
2020-06-04 09:39:32.340000,29009.71,28965,35054,28970,14235,28950,20054,28945,4438
2020-06-04 09:39:32.820000,29009.71,28960,34289,28965,15000,28945,20054,28940,14200
2020-06-04 09:39:33.640000,28980.13,28955,35054,28960,14235,28940,29254,28935,4438
2020-06-04 09:39:34.400000,28980.13,28955,35054,28960,14235,28940,20054,28935,4438
2020-06-04 09:39:36.000000,28980.13,28950,34289,28955,15000,28935,20054,28930,5000
2020-06-04 09:39:37.070000,28980.13,28950,4235,28955,35054,28940,20054,28930,5000
2020-06-04 09:39:37.370000,28980.13,28955,35054,28960,14235,28940,20054,28935,4438
2020-06-04 09:39:38.130000,28980.13,28955,35054,28960,14235,28940,20054,28935,4438
2020-06-04 09:39:40.260000,28980.13,28955,35054,28960,14235,28940,20054,28935,4438
2020-06-04 09:39:41.340000,28980.13,28960,34289,28965,19000,28945,20054,28940,5000
2020-06-04 09:39:42.380000,28980.13,28955,35054,28960,14235,28940,20054,28935,4438
2020-06-04 09:39:42.760000,28980.13,28955,35054,28960,14235,28940,20054,28935,4438
2020-06-04 09:39:46.070000,28977.54,28960,34289,28965,15000,28945,20054,28940,5000
2020-06-04 09:39:46.630000,28977.54,28955,35054,28960,14235,28940,20054,28935,4438
2020-06-04 09:39:47.650000,28977.54,28955,35054,28960,14235,28940,20054,28935,4438
2020-06-04 09:39:49.230000,28977.54,28955,35054,28960,14235,28940,20054,28935,4438
2020-06-04 09:39:50.330000,28977.54,28950,34289,28955,15000,28935,20054,28930,5000
2020-06-04 09:39:51.130000,28977.54,28945,35054,28950,14235,28930,20054,28925,4438
2020-06-04 09:39:52.360000,28977.54,28935,5000,28940,34289,28925,20054,28915,13638
2020-06-04 09:39:52.940000,28977.54,28935,35054,28940,14235,28920,20054,28915,13638
2020-06-04 09:39:53.950000,28977.98,28930,34289,28935,15000,28915,29254,28910,5000
2020-06-04 09:39:55.000000,28977.98,28925,35054,28930,14235,28910,20054,28905,4438
2020-06-04 09:39:56.060000,28977.98,28925,35054,28930,14235,28910,20054,28905,4438
2020-06-04 09:39:59.090000,28977.98,28920,4235,28925,35054,28905,20054,28900,5000
2020-06-04 09:40:00.260000,28977.98,28930,34289,28935,15000,28915,20054,28910,5000
2020-06-04 09:40:01.840000,28977.98,28925,35054,28930,14235,28910,20054,28905,4438
2020-06-04 09:40:03.930000,28971.45,28930,34289,28935,15000,28915,20054,28910,5000
2020-06-04 09:40:04.260000,28971.45,28925,35054,28930,14235,28910,20054,28905,4438
2020-06-04 09:40:05.060000,28971.45,28935,35054,28940,14235,28920,20054,28915,4438
2020-06-04 09:40:06.090000,28971.45,28940,34289,28945,19000,28925,20054,28920,5000
2020-06-04 09:40:07.140000,28971.45,28945,4000,28950,34289,28935,20054,28930,5000
2020-06-04 09:40:08.200000,28971.45,28950,34289,28955,15000,28935,20054,28930,5000
2020-06-04 09:40:08.730000,28971.45,28960,34289,28965,15000,28945,20054,28940,5000
2020-06-04 09:40:09.790000,28971.45,28960,34289,28965,15000,28945,20054,28940,5000
2020-06-04 09:40:10.840000,28971.45,28955,35054,28960,14235,28940,20054,28935,4438
2020-06-04 09:40:11.900000,28971.45,28970,34289,28975,15000,28955,20054,28950,5000
2020-06-04 09:40:12.340000,28971.45,28970,34289,28975,15000,28955,20054,28950,5000
2020-06-04 09:40:13.430000,28972.36,28980,34289,28985,15000,28965,20054,28960,5000
2020-06-04 09:40:14.540000,28972.36,28980,34289,28985,15000,28965,20054,28960,5000
2020-06-04 09:40:15.590000,28972.36,28975,30054,28980,14235,28960,25054,28955,4438
2020-06-04 09:40:16.630000,28972.36,28975,35054,28980,14235,28960,20054,28955,4438
2020-06-04 09:40:17.680000,28972.36,28980,34289,28985,15000,28965,20054,28960,5000
2020-06-04 09:40:19.240000,28972.36,28980,34289,28985,15000,28965,20054,28960,5000
2020-06-04 09:40:19.840000,28972.36,28975,35054,28980,14235,28960,20054,28955,4438
2020-06-04 09:40:20.840000,28972.36,28970,34289,28975,15000,28955,20054,28950,5000
2020-06-04 09:40:23.000000,28972.36,28965,35054,28970,14235,28950,20054,28945,4438
2020-06-04 09:40:25.550000,28992.5,28965,35054,28970,14235,28950,20054,28945,4438
2020-06-04 09:40:25.920000,28992.5,28960,34289,28965,15000,28945,20054,28940,5000
2020-06-04 09:40:27.140000,28992.5,28955,35054,28960,14235,28940,20054,28935,4438
2020-06-04 09:40:27.630000,28992.5,28955,35054,28960,14235,28940,20054,28935,4438
2020-06-04 09:40:28.450000,28992.5,28965,35054,28970,14235,28950,20054,28945,4438
2020-06-04 09:40:30.300000,28992.5,28965,35054,28970,14235,28950,20054,28945,4438
2020-06-04 09:40:33.420000,28992.5,28965,35054,28970,14235,28950,20054,28945,4438
2020-06-04 09:40:34.480000,28987.64,28970,34289,28975,15000,28955,20054,28950,5000
2020-06-04 09:40:35.530000,28987.64,28965,35054,28970,14235,28950,20054,28945,4438
2020-06-04 09:40:35.860000,28987.64,28970,34289,28975,15000,28955,20054,28950,5000
2020-06-04 09:40:36.530000,28987.64,28965,5000,28970,34289,28955,20054,28945,4438
2020-06-04 09:40:37.620000,28987.64,28965,35654,28970,14235,28950,20054,28945,4438
2020-06-04 09:40:37.940000,28987.64,28965,600,28970,34289,28955,20054,28950,5000
2020-06-04 09:40:39.230000,28987.64,28965,600,28970,34289,28955,20054,28950,5000
2020-06-04 09:40:41.250000,28987.64,28965,35654,28970,14235,28950,20054,28945,4438
2020-06-04 09:40:42.290000,28987.64,28975,35054,28980,14235,28960,20054,28955,4438
2020-06-04 09:40:42.820000,28987.64,28975,35054,28980,14235,28960,20054,28955,4438
2020-06-04 09:40:45.060000,28975.7,28980,34289,28985,15000,28965,20054,28960,5000
2020-06-04 09:40:45.920000,28975.7,28985,35054,28990,14235,28970,20054,28965,4438
2020-06-04 09:40:48.560000,28975.7,28975,35054,28980,14235,28960,20054,28955,4438
2020-06-04 09:40:48.870000,28975.7,28980,34289,28985,15000,28965,20054,28960,5000
2020-06-04 09:40:49.590000,28975.7,28975,35054,28980,14235,28960,20054,28955,4438
2020-06-04 09:40:51.230000,28975.7,28975,35054,28980,14235,28960,20054,28955,4438
2020-06-04 09:40:52.700000,28975.7,28975,35054,28980,14235,28960,20054,28955,4438
2020-06-04 09:40:54.130000,28997.93,28975,35054,28980,14235,28960,20054,28955,4438
2020-06-04 09:40:56.450000,28997.93,28970,30054,28975,15000,28955,24492,28950,5000
2020-06-04 09:40:56.790000,28997.93,28970,500,28975,35054,28960,20054,28955,4438
2020-06-04 09:40:57.520000,28997.93,28970,700,28975,35054,28960,20054,28955,4438
2020-06-04 09:40:58.550000,28997.93,28980,34289,28985,15000,28965,20054,28960,5000
2020-06-04 09:40:59.020000,28997.93,28980,34289,28985,15000,28965,20054,28960,5000
2020-06-04 09:41:01.180000,28997.93,28985,35054,28990,14235,28965,24492,28960,5000
2020-06-04 09:41:01.540000,28997.93,28980,34289,28985,15000,28965,20054,28960,5000
2020-06-04 09:41:03.290000,28997.93,28975,35054,28980,14235,28960,20054,28955,4438
2020-06-04 09:41:05.270000,28984.99,28980,34289,28985,15000,28965,20054,28960,5000
2020-06-04 09:41:06.430000,28984.99,28985,35054,28990,14235,28970,20054,28965,4438
2020-06-04 09:41:07.470000,28984.99,28990,34289,28995,15000,28975,20054,28970,5000
2020-06-04 09:41:08.070000,28984.99,28995,35054,29000,15955,28975,24492,28970,5000
2020-06-04 09:41:09.040000,28984.99,28990,34289,28995,15000,28975,20054,28970,5000
2020-06-04 09:41:11.990000,28984.99,28995,35054,29000,15955,28980,20054,28975,4438
2020-06-04 09:41:13.190000,28984.99,28990,34289,28995,15000,28975,20054,28970,5000
2020-06-04 09:41:13.690000,29000.0,28985,35054,28990,14235,28970,20054,28965,4438
2020-06-04 09:41:14.750000,29000.0,28980,34489,28985,15000,28965,20053,28960,5000
2020-06-04 09:41:16.350000,29000.0,28980,200,28985,35054,28970,20053,28965,4438
2020-06-04 09:41:16.800000,29000.0,28980,200,28985,35054,28970,20053,28965,4438
2020-06-04 09:41:17.890000,29000.0,28985,35053,28990,14235,28970,20053,28965,4438
2020-06-04 09:41:18.270000,29000.0,28980,34289,28985,14999,28965,20053,28960,5000
2020-06-04 09:41:21.110000,29000.0,28985,35053,28990,14235,28970,20053,28965,4438
2020-06-04 09:41:22.140000,29000.0,28990,34289,28995,15000,28970,25053,28965,4438
2020-06-04 09:41:22.590000,29000.0,28985,35053,28990,14235,28970,20053,28965,4438
2020-06-04 09:41:23.720000,29018.71,28975,35054,28980,14235,28960,20053,28955,4438
2020-06-04 09:41:24.190000,29018.71,28980,34289,28985,14999,28965,20053,28960,5000
2020-06-04 09:41:26.430000,29018.71,28975,35054,28980,14235,28960,20053,28955,4438
2020-06-04 09:41:27.130000,29018.71,28980,34289,28985,14999,28965,20053,28960,5000
2020-06-04 09:41:27.870000,29018.71,28985,35053,28990,14235,28970,20053,28965,4438
2020-06-04 09:41:30.860000,29018.71,28990,34289,28995,15000,28975,20053,28970,5000
2020-06-04 09:41:32.490000,29018.71,28990,34289,28995,15000,28975,20053,28970,5000
2020-06-04 09:41:36.420000,29006.58,28985,35053,28990,14235,28970,20053,28965,4438
2020-06-04 09:41:37.440000,29006.58,28995,35054,29000,15955,28980,20053,28975,4438
2020-06-04 09:41:38.500000,29006.58,28995,35054,29000,16528,28980,20053,28975,4438
2020-06-04 09:41:38.940000,29006.58,28995,35054,29000,16528,28980,20053,28975,4438
2020-06-04 09:41:42.190000,29006.58,28995,35054,29000,16528,28980,20053,28975,4438
2020-06-04 09:41:42.660000,29022.55,28995,30054,29000,16528,28980,25053,28975,4438
2020-06-04 09:41:43.780000,29022.55,28995,35054,29000,16528,28980,20053,28975,4438
2020-06-04 09:41:44.790000,29022.55,28995,35054,29000,16528,28980,20053,28975,4438
2020-06-04 09:41:45.470000,29022.55,28990,34289,28995,15000,28975,20053,28970,5000
2020-06-04 09:41:46.440000,29022.55,28990,34289,28995,15000,28975,20053,28970,5000
2020-06-04 09:41:46.700000,29022.55,28995,35054,29000,16528,28980,20053,28975,4438
2020-06-04 09:41:47.500000,29022.55,28990,34289,28995,15000,28975,20053,28970,5000
2020-06-04 09:41:48.540000,29022.55,28995,35054,29000,16528,28980,20053,28975,4438
2020-06-04 09:41:52.250000,29022.55,28990,34289,28995,15000,28975,20053,28970,5000
2020-06-04 09:41:53.820000,28999.33,28985,35053,28990,14235,28970,20053,28965,4438
2020-06-04 09:41:54.170000,28999.33,28990,14235,28995,35054,28980,20053,28970,5000
2020-06-04 09:41:55.420000,28999.33,29000,36582,29005,15000,28985,20053,28980,5000
2020-06-04 09:41:56.460000,28999.33,28995,35054,29000,16528,28980,20053,28975,4438
2020-06-04 09:41:56.870000,28999.33,28995,35054,29000,16528,28980,20053,28975,4438
2020-06-04 09:41:58.010000,28999.33,29000,36582,29005,15000,28980,25053,28975,4438
2020-06-04 09:41:58.430000,28999.33,28995,35054,29000,16528,28980,20053,28975,4438
2020-06-04 09:41:59.590000,28999.33,28990,34289,28995,15000,28975,20053,28970,4906
2020-06-04 09:41:59.930000,28999.33,28995,35054,29000,16528,28980,20053,28975,4438
2020-06-04 09:42:00.720000,28999.33,29000,6528,29005,35054,28985,20053,28980,4906
2020-06-04 09:42:01.540000,28999.33,29000,2293,29005,30054,28990,24491,28985,4906
2020-06-04 09:42:02.800000,28999.33,29015,35054,29020,14235,29000,20053,28995,4906
2020-06-04 09:42:04.240000,29026.86,29015,35054,29020,14235,29000,20053,28995,4906
2020-06-04 09:42:05.920000,29026.86,29015,35054,29020,14235,29000,20053,28995,4906
2020-06-04 09:42:07.490000,29026.86,29020,34289,29025,15000,29005,20053,29000,4438
2020-06-04 09:42:08.550000,29026.86,29025,35054,29030,14235,29010,20053,29005,4906
2020-06-04 09:42:11.360000,29026.86,29020,34289,29025,15000,29005,20053,29000,4438
2020-06-04 09:42:12.850000,29026.86,29015,35054,29020,14235,29000,20053,28995,4906
2020-06-04 09:42:13.540000,29032.18,29020,34289,29025,15000,29005,20053,29000,4438
2020-06-04 09:42:15.040000,29032.18,29025,35054,29030,14235,29010,20053,29005,4906
2020-06-04 09:42:15.800000,29032.18,29020,34289,29025,15000,29005,20053,29000,4438
2020-06-04 09:42:16.830000,29032.18,29020,34289,29025,15000,29005,20053,29000,4438
2020-06-04 09:42:21.930000,29032.18,29015,35054,29020,14235,29000,20053,28995,4906
2020-06-04 09:42:25.350000,29029.2,29020,34289,29025,15000,29005,20053,29000,4438
2020-06-04 09:42:28.100000,29029.2,29015,35054,29020,14235,29000,20053,28995,4906
2020-06-04 09:42:29.460000,29029.2,29010,34288,29015,15800,28995,20053,28990,4438
2020-06-04 09:42:32.880000,29029.2,29015,35854,29020,14235,29000,20053,28995,4906
2020-06-04 09:42:33.360000,29021.2,29015,35054,29020,14235,29000,20053,28995,4906
2020-06-04 09:42:34.320000,29021.2,29015,35054,29020,14235,29000,20053,28995,4906
2020-06-04 09:42:38.690000,29021.2,29015,35054,29020,14235,29000,20053,28995,4906
2020-06-04 09:42:39.500000,29021.2,29015,35054,29020,14235,29000,20053,28995,4906
2020-06-04 09:42:42.590000,29021.2,29020,34289,29025,15000,29005,20053,29000,4438
2020-06-04 09:42:43.750000,29034.45,29015,35054,29020,14235,29000,20053,28995,4906
2020-06-04 09:42:46.360000,29034.45,29010,34288,29015,15000,28995,20053,28990,4438
2020-06-04 09:42:47.410000,29034.45,29005,35054,29010,14234,28990,20053,28985,4906
2020-06-04 09:42:48.440000,29034.45,29000,34289,29005,15000,28985,20053,28980,4438
2020-06-04 09:42:51.090000,29034.45,29000,34863,29005,15000,28985,20053,28980,4438
2020-06-04 09:42:56.590000,29030.07,29000,574,29005,35054,28990,20053,28985,4906
2020-06-04 09:42:57.420000,29030.07,29000,574,29010,34288,28995,20053,28990,4438
2020-06-04 09:42:58.460000,29030.07,29010,34288,29015,15000,28995,20053,28990,4438
2020-06-04 09:43:00.530000,29030.07,29015,35054,29020,14235,29000,20053,28995,4906
2020-06-04 09:43:01.590000,29030.07,29020,34289,29025,15000,29005,20053,29000,4438
2020-06-04 09:43:02.140000,29030.07,29015,35054,29020,14235,29000,20053,28995,4906
2020-06-04 09:43:04.230000,29030.87,29010,34288,29015,15000,28995,20053,28990,4438
2020-06-04 09:43:04.590000,29030.87,29015,35054,29020,14235,29000,20053,28995,4906
2020-06-04 09:43:07.060000,29030.87,29015,35054,29020,14235,29000,20053,28995,4906
2020-06-04 09:43:08.430000,29030.87,29015,35054,29020,14235,29000,20053,28995,4906
2020-06-04 09:43:16.220000,29036.34,29010,34288,29015,15000,28995,20053,28990,4438
2020-06-04 09:43:17.510000,29036.34,29005,35054,29010,14934,28990,20053,28985,4906
2020-06-04 09:43:18.440000,29036.34,29000,34289,29005,15000,28985,20053,28980,4438
2020-06-04 09:43:18.830000,29036.34,28995,35054,29000,14235,28980,20053,28975,4906
2020-06-04 09:43:19.540000,29036.34,29000,34289,29005,15000,28985,20053,28980,4438
2020-06-04 09:43:20.520000,29036.34,29005,20054,29010,14934,28990,24491,28985,4906
2020-06-04 09:43:21.570000,29036.34,29010,34988,29015,15000,28995,20053,28990,4438
2020-06-04 09:43:21.970000,29036.34,29010,34288,29015,15000,28995,20053,28990,4438
2020-06-04 09:43:24.710000,29010.9,29005,35054,29010,14234,28990,20053,28985,4906
2020-06-04 09:43:25.750000,29010.9,29000,34289,29005,15000,28985,20053,28980,4438
2020-06-04 09:43:26.160000,29010.9,28995,35054,29000,14235,28980,20053,28975,4906
2020-06-04 09:43:26.830000,29010.9,29000,34289,29005,15000,28985,20053,28980,4438
2020-06-04 09:43:29.100000,29010.9,28995,35054,29000,14235,28980,20053,28975,4906
2020-06-04 09:43:30.990000,29010.9,28995,35054,29000,14235,28980,20053,28975,4906
2020-06-04 09:43:36.220000,29013.53,28990,34289,28995,15000,28975,20053,28970,4438
2020-06-04 09:43:36.530000,29013.53,28995,35054,29000,14235,28980,20053,28975,4906
2020-06-04 09:43:37.250000,29013.53,28985,35053,28990,14235,28970,20053,28965,4906
2020-06-04 09:43:38.280000,29013.53,28975,35054,28980,14235,28960,20053,28955,4906
2020-06-04 09:43:38.760000,29013.53,28970,34289,28975,15200,28955,20053,28950,4438
2020-06-04 09:43:39.840000,29013.53,28965,5000,28970,34289,28950,20053,28945,4906
2020-06-04 09:43:40.860000,29013.53,28965,100,28970,34289,28955,20053,28950,4438
2020-06-04 09:43:41.440000,29013.53,28965,35254,28970,14235,28950,20053,28945,4906
2020-06-04 09:43:42.390000,29013.53,28965,35254,28970,14235,28950,20053,28945,4906
2020-06-04 09:43:43.470000,29013.53,28965,35254,28970,14235,28950,20053,28945,4906
2020-06-04 09:43:44.560000,29006.93,28965,35254,28970,14235,28950,20053,28945,4906
2020-06-04 09:43:47.180000,29006.93,28965,35254,28970,14235,28950,20053,28945,4906
2020-06-04 09:43:47.430000,29006.93,28965,200,28970,34289,28955,20053,28950,4438
2020-06-04 09:43:48.250000,29006.93,28965,35254,28970,14235,28950,20053,28945,4906
2020-06-04 09:43:48.730000,29006.93,28965,200,28970,34289,28955,20053,28950,4438
2020-06-04 09:43:50.320000,29006.93,28965,200,28970,34289,28955,20053,28950,4438
2020-06-04 09:43:50.540000,29006.93,28965,200,28970,34289,28955,20053,28950,4438
2020-06-04 09:43:53.450000,29006.93,28965,35254,28970,14235,28950,20053,28945,4906
2020-06-04 09:43:56.090000,29004.51,28960,34288,28965,15200,28945,20053,28940,4438
2020-06-04 09:43:56.430000,29004.51,28965,35254,28970,14235,28950,20053,28945,4906
2020-06-04 09:43:58.650000,29004.51,28970,34289,28975,15200,28955,20053,28950,4438
2020-06-04 09:43:59.710000,29004.51,28965,35054,28970,14235,28950,20053,28945,4906
2020-06-04 09:44:01.300000,29004.51,28970,34289,28975,15200,28955,20053,28950,4438
2020-06-04 09:44:03.400000,28988.49,28970,34289,28975,15200,28955,20053,28950,4438
2020-06-04 09:44:03.800000,28988.49,28965,35054,28970,14235,28950,20053,28945,4906
2020-06-04 09:44:05.520000,28988.49,28960,34288,28965,15000,28945,20053,28940,4438
2020-06-04 09:44:08.900000,28988.49,28955,35054,28960,14234,28940,20053,28935,4906
2020-06-04 09:44:09.690000,28988.49,28960,34288,28965,15000,28945,20053,28940,4906
2020-06-04 09:44:10.750000,28988.49,28965,30054,28970,14235,28950,24959,28945,4438
2020-06-04 09:44:11.220000,28988.49,28975,200,28980,34289,28965,20053,28960,4906
2020-06-04 09:44:12.320000,28988.49,28980,34289,28985,15199,28965,20053,28960,4906
2020-06-04 09:44:13.350000,28988.49,28980,34289,28985,15199,28965,20053,28960,4906
2020-06-04 09:44:14.380000,28968.51,28975,35054,28980,14235,28960,20053,28955,4438
2020-06-04 09:44:15.990000,28968.51,28970,34289,28975,15000,28955,20053,28950,4906
2020-06-04 09:44:17.000000,28968.51,28965,35054,28970,14235,28950,20053,28945,4438
2020-06-04 09:44:18.520000,28968.51,28970,34289,28975,15000,28950,24959,28945,4438
2020-06-04 09:44:18.830000,28968.51,28965,35054,28970,14235,28950,20053,28945,4438
2020-06-04 09:44:20.610000,28968.51,28975,35054,28980,14235,28960,20053,28955,4438
2020-06-04 09:44:22.030000,28968.51,28970,34289,28975,15500,28955,20053,28950,4906
2020-06-04 09:44:23.920000,28987.06,28975,35554,28980,14235,28960,20053,28955,4438
2020-06-04 09:44:24.780000,28987.06,28970,34289,28975,15500,28955,20053,28950,4906
2020-06-04 09:44:25.300000,28987.06,28970,34289,28975,15500,28955,20053,28950,4906
2020-06-04 09:44:26.370000,28987.06,28975,35554,28980,14235,28960,20053,28955,4438
2020-06-04 09:44:28.450000,28987.06,28970,34289,28975,15500,28955,20053,28950,4906
2020-06-04 09:44:32.860000,28983.89,28975,35554,28980,14235,28960,20053,28955,4438
2020-06-04 09:44:34.180000,28983.89,28975,500,28980,34289,28965,20053,28960,4906
2020-06-04 09:44:35.230000,28983.89,28975,35554,28980,14235,28960,20053,28955,4438
2020-06-04 09:44:36.390000,28983.89,28970,34289,28975,15500,28955,20053,28950,4906
2020-06-04 09:44:37.340000,28983.89,28970,34289,28975,15500,28955,20053,28950,4906
2020-06-04 09:44:39.070000,28983.89,28965,35054,28970,14235,28950,20053,28945,4438
2020-06-04 09:44:40.430000,28983.89,28965,35054,28970,14235,28950,20053,28945,4438
2020-06-04 09:44:41.530000,28983.89,28970,34289,28975,15500,28955,20053,28950,4906
2020-06-04 09:44:41.930000,28983.89,28965,35054,28970,14235,28950,20053,28945,4438
2020-06-04 09:44:42.590000,28983.89,28970,34289,28975,15500,28955,20053,28950,4906
2020-06-04 09:44:43.620000,28983.89,28970,34289,28975,15500,28955,20053,28950,4906
2020-06-04 09:44:46.210000,28990.83,28975,35554,28980,14235,28960,20053,28955,4438
2020-06-04 09:44:48.410000,28990.83,28975,500,28980,34289,28965,20053,28960,4906
2020-06-04 09:44:49.400000,28990.83,28990,34289,28995,15000,28975,20053,28970,4906
2020-06-04 09:44:49.900000,28990.83,28990,34289,28995,15000,28975,20053,28970,4906
2020-06-04 09:44:50.990000,28990.83,28995,35054,29000,14845,28980,20053,28975,4438
2020-06-04 09:44:53.050000,29004.59,28990,34289,28995,15000,28975,20053,28970,4906
2020-06-04 09:44:54.180000,29004.59,28985,35053,28990,14235,28970,20053,28965,4438
2020-06-04 09:44:54.550000,29004.59,28985,35053,28990,14235,28965,24491,28960,4906
2020-06-04 09:44:55.760000,29004.59,28980,34289,28985,14999,28965,20053,28960,4906
2020-06-04 09:44:56.050000,29004.59,28980,34289,28985,14999,28965,20053,28960,4906
2020-06-04 09:44:56.830000,29004.59,28980,34289,28985,14999,28965,20053,28960,4906
2020-06-04 09:44:57.990000,29004.59,28985,35053,28990,14235,28970,20053,28965,4438
2020-06-04 09:44:59.930000,29004.59,28980,34289,28985,14999,28965,20053,28960,4906
2020-06-04 09:45:00.360000,29004.59,28975,35054,28980,14235,28960,20053,28955,4438
2020-06-04 09:45:01.490000,29004.59,28965,35054,28970,14235,28950,20053,28945,4438
2020-06-04 09:45:05.690000,28997.82,28955,35054,28960,14234,28940,20053,28935,4438
2020-06-04 09:45:06.030000,28997.82,28955,35054,28960,14234,28940,20053,28935,4438
2020-06-04 09:45:06.770000,28997.82,28950,34289,28955,15000,28935,20053,28930,4906
2020-06-04 09:45:07.830000,28997.82,28945,35054,28950,14235,28930,20053,28925,4438
2020-06-04 09:45:08.300000,28997.82,28950,34289,28955,15000,28930,24959,28925,4438
2020-06-04 09:45:09.420000,28997.82,28945,35054,28950,14235,28930,20053,28925,4438
2020-06-04 09:45:10.480000,28997.82,28950,34289,28955,15000,28935,20053,28930,4906
2020-06-04 09:45:12.060000,28997.82,28955,35054,28960,14234,28940,20053,28935,4438
2020-06-04 09:45:12.470000,28997.82,28955,35054,28960,14234,28940,20053,28935,4438
2020-06-04 09:45:14.690000,28981.82,28950,34289,28955,15000,28935,20053,28930,4906
2020-06-04 09:45:15.720000,28981.82,28950,34289,28955,15000,28935,20053,28930,4906
2020-06-04 09:45:16.000000,28981.82,28955,35054,28960,14234,28940,20053,28935,4438
2020-06-04 09:45:17.830000,28981.82,28955,35054,28960,14234,28940,20053,28935,4438
2020-06-04 09:45:18.090000,28981.82,28950,34289,28955,15000,28935,20053,28930,4906
2020-06-04 09:45:18.920000,28981.82,28950,34289,28955,15000,28930,24959,28925,4438
2020-06-04 09:45:19.950000,28981.82,28950,34289,28955,15000,28935,20053,28930,4906
2020-06-04 09:45:21.500000,28981.82,28950,34289,28955,15000,28935,20053,28930,4906
2020-06-04 09:45:25.560000,28995.21,28950,34289,28955,15000,28935,20053,28930,4906
2020-06-04 09:45:26.290000,28995.21,28950,30054,28955,15000,28935,24491,28930,4906
2020-06-04 09:45:27.250000,28995.21,28950,34289,28955,15000,28935,20053,28930,4906
2020-06-04 09:45:29.920000,28995.21,28955,35054,28960,14234,28940,20053,28935,4438
2020-06-04 09:45:30.430000,28995.21,28950,4235,28955,35054,28940,20053,28930,4906
2020-06-04 09:45:31.480000,28995.21,28950,4235,28955,35054,28940,20053,28930,4906
2020-06-04 09:45:31.960000,28995.21,28950,34289,28955,15000,28935,20053,28930,4906
2020-06-04 09:45:33.060000,28995.21,28945,35054,28950,14235,28930,20053,28925,4438
2020-06-04 09:45:34.100000,28978.03,28945,35054,28950,14235,28935,20053,28925,4438
2020-06-04 09:45:35.130000,28978.03,28940,34289,28945,15000,28930,7336,28920,4906
2020-06-04 09:45:35.520000,28978.03,28950,34289,28955,15000,28940,7336,28930,4906
2020-06-04 09:45:36.680000,28978.03,28955,35054,28960,14234,28945,7336,28935,4438
2020-06-04 09:45:37.050000,28978.03,28955,35054,28960,14234,28945,7336,28935,4438
2020-06-04 09:45:39.300000,28978.03,28950,34289,28955,15000,28940,7336,28930,4906
2020-06-04 09:45:40.580000,28978.03,28950,34415,28955,15000,28940,7336,28930,4906
2020-06-04 09:45:41.410000,28978.03,28950,126,28955,35054,28945,7336,28935,4438
2020-06-04 09:45:42.990000,28978.03,28955,35054,28960,14234,28945,7210,28935,4438
2020-06-04 09:45:43.290000,28976.5,28955,35054,28960,14234,28945,7210,28935,4438
2020-06-04 09:45:50.820000,28976.5,28960,34288,28965,15000,28950,7210,28940,4906
2020-06-04 09:45:52.330000,28976.5,28970,34289,28975,15000,28960,7210,28950,4906
2020-06-04 09:45:53.390000,28976.5,28965,35054,28970,14235,28955,7210,28945,4438
2020-06-04 09:45:54.460000,28975.58,28965,35054,28970,14235,28955,7210,28945,4438
2020-06-04 09:45:56.520000,28975.58,28970,34289,28975,15000,28960,7210,28950,4906
2020-06-04 09:45:58.630000,28975.58,28975,35054,28980,14235,28965,7210,28955,4438
2020-06-04 09:45:58.920000,28975.58,28970,34289,28975,15000,28960,7210,28950,4906
2020-06-04 09:46:00.720000,28975.58,28965,35054,28970,14235,28955,7210,28945,4438
2020-06-04 09:46:03.560000,28971.27,28970,34289,28975,15000,28960,7210,28950,4906
2020-06-04 09:46:04.800000,28971.27,28965,35054,28970,14235,28955,7210,28945,4438
2020-06-04 09:46:07.290000,28971.27,28970,34289,28975,15000,28960,7210,28950,4906
2020-06-04 09:46:08.060000,28971.27,28975,35054,28980,14235,28965,7210,28955,4438
2020-06-04 09:46:09.120000,28971.27,28980,34289,28985,14999,28970,7210,28960,4906
2020-06-04 09:46:12.280000,28971.27,28975,35054,28980,14235,28965,7210,28955,4438
2020-06-04 09:46:12.790000,28971.27,28975,35054,28980,14235,28965,7210,28955,4438
2020-06-04 09:46:13.870000,28974.64,28980,34289,28985,14999,28965,7210,28960,4906
2020-06-04 09:46:14.060000,28974.64,28975,35054,28980,14235,28965,7210,28955,4438
2020-06-04 09:46:14.930000,28974.64,28970,34289,28975,15000,28960,7210,28950,4906
2020-06-04 09:46:15.960000,28974.64,28975,35054,28980,14235,28965,7210,28955,4438
2020-06-04 09:46:17.530000,28974.64,28970,34289,28975,15000,28960,7210,28950,4906
2020-06-04 09:46:19.130000,28974.64,28970,34289,28975,15000,28960,7210,28950,4906
2020-06-04 09:46:20.380000,28974.64,28965,35054,28970,14235,28955,7210,28945,4438
2020-06-04 09:46:23.320000,28981.72,28960,34288,28965,15000,28950,7210,28940,4906
2020-06-04 09:46:24.380000,28981.72,28955,35054,28960,14234,28945,7210,28935,4438
2020-06-04 09:46:25.950000,28981.72,28960,34288,28965,15000,28950,7210,28940,4906
2020-06-04 09:46:28.230000,28981.72,28955,35054,28960,14234,28945,7210,28935,4438
2020-06-04 09:46:29.040000,28981.72,28955,35054,28960,14234,28945,7210,28935,4438
2020-06-04 09:46:29.580000,28981.72,28955,35054,28960,14234,28945,7116,28935,4438
2020-06-04 09:46:33.460000,28969.93,28950,34289,28955,15000,28940,7116,28930,4906
2020-06-04 09:46:35.930000,28969.93,28955,35054,28960,14234,28945,7116,28935,4438
2020-06-04 09:46:38.050000,28969.93,28960,34288,28965,15000,28950,7116,28940,4906
2020-06-04 09:46:39.110000,28969.93,28970,34289,28975,15000,28960,7116,28950,4906
2020-06-04 09:46:40.920000,28969.93,28975,35054,28980,14235,28965,7116,28955,4438
2020-06-04 09:46:41.720000,28969.93,28975,35054,28980,14235,28965,7116,28955,4438
2020-06-04 09:46:42.750000,28969.93,28975,30054,28980,14235,28965,7116,28960,4906
2020-06-04 09:46:43.280000,28976.59,28980,34289,28985,14999,28970,7116,28960,4906
2020-06-04 09:46:44.310000,28976.59,28975,35054,28980,14235,28965,7116,28955,4438
2020-06-04 09:46:44.830000,28976.59,28980,34289,28985,14999,28970,7116,28960,4906
2020-06-04 09:46:45.890000,28976.59,28985,35053,28990,14235,28975,7116,28965,4438
2020-06-04 09:46:46.130000,28976.59,28980,34289,28985,14999,28970,7116,28960,4906
2020-06-04 09:46:46.950000,28976.59,28980,34289,28985,14999,28970,7116,28960,4906
2020-06-04 09:46:49.030000,28976.59,28975,35054,28980,14235,28965,7116,28955,4438
2020-06-04 09:46:49.730000,28976.59,28980,34289,28985,14999,28970,7116,28960,4906
2020-06-04 09:46:50.620000,28976.59,28975,30054,28980,14235,28965,7116,28960,4906
2020-06-04 09:46:51.120000,28976.59,28970,34289,28975,10000,28960,12022,28945,4438
2020-06-04 09:46:51.890000,28976.59,28970,34289,28975,15000,28960,7116,28950,4906
2020-06-04 09:46:53.750000,28984.41,28965,35054,28970,14235,28955,7116,28945,4438
2020-06-04 09:46:54.670000,28984.41,28965,35054,28970,14235,28955,7116,28945,4438
2020-06-04 09:46:55.330000,28984.41,28970,34289,28975,15000,28955,7116,28950,4906
2020-06-04 09:46:56.330000,28984.41,28970,34289,28975,15000,28960,7116,28950,4906
2020-06-04 09:46:59.330000,28984.41,28970,34289,28975,15000,28960,7116,28950,4906
2020-06-04 09:47:01.090000,28984.41,28970,34289,28975,15000,28960,7116,28950,4906
2020-06-04 09:47:01.430000,28984.41,28970,34289,28975,15000,28955,7116,28950,4906
2020-06-04 09:47:07.350000,28989.6,28965,35054,28970,14235,28950,7116,28945,4438
2020-06-04 09:47:07.820000,28989.6,28970,34289,28975,15000,28955,7116,28950,4906
2020-06-04 09:47:10.990000,28989.6,28960,30053,28965,15000,28945,11554,28940,4906
2020-06-04 09:47:11.290000,28989.6,28960,34288,28965,15000,28945,7116,28940,4906
2020-06-04 09:47:13.090000,28989.6,28955,35054,28960,14234,28940,7116,28935,4438
2020-06-04 09:47:13.370000,28967.98,28955,35054,28960,14234,28940,7116,28935,4438
2020-06-04 09:47:14.150000,28967.98,28955,35054,28960,14234,28940,7116,28935,4438
2020-06-04 09:47:17.630000,28967.98,28950,34289,28955,15000,28935,7116,28930,4906
2020-06-04 09:47:19.400000,28967.98,28950,4235,28955,35054,28940,7116,28930,4906
2020-06-04 09:47:20.460000,28967.98,28955,35054,28960,14234,28940,7116,28935,4438
2020-06-04 09:47:20.660000,28967.98,28955,35054,28960,14234,28940,7116,28935,4438
2020-06-04 09:47:22.550000,28967.98,28955,35054,28960,14234,28940,7116,28935,4438
2020-06-04 09:47:23.600000,28971.12,28955,15000,28960,34288,28940,7116,28935,4438
2020-06-04 09:47:24.080000,28971.12,28960,34288,28965,15000,28945,7116,28940,4906
2020-06-04 09:47:25.160000,28971.12,28965,35054,28970,14235,28950,7116,28945,4438
2020-06-04 09:47:25.460000,28971.12,28970,34289,28975,15000,28955,7116,28950,4906
2020-06-04 09:47:26.220000,28971.12,28965,35054,28970,14235,28950,7116,28945,4438
2020-06-04 09:47:27.490000,28971.12,28960,34288,28965,15000,28945,7116,28940,4906
2020-06-04 09:47:28.720000,28971.12,28955,35054,28960,14234,28940,7116,28935,4438
2020-06-04 09:47:29.390000,28971.12,28955,35054,28960,14234,28940,7116,28935,4438
2020-06-04 09:47:33.990000,28970.91,28950,34289,28955,15000,28935,7116,28930,4906
2020-06-04 09:47:35.340000,28970.91,28955,35054,28960,14234,28940,7116,28935,4438
2020-06-04 09:47:37.530000,28970.91,28950,34289,28955,15000,28935,7116,28930,4906
2020-06-04 09:47:38.330000,28970.91,28955,35054,28960,14234,28935,11554,28930,4906
2020-06-04 09:47:39.140000,28970.91,28950,34289,28955,15000,28935,7116,28930,4906
2020-06-04 09:47:39.950000,28970.91,28955,35054,28960,14234,28940,7116,28935,4438
2020-06-04 09:47:41.980000,28970.91,28955,35054,28960,14234,28940,7116,28935,4438
2020-06-04 09:47:45.530000,28965.9,28960,34288,28965,15000,28945,7116,28940,4906
2020-06-04 09:47:47.870000,28965.9,28955,35054,28960,14734,28940,7116,28935,4438
2020-06-04 09:47:50.920000,28965.9,28955,35054,28960,14734,28940,7116,28935,4438
2020-06-04 09:47:52.030000,28965.9,28955,35054,28960,14734,28940,7116,28935,4438
2020-06-04 09:47:53.030000,28962.14,28955,35054,28960,14734,28940,7116,28935,4438
2020-06-04 09:47:59.900000,28962.14,28955,35054,28960,14734,28940,7116,28935,4438
2020-06-04 09:48:01.010000,28962.14,28950,34289,28955,15000,28935,7116,28930,4906
2020-06-04 09:48:03.550000,28942.85,28955,35054,28960,14734,28940,7116,28935,4438
2020-06-04 09:48:04.340000,28942.85,28950,34289,28955,15000,28935,7116,28930,4906
2020-06-04 09:48:05.260000,28942.85,28955,35054,28960,14734,28940,7116,28935,4438
2020-06-04 09:48:07.400000,28942.85,28955,35054,28960,14734,28940,7116,28935,4438
2020-06-04 09:48:08.440000,28942.85,28950,34289,28955,15000,28935,7116,28930,4906
2020-06-04 09:48:08.720000,28942.85,28955,35054,28960,14734,28940,7116,28935,4438
2020-06-04 09:48:09.490000,28942.85,28960,34788,28965,15000,28945,7116,28940,4906
2020-06-04 09:48:10.540000,28942.85,28960,34788,28965,15000,28945,7116,28940,4906
2020-06-04 09:48:11.720000,28942.85,28960,34788,28965,15000,28945,7116,28940,4906
2020-06-04 09:48:12.660000,28942.85,28960,34788,28965,15000,28945,7116,28940,4906
2020-06-04 09:48:13.690000,28949.57,28960,500,28965,35054,28950,7116,28945,4438
2020-06-04 09:48:16.860000,28949.57,28960,34788,28965,15000,28945,7116,28940,4906
2020-06-04 09:48:18.440000,28949.57,28960,34788,28965,15000,28940,12022,28935,4438
2020-06-04 09:48:19.030000,28949.57,28960,34788,28965,15000,28940,12022,28935,4438
2020-06-04 09:48:20.020000,28949.57,28955,35054,28960,14734,28940,7116,28935,4438
2020-06-04 09:48:22.140000,28949.57,28955,35054,28960,14734,28940,7116,28935,4438
2020-06-04 09:48:23.330000,28993.77,28950,34289,28955,15000,28935,7116,28930,4906
2020-06-04 09:48:24.270000,28993.77,28945,35054,28950,14235,28930,7116,28925,4438
2020-06-04 09:48:25.280000,28993.77,28950,34289,28955,15000,28930,12022,28925,4438
2020-06-04 09:48:26.390000,28993.77,28940,34289,28945,15000,28925,7116,28920,4956
2020-06-04 09:48:26.640000,28993.77,28935,35053,28940,14235,28920,7166,28915,4438
2020-06-04 09:48:28.470000,28993.77,28940,34289,28945,15000,28925,7116,28920,4956
2020-06-04 09:48:29.550000,28993.77,28945,35054,28950,14235,28930,7116,28925,4438
2020-06-04 09:48:30.120000,28993.77,28945,35054,28950,14235,28930,7116,28925,4438
2020-06-04 09:48:31.170000,28993.77,28945,35054,28950,14235,28930,7116,28925,4438
2020-06-04 09:48:31.620000,28993.77,28940,30054,28945,19235,28925,7116,28920,4956
2020-06-04 09:48:32.780000,28993.77,28940,35054,28945,14235,28925,7116,28920,4956
2020-06-04 09:48:33.790000,28974.94,28945,34289,28950,15000,28930,7116,28925,4438
2020-06-04 09:48:34.930000,28974.94,28950,35054,28955,14235,28935,7116,28930,4906
2020-06-04 09:48:36.950000,28974.94,28945,34289,28950,15000,28930,7116,28925,4438
2020-06-04 09:48:38.010000,28974.94,28940,35054,28945,14235,28925,7116,28920,4956
2020-06-04 09:48:38.500000,28974.94,28940,35054,28945,14235,28925,7116,28920,4956
2020-06-04 09:48:39.730000,28974.94,28945,34289,28950,15000,28930,7116,28925,4438
2020-06-04 09:48:40.620000,28974.94,28945,34289,28950,15000,28925,11554,28920,4956
2020-06-04 09:48:41.640000,28974.94,28945,34289,28950,15000,28930,7116,28925,4438
2020-06-04 09:48:43.180000,28981.24,28940,35054,28945,14235,28925,7116,28920,4956
2020-06-04 09:48:46.920000,28981.24,28940,35054,28945,14235,28925,7116,28920,4956
2020-06-04 09:48:49.040000,28981.24,28945,34289,28950,15000,28930,7116,28925,4438
2020-06-04 09:48:49.380000,28981.24,28940,35054,28945,14235,28925,7116,28920,4956
2020-06-04 09:48:52.630000,28981.24,28935,34288,28940,15000,28920,7166,28915,4438
2020-06-04 09:48:54.580000,28971.49,28935,34288,28940,15000,28920,7166,28915,4438
2020-06-04 09:48:55.320000,28971.49,28930,35054,28935,14234,28920,50,28915,7116
2020-06-04 09:48:57.990000,28971.49,28930,35054,28935,14234,28920,50,28915,7116
2020-06-04 09:48:58.400000,28971.49,28930,35054,28935,14234,28920,50,28915,7116
2020-06-04 09:49:01.110000,28971.49,28925,34289,28930,15000,28920,50,28910,7116
2020-06-04 09:49:01.580000,28971.49,28930,35054,28935,14234,28920,50,28915,7116
2020-06-04 09:49:04.820000,28974.41,28935,34288,28940,15000,28920,7166,28915,4438
2020-06-04 09:49:05.020000,28974.41,28930,35054,28935,14234,28920,50,28915,7116
2020-06-04 09:49:07.720000,28974.41,28935,34288,28940,15000,28920,7166,28915,4438
2020-06-04 09:49:08.500000,28974.41,28940,35054,28945,14235,28925,7116,28920,4956
2020-06-04 09:49:10.110000,28974.41,28935,34288,28940,15000,28920,7166,28915,4438
2020-06-04 09:49:11.140000,28974.41,28930,35054,28935,14234,28920,50,28915,7116
2020-06-04 09:49:12.920000,28974.41,28930,35054,28935,14234,28920,50,28915,7116
2020-06-04 09:49:15.880000,28954.66,28940,35054,28945,14235,28925,7116,28920,4956
2020-06-04 09:49:16.220000,28954.66,28930,35054,28935,14234,28920,50,28915,7116
2020-06-04 09:49:17.450000,28954.66,28925,34289,28930,15000,28920,50,28910,7116
2020-06-04 09:49:17.660000,28954.66,28930,35054,28935,14234,28920,50,28915,7116
2020-06-04 09:49:18.510000,28954.66,28930,35054,28935,14234,28920,50,28915,7116
2020-06-04 09:49:19.830000,28954.66,28930,35054,28935,14234,28920,50,28915,7116
2020-06-04 09:49:22.030000,28954.66,28925,34289,28930,15000,28920,50,28910,7116
2020-06-04 09:49:24.290000,28952.98,28920,35004,28925,14235,28905,7116,28900,4906
2020-06-04 09:49:27.290000,28952.98,28915,34239,28920,15000,28900,7116,28895,4438
2020-06-04 09:49:31.090000,28952.98,28915,34239,28920,15000,28900,7116,28895,4438
2020-06-04 09:49:33.650000,28953.52,28915,34239,28920,15000,28900,7116,28895,4438
2020-06-04 09:49:35.770000,28953.52,28915,34239,28920,15000,28900,7116,28895,4438
2020-06-04 09:49:39.430000,28953.52,28915,34239,28920,15000,28900,7116,28895,4438
2020-06-04 09:49:40.200000,28953.52,28920,35004,28925,14235,28905,7116,28900,4906
2020-06-04 09:49:41.100000,28953.52,28915,34239,28920,15000,28900,7116,28895,4438
2020-06-04 09:49:43.180000,28953.52,28915,34239,28920,15000,28900,7116,28895,4438
2020-06-04 09:49:43.690000,28947.06,28910,35003,28915,14235,28895,7116,28890,4906
2020-06-04 09:49:44.790000,28947.06,28915,34239,28920,15000,28900,7116,28895,4438
2020-06-04 09:49:45.130000,28947.06,28915,34239,28920,15000,28900,7116,28895,4438
2020-06-04 09:49:45.910000,28947.06,28910,35003,28915,14235,28895,7116,28890,4906
2020-06-04 09:49:47.330000,28947.06,28915,34239,28920,15000,28900,7116,28895,4438
2020-06-04 09:49:51.620000,28947.06,28920,35004,28925,14235,28905,7116,28900,4906
2020-06-04 09:49:52.060000,28947.06,28920,35004,28925,14235,28905,7116,28900,4906
2020-06-04 09:49:53.170000,28947.06,28915,34239,28920,15000,28900,7116,28895,4438
2020-06-04 09:49:56.810000,28946.98,28920,35004,28925,14235,28905,7116,28900,4906
2020-06-04 09:49:59.420000,28946.98,28915,34239,28920,15000,28900,7116,28895,4438
2020-06-04 09:49:59.760000,28946.98,28910,35003,28915,14235,28895,7116,28890,4906
2020-06-04 09:50:00.560000,28946.98,28910,35003,28915,14235,28895,7116,28890,4906
2020-06-04 09:50:01.510000,28946.98,28915,34239,28920,15000,28900,7116,28895,4438
2020-06-04 09:50:02.540000,28946.98,28915,34239,28920,15238,28900,7116,28895,4438
2020-06-04 09:50:05.400000,28923.67,28915,20004,28920,15238,28900,7116,28895,4438
2020-06-04 09:50:06.170000,28923.67,28915,34239,28920,15238,28900,7116,28895,4438
2020-06-04 09:50:07.200000,28923.67,28915,34239,28920,15238,28900,7116,28895,4438
2020-06-04 09:50:09.260000,28923.67,28915,34239,28920,15238,28900,7116,28895,4438
2020-06-04 09:50:10.380000,28923.67,28910,35003,28915,14235,28895,7116,28890,4906
2020-06-04 09:50:10.650000,28923.67,28915,34239,28920,15238,28905,7116,28895,4438
2020-06-04 09:50:12.480000,28923.67,28915,34239,28920,15238,28905,7116,28895,4438
2020-06-04 09:50:12.790000,28923.67,28910,35003,28915,14235,28900,7116,28890,4906
2020-06-04 09:50:13.520000,28945.4,28910,35003,28915,14235,28900,7116,28890,4906
2020-06-04 09:50:17.990000,28945.4,28905,34239,28910,15237,28895,7116,28885,4438
2020-06-04 09:50:19.220000,28945.4,28910,35241,28915,14235,28900,7116,28890,4906
2020-06-04 09:50:21.360000,28945.4,28910,30241,28915,14235,28900,7116,28895,4438
2020-06-04 09:50:22.410000,28945.4,28910,35241,28915,14235,28900,7116,28890,4906
2020-06-04 09:50:23.470000,28926.61,28910,238,28915,34239,28905,7116,28895,4438
2020-06-04 09:50:25.600000,28926.61,28910,35241,28915,14235,28900,7116,28890,4906
2020-06-04 09:50:26.630000,28926.61,28910,238,28915,34239,28905,7116,28895,4438
2020-06-04 09:50:28.160000,28926.61,28910,35241,28915,14235,28900,7116,28890,4906
2020-06-04 09:50:29.280000,28926.61,28910,238,28915,34239,28905,7116,28895,4438
2020-06-04 09:50:32.530000,28926.61,28920,35004,28925,14235,28910,6878,28900,4906
2020-06-04 09:50:38.250000,28920.55,28930,35004,28935,14234,28920,6878,28910,4906
2020-06-04 09:50:38.660000,28920.55,28935,34238,28940,15000,28925,6878,28915,4438
2020-06-04 09:50:39.810000,28920.55,28940,35004,28945,14285,28930,6878,28920,4906
2020-06-04 09:50:40.830000,28920.55,28945,34289,28950,15000,28935,6878,28925,4438
2020-06-04 09:50:41.890000,28920.55,28945,34289,28950,15000,28935,6878,28925,4438
2020-06-04 09:50:42.390000,28920.55,28945,34289,28950,15000,28930,6878,28925,4438
2020-06-04 09:50:43.470000,28920.55,28945,34289,28950,15000,28935,6878,28925,4438
2020-06-04 09:50:45.040000,28939.04,28945,34289,28950,15000,28935,6878,28925,4438
2020-06-04 09:50:46.090000,28939.04,28945,30054,28950,15000,28935,6878,28930,4906
2020-06-04 09:50:47.150000,28939.04,28945,30054,28950,15000,28935,6878,28930,4906
2020-06-04 09:50:47.330000,28939.04,28945,50,28950,35004,28940,6878,28930,4906
2020-06-04 09:50:49.560000,28939.04,28955,34239,28960,15499,28945,6828,28935,4438
2020-06-04 09:50:52.480000,28939.04,28950,35004,28955,14235,28940,6828,28930,4906
2020-06-04 09:50:53.490000,28944.44,28955,34239,28960,15499,28945,6828,28935,4438
2020-06-04 09:50:55.040000,28944.44,28950,35004,28955,14235,28940,6828,28935,4438
2020-06-04 09:50:56.430000,28944.44,28945,34239,28950,15000,28935,6828,28930,4906
2020-06-04 09:50:57.180000,28944.44,28950,35004,28955,14235,28940,6828,28935,4438
2020-06-04 09:50:57.720000,28944.44,28955,34239,28960,15499,28940,11734,28935,4438
2020-06-04 09:50:58.790000,28944.44,28955,34239,28960,15499,28945,6828,28940,4906
2020-06-04 09:50:59.160000,28944.44,28950,35004,28955,14235,28940,6828,28935,4438
2020-06-04 09:51:00.360000,28944.44,28955,34239,28960,15499,28945,6828,28940,4906
2020-06-04 09:51:00.930000,28944.44,28960,35503,28965,14235,28950,6828,28945,4438
2020-06-04 09:51:01.970000,28944.44,28955,34239,28960,15499,28945,6734,28940,4906
2020-06-04 09:51:03.020000,28944.44,28960,35503,28965,14235,28950,6734,28945,4438
2020-06-04 09:51:04.080000,28953.3,28955,34239,28960,15499,28945,6734,28940,4906
2020-06-04 09:51:05.080000,28953.3,28960,35503,28965,14235,28950,6734,28945,4438
2020-06-04 09:51:06.160000,28953.3,28955,34239,28960,15499,28945,6734,28940,4906
2020-06-04 09:51:06.420000,28953.3,28960,35503,28965,14235,28950,6734,28945,4438
2020-06-04 09:51:07.210000,28953.3,28955,30004,28960,15499,28945,11172,28940,4906
2020-06-04 09:51:08.270000,28953.3,28955,34239,28960,15499,28945,6734,28940,4906
2020-06-04 09:51:08.630000,28953.3,28955,34239,28960,15499,28945,6734,28940,4906
2020-06-04 09:51:09.330000,28953.3,28960,35503,28965,14235,28945,11172,28940,4906
2020-06-04 09:51:10.390000,28953.3,28955,34239,28960,15499,28945,6734,28940,4906
2020-06-04 09:51:10.890000,28953.3,28960,35503,28965,14235,28950,6734,28945,4438
2020-06-04 09:51:12.530000,28953.3,28960,500,28965,34239,28955,6734,28950,4906
2020-06-04 09:51:13.560000,28966.78,28960,36003,28965,14235,28950,6734,28945,4438
2020-06-04 09:51:14.130000,28966.78,28955,34239,28960,15999,28945,6734,28940,4906
2020-06-04 09:51:15.480000,28966.78,28960,36002,28965,14235,28950,6734,28945,4438
2020-06-04 09:51:19.860000,28966.78,28960,36002,28965,14235,28950,6734,28945,4438
2020-06-04 09:51:20.970000,28966.78,28960,1000,28965,34238,28955,6734,28950,4906
2020-06-04 09:51:23.080000,28966.78,28960,36002,28965,14235,28950,6734,28945,4438
2020-06-04 09:51:23.290000,28982.27,28960,36002,28965,14235,28950,6734,28945,4438
2020-06-04 09:51:24.140000,28982.27,28960,1000,28965,34238,28955,6734,28950,4906
2020-06-04 09:51:24.620000,28982.27,28960,36002,28965,14235,28950,6734,28945,4438
2020-06-04 09:51:26.090000,28982.27,28960,36002,28965,14235,28950,6734,28945,4438
2020-06-04 09:51:26.750000,28982.27,28960,1000,28965,34238,28955,6734,28950,4906
2020-06-04 09:51:28.860000,28982.27,28960,36002,28965,14235,28950,6734,28945,4438
2020-06-04 09:51:30.420000,28982.27,28960,36002,28965,14235,28945,11172,28940,4906
2020-06-04 09:51:30.820000,28982.27,28960,36002,28965,14235,28950,6734,28945,4438
2020-06-04 09:51:33.460000,28985.02,28960,1000,28965,34238,28955,6734,28950,4906
2020-06-04 09:51:37.200000,28985.02,28960,1040,28965,34238,28955,6734,28950,4906
2020-06-04 09:51:42.990000,28985.02,28960,36042,28965,14235,28950,6734,28945,4438
2020-06-04 09:51:43.430000,28988.01,28955,34238,28960,16039,28945,6734,28940,4906
2020-06-04 09:51:44.580000,28988.01,28950,35003,28955,14235,28940,6734,28935,4438
2020-06-04 09:51:46.180000,28988.01,28955,34238,28960,16039,28945,6734,28940,4906
2020-06-04 09:51:48.830000,28988.01,28960,36042,28965,14235,28950,6734,28945,4438
2020-06-04 09:51:53.800000,28988.7,28960,36042,28965,14235,28950,6734,28945,4438
2020-06-04 09:51:55.140000,28988.7,28955,34238,28960,16039,28945,6734,28940,4906
2020-06-04 09:51:56.120000,28988.7,28955,34238,28960,16039,28945,6734,28940,4906
2020-06-04 09:51:58.230000,28988.7,28950,35003,28955,14235,28940,6734,28935,4438
2020-06-04 09:51:59.290000,28988.7,28950,35003,28955,14235,28940,6734,28935,4438
2020-06-04 09:51:59.730000,28988.7,28950,35003,28955,14235,28940,6734,28935,4438
2020-06-04 09:52:00.890000,28988.7,28950,35003,28955,14235,28940,6734,28935,4438
2020-06-04 09:52:01.230000,28988.7,28955,34238,28960,16039,28945,6734,28940,4906
2020-06-04 09:52:02.390000,28988.7,28960,36042,28965,14235,28950,6734,28945,4438
2020-06-04 09:52:08.100000,28978.07,28955,34238,28960,16039,28945,6734,28940,4906
2020-06-04 09:52:08.680000,28978.07,28955,50001,28960,11039,28945,6734,28940,19998
2020-06-04 09:52:09.760000,28978.07,28955,40002,28960,21038,28945,6734,28940,9999
2020-06-04 09:52:15.100000,28985.18,28955,30003,28960,21038,28945,16733,28940,9999
2020-06-04 09:52:16.130000,28985.18,28950,40002,28955,19999,28940,6734,28935,9999
2020-06-04 09:52:20.680000,28985.18,28955,40002,28960,21038,28940,16733,28935,9999
2020-06-04 09:52:21.330000,28985.18,28950,40002,28955,19999,28940,6734,28935,9999
2020-06-04 09:52:24.080000,28982.87,28945,40002,28950,19999,28935,6734,28930,9999
2020-06-04 09:52:25.030000,28982.87,28950,40002,28955,19999,28940,6734,28935,9999
2020-06-04 09:52:25.550000,28982.87,28950,40002,28955,19999,28940,6734,28935,9999
2020-06-04 09:52:26.630000,28982.87,28950,40002,28955,19999,28940,6734,28935,9999
2020-06-04 09:52:30.750000,28982.87,28960,41041,28965,19999,28950,6734,28945,9999
2020-06-04 09:52:31.840000,28982.87,28960,1040,28965,40002,28955,6734,28950,9999
2020-06-04 09:52:32.280000,28982.87,28965,40002,28970,20001,28955,5694,28950,9999
2020-06-04 09:52:34.450000,28971.99,28955,40002,28960,19998,28945,5694,28940,9999
2020-06-04 09:52:35.500000,28971.99,28950,40002,28955,19999,28940,5694,28935,9999
2020-06-04 09:52:36.590000,28971.99,28955,40002,28960,19998,28945,5694,28940,9999
2020-06-04 09:52:37.640000,28971.99,28960,40001,28965,19999,28945,15693,28940,9999
2020-06-04 09:52:37.950000,28971.99,28960,40001,28965,19999,28950,5694,28945,9999
2020-06-04 09:52:38.720000,28971.99,28965,40002,28970,20001,28955,5694,28950,9999
2020-06-04 09:52:40.830000,28971.99,28965,40002,28970,20001,28955,5694,28950,9999
2020-06-04 09:52:47.640000,28963.82,28970,40004,28975,19999,28960,5694,28955,9999
2020-06-04 09:52:47.950000,28963.82,28965,40002,28970,20001,28955,5694,28950,9999
2020-06-04 09:52:48.670000,28963.82,28970,40004,28975,19999,28960,5694,28955,9999
2020-06-04 09:52:51.320000,28963.82,28965,40002,28970,20001,28955,5694,28950,9999
2020-06-04 09:52:53.820000,28965.48,28965,30003,28970,20001,28955,5694,28950,9999
2020-06-04 09:52:57.930000,28965.48,28970,30005,28975,19999,28960,5694,28955,9999
2020-06-04 09:53:01.050000,28965.48,28965,30003,28970,20001,28955,5694,28950,9999
2020-06-04 09:53:02.350000,28965.48,28965,30003,28970,20001,28955,5694,28950,9999
2020-06-04 09:53:05.600000,28967.78,28970,30005,28975,19999,28960,5694,28955,9999
2020-06-04 09:53:07.180000,28967.78,28970,2,28975,30003,28965,5694,28960,9999
2020-06-04 09:53:07.380000,28967.78,28970,30005,28975,19999,28960,5694,28955,9999
2020-06-04 09:53:08.240000,28967.78,28965,30003,28970,10002,28955,15693,28950,9999
2020-06-04 09:53:08.660000,28967.78,28965,30003,28970,10002,28955,5694,28935,10000
2020-06-04 09:53:09.250000,28967.78,28965,30003,28970,10002,28955,5694,28935,10000
2020-06-04 09:53:11.440000,28967.78,28970,30005,28975,10000,28960,5694,28940,10000
2020-06-04 09:53:14.890000,28980.68,28965,30003,28970,10002,28955,5694,28935,10000
2020-06-04 09:53:17.330000,28980.68,28960,1,28965,30003,28955,5694,28935,10000
2020-06-04 09:53:18.310000,28980.68,28960,1,28965,30003,28955,5694,28935,10000
2020-06-04 09:53:20.130000,28980.68,28960,1,28965,30003,28955,5694,28935,10000
2020-06-04 09:53:23.020000,28980.68,28965,30003,28970,10002,28955,5693,28935,10000
2020-06-04 09:53:23.220000,28988.29,28965,30003,28970,10002,28955,5693,28935,10000
2020-06-04 09:53:24.060000,28988.29,28965,30003,28970,10002,28955,5693,28935,10000
2020-06-04 09:53:25.110000,28988.29,28960,30002,28965,10000,28950,5693,28930,10000
2020-06-04 09:53:26.160000,28988.29,28955,30003,28960,9999,28945,5693,28925,10000
2020-06-04 09:53:26.690000,28988.29,28960,30002,28965,10000,28950,5693,28930,10000
2020-06-04 09:53:28.730000,28988.29,28960,30002,28965,10000,28955,1,28950,5693
2020-06-04 09:53:30.860000,28988.29,28965,30003,28970,10002,28955,5694,28935,10000
2020-06-04 09:53:31.120000,28988.29,28970,30005,28975,10000,28960,5693,28955,1
2020-06-04 09:53:31.920000,28988.29,28965,30003,28970,10002,28955,5694,28940,1
2020-06-04 09:53:32.970000,28988.29,28965,30003,28970,10002,28955,5694,28940,1
2020-06-04 09:53:33.180000,28964.09,28970,30005,28975,10000,28955,5694,28940,1
2020-06-04 09:53:34.000000,28964.09,28965,30003,28970,10002,28955,5694,28940,1
2020-06-04 09:53:35.130000,28964.09,28970,30005,28975,10000,28960,5693,28955,1
2020-06-04 09:53:36.520000,28964.09,28970,2,28975,30003,28965,5693,28955,1
2020-06-04 09:53:37.930000,28964.09,28970,30005,28975,10000,28960,5693,28955,1
2020-06-04 09:53:42.400000,28964.09,28970,2,28975,30003,28960,5693,28955,1
2020-06-04 09:53:42.690000,28964.09,28970,30005,28975,10000,28960,5693,28955,1
2020-06-04 09:53:45.130000,28983.95,28970,30005,28975,10000,28960,5693,28955,1
2020-06-04 09:53:47.140000,28983.95,28970,2,28975,30003,28965,5693,28955,1
2020-06-04 09:53:47.550000,28983.95,28970,30003,28975,10000,28960,5691,28955,1
2020-06-04 09:53:48.190000,28983.95,28975,30003,28980,10000,28965,5691,28955,1
2020-06-04 09:53:52.550000,28983.95,28975,30003,28980,10000,28965,5691,28955,1
2020-06-04 09:53:54.170000,28989.16,28975,30003,28980,10000,28965,5691,28955,1
2020-06-04 09:53:56.640000,28989.16,28980,30003,28985,10000,28970,5691,28955,1
2020-06-04 09:53:56.840000,28989.16,28985,30003,28990,10000,28975,5691,28955,10001
2020-06-04 09:53:58.730000,28989.16,28980,30003,28985,10000,28970,5691,28955,1
2020-06-04 09:54:00.350000,28989.16,28980,30003,28985,10000,28970,5691,28955,1
2020-06-04 09:54:03.290000,28972.55,28980,30003,28985,10000,28970,5691,28955,1
2020-06-04 09:54:09.830000,28972.55,28985,30003,28990,10000,28975,5691,28955,10001
2020-06-04 09:54:10.830000,28972.55,28985,30003,28990,10000,28975,5691,28955,10001
2020-06-04 09:54:14.350000,28989.04,28985,1,28990,30003,28980,5691,28960,10000
2020-06-04 09:54:15.080000,28989.04,28990,30003,28995,10000,28980,5690,28960,10000
2020-06-04 09:54:16.150000,28989.04,28985,30002,28990,10000,28975,5690,28955,10001
2020-06-04 09:54:16.580000,28989.04,28990,30003,28995,10000,28980,5690,28960,10000
2020-06-04 09:54:17.220000,28989.04,28990,30003,28995,10000,28980,5690,28960,10000
2020-06-04 09:54:18.270000,28989.04,28990,30003,28995,10000,28980,5690,28960,10000
2020-06-04 09:54:18.520000,28989.04,28995,30003,29000,13492,28985,5690,28965,10000
