time,nav,sell1,sell1_cnt,sell2,sell2_cnt,buy1,buy1_cnt,buy2,buy2_cnt
2020-06-12 09:46:49.98,0.0,27845,10676,27850,9999,27830,9821,27820,9999
2020-06-12 09:46:50.59,0.0,27845,250,27850,15914,27835,9821,27825,9999
2020-06-12 09:46:51.50,0.0,27850,15914,27855,4744,27835,9821,27825,9999
2020-06-12 09:46:53.53,0.0,27850,15914,27855,4744,27835,9821,27825,9999
2020-06-12 09:46:55.29,27880.07,27855,10659,27860,9999,27840,9821,27830,9999
2020-06-12 09:46:56.23,27880.07,27850,15914,27855,4744,27835,9821,27830,1
2020-06-12 09:46:58.50,27880.07,27845,10426,27850,9999,27830,9822,27820,9999
2020-06-12 09:46:58.86,27880.07,27845,10426,27850,9999,27830,9822,27820,9999
2020-06-12 09:46:59.33,27880.07,27840,15914,27845,4511,27830,1,27825,9821
2020-06-12 09:47:00.33,27880.07,27845,10426,27850,9999,27830,9822,27820,9999
2020-06-12 09:47:01.19,27880.07,27840,15914,27845,4511,27830,1,27825,9821
2020-06-12 09:47:04.33,27880.07,27835,10426,27840,9999,27820,9821,27810,9999
2020-06-12 09:47:04.92,27903.5,27835,5915,27840,9999,27820,9821,27815,9999
2020-06-12 09:47:05.90,27903.5,27830,5915,27835,4511,27815,9821,27810,9999
2020-06-12 09:47:06.95,27903.5,27835,10426,27840,9999,27820,9821,27810,9999
2020-06-12 09:47:08.00,27903.5,27840,15914,27845,4511,27820,9821,27815,9999
2020-06-12 09:47:08.64,27903.5,27835,10426,27840,9999,27820,9821,27810,9999
2020-06-12 09:47:10.70,27903.5,27835,10426,27840,9999,27820,9821,27810,9999
2020-06-12 09:47:11.76,27903.5,27840,15914,27845,4511,27825,9821,27815,9999
2020-06-12 09:47:12.79,27903.5,27840,15914,27845,4511,27825,9821,27815,9999
2020-06-12 09:47:13.86,27903.5,27835,10426,27840,9999,27820,9821,27810,9999
2020-06-12 09:47:14.89,27896.04,27840,15914,27845,4511,27830,500,27825,9821
2020-06-12 09:47:16.32,27896.04,27835,233,27845,10426,27830,10321,27820,9999
2020-06-12 09:47:17.53,27896.04,27840,15914,27845,4511,27830,500,27825,9821
2020-06-12 09:47:19.62,27896.04,27835,5915,27840,9999,27830,500,27820,9821
2020-06-12 09:47:20.73,27896.04,27840,15914,27845,4511,27830,500,27825,9821
2020-06-12 09:47:21.79,27896.04,27840,15914,27845,4511,27830,500,27825,9821
2020-06-12 09:47:22.84,27896.04,27840,15914,27845,4511,27830,500,27825,9821
2020-06-12 09:47:24.43,27876.44,27845,10426,27850,9999,27830,10321,27820,9999
2020-06-12 09:47:25.46,27876.44,27845,101,27850,15914,27835,9821,27830,500
2020-06-12 09:47:26.52,27876.44,27845,10527,27850,9999,27830,10321,27820,9999
2020-06-12 09:47:28.10,27876.44,27840,15914,27845,4612,27830,500,27825,9821
2020-06-12 09:47:29.15,27876.44,27845,10527,27850,9999,27830,10321,27820,9999
2020-06-12 09:47:33.90,27876.44,27845,10527,27850,9999,27830,500,27825,9821
2020-06-12 09:47:34.97,27896.03,27845,10527,27850,9999,27830,10321,27820,9999
2020-06-12 09:47:36.02,27896.03,27845,10527,27850,9999,27830,10322,27820,9999
2020-06-12 09:47:39.19,27896.03,27845,101,27855,10659,27840,9821,27830,501
2020-06-12 09:47:40.27,27896.03,27855,10659,27860,9999,27840,10221,27830,10500
2020-06-12 09:47:41.33,27896.03,27855,10659,27860,9999,27840,10221,27830,10500
2020-06-12 09:47:42.39,27896.03,27855,233,27860,15914,27845,9821,27840,400
2020-06-12 09:47:43.45,27896.03,27855,233,27860,15914,27845,9821,27840,400
2020-06-12 09:47:44.52,27889.17,27855,233,27860,15914,27845,9821,27840,400
2020-06-12 09:47:45.58,27889.17,27855,233,27860,15914,27845,9820,27840,400
2020-06-12 09:47:46.08,27889.17,27855,233,27860,15914,27845,9820,27840,400
2020-06-12 09:47:48.63,27889.17,27850,232,27855,233,27845,9820,27840,400
2020-06-12 09:47:49.84,27889.17,27855,233,27860,15914,27845,10720,27840,400
2020-06-12 09:47:51.41,27889.17,27865,10426,27870,9999,27850,9820,27845,900
2020-06-12 09:47:52.45,27889.17,27860,15914,27865,4511,27845,10720,27840,400
2020-06-12 09:47:53.51,27889.17,27860,5915,27865,4511,27845,10720,27840,10399
2020-06-12 09:47:54.58,27892.58,27865,10426,27870,9999,27850,9820,27845,900
2020-06-12 09:47:55.64,27892.58,27865,10426,27870,9999,27850,9820,27845,900
2020-06-12 09:47:56.69,27892.58,27865,10426,27870,9999,27850,9820,27845,900
2020-06-12 09:47:57.68,27892.58,27865,10426,27870,9999,27850,9820,27845,900
2020-06-12 09:47:59.34,27892.58,27865,10426,27870,9999,27850,9820,27845,900
2020-06-12 09:48:00.93,27892.58,27860,9999,27865,10426,27845,10720,27840,400
2020-06-12 09:48:02.00,27892.58,27860,15914,27865,4511,27845,10720,27840,400
2020-06-12 09:48:03.06,27892.58,27865,10426,27870,9999,27850,9820,27845,900
2020-06-12 09:48:03.67,27892.58,27870,15914,27875,4511,27855,9820,27845,10899
2020-06-12 09:48:06.77,27894.81,27870,15914,27875,4511,27855,9820,27845,10899
2020-06-12 09:48:07.82,27894.81,27870,15914,27875,4511,27855,9820,27845,10899
2020-06-12 09:48:09.93,27894.81,27865,10426,27870,9999,27850,9820,27845,900
2020-06-12 09:48:10.93,27894.81,27865,10676,27870,9999,27850,9820,27845,900
2020-06-12 09:48:13.83,27894.81,27865,250,27870,15914,27855,9820,27845,10899
2020-06-12 09:48:14.97,27895.03,27865,10426,27870,9999,27850,9820,27845,900
2020-06-12 09:48:16.19,27895.03,27870,15914,27875,4511,27855,9820,27845,10899
2020-06-12 09:48:17.45,27895.03,27870,15914,27875,4511,27855,9820,27845,10899
2020-06-12 09:48:18.51,27895.03,27870,15914,27875,4511,27855,9820,27845,10899
2020-06-12 09:48:20.62,27895.03,27865,233,27875,10426,27860,9820,27850,9999
2020-06-12 09:48:21.68,27895.03,27875,10426,27880,10019,27860,10620,27850,9999
2020-06-12 09:48:22.75,27895.03,27870,15914,27875,4511,27855,9820,27845,10899
2020-06-12 09:48:23.79,27895.03,27870,15914,27875,4511,27855,9820,27845,10899
2020-06-12 09:48:24.82,27902.58,27870,5915,27875,4511,27855,9820,27850,9999
2020-06-12 09:48:25.82,27902.58,27875,10426,27880,10019,27860,9820,27850,9999
2020-06-12 09:48:26.12,27902.58,27870,15914,27875,4511,27855,9820,27845,10899
2020-06-12 09:48:29.05,27902.58,27875,10426,27880,10019,27860,9820,27850,9999
2020-06-12 09:48:29.52,27902.58,27875,10426,27880,10019,27860,9820,27850,9999
2020-06-12 09:48:30.65,27902.58,27875,10426,27880,10019,27855,9820,27850,9999
2020-06-12 09:48:31.71,27902.58,27875,10426,27880,10019,27860,9820,27850,9999
2020-06-12 09:48:35.32,27905.82,27880,15934,27885,4511,27865,9820,27855,9999
2020-06-12 09:48:35.80,27905.82,27880,15934,27885,4511,27865,9820,27855,9999
2020-06-12 09:48:36.93,27905.82,27880,20,27885,10426,27865,9820,27860,9999
2020-06-12 09:48:37.99,27905.82,27875,10426,27880,10019,27860,9820,27850,9999
2020-06-12 09:48:40.11,27905.82,27880,20,27885,10426,27870,9820,27860,9999
2020-06-12 09:48:46.19,27922.26,27880,20,27885,10426,27870,9820,27860,9999
2020-06-12 09:48:47.42,27922.26,27890,15914,27895,4511,27875,9820,27865,9999
2020-06-12 09:48:48.47,27922.26,27885,10426,27890,9999,27870,9820,27860,9999
2020-06-12 09:48:50.05,27922.26,27885,10426,27890,9999,27880,500,27865,9820
2020-06-12 09:48:50.62,27922.26,27885,10426,27890,9999,27870,9820,27860,9999
2020-06-12 09:48:51.61,27922.26,27885,10426,27890,9999,27870,9820,27860,9999
2020-06-12 09:48:52.65,27922.26,27880,233,27885,10426,27870,9820,27860,9999
2020-06-12 09:48:54.83,27904.48,27890,15914,27895,4511,27875,9820,27865,9999
2020-06-12 09:48:56.84,27904.48,27885,10426,27890,9999,27870,9820,27860,9999
2020-06-12 09:48:57.39,27904.48,27880,15914,27885,4511,27865,9820,27855,9999
2020-06-12 09:49:00.50,27904.48,27885,10426,27890,9999,27870,9820,27860,9999
2020-06-12 09:49:01.53,27904.48,27880,15914,27885,4511,27865,9820,27855,9999
2020-06-12 09:49:03.79,27904.48,27875,10426,27880,9999,27860,9820,27850,9999
2020-06-12 09:49:04.66,27927.32,27875,10426,27880,9999,27860,9820,27850,9999
2020-06-12 09:49:05.85,27927.32,27880,15914,27885,4511,27865,9820,27855,9999
2020-06-12 09:49:06.36,27927.32,27875,5915,27880,9999,27860,9820,27855,9999
2020-06-12 09:49:07.44,27927.32,27875,10426,27880,9999,27860,9820,27850,9999
2020-06-12 09:49:08.49,27927.32,27875,10426,27880,9999,27855,9820,27850,9999
2020-06-12 09:49:09.55,27927.32,27875,10426,27880,9999,27860,9820,27850,9999
2020-06-12 09:49:10.02,27927.32,27870,15914,27875,4511,27855,9820,27845,10899
2020-06-12 09:49:12.18,27927.32,27870,15914,27875,4511,27855,9820,27845,10899
2020-06-12 09:49:13.24,27927.32,27875,10426,27880,9999,27860,9820,27850,9999
2020-06-12 09:49:16.88,27910.3,27870,16014,27875,4511,27855,9820,27845,10899
2020-06-12 09:49:17.38,27910.3,27870,16014,27875,4511,27855,9820,27845,10899
2020-06-12 09:49:19.55,27910.3,27870,16014,27875,4511,27855,9820,27845,10899
2020-06-12 09:49:21.13,27910.3,27870,6015,27875,4511,27855,9820,27850,9999
2020-06-12 09:49:21.77,27910.3,27870,100,27875,10426,27860,9820,27850,9999
2020-06-12 09:49:24.26,27931.33,27870,100,27875,10426,27860,9587,27850,9999
2020-06-12 09:49:25.36,27931.33,27880,15914,27885,4511,27865,9587,27855,9999
2020-06-12 09:49:26.86,27931.33,27880,9999,27885,10426,27865,9587,27855,9999
2020-06-12 09:49:28.00,27931.33,27880,5915,27895,10000,27865,9587,27855,9999
2020-06-12 09:49:29.01,27931.33,27880,5915,27895,10000,27865,9587,27845,900
2020-06-12 09:49:29.59,27931.33,27885,5915,27900,10000,27870,9587,27845,900
2020-06-12 09:49:30.64,27931.33,27880,5915,27895,10000,27865,9587,27845,900
2020-06-12 09:49:31.70,27931.33,27880,5915,27895,10000,27860,9587,27845,900
2020-06-12 09:49:32.75,27931.33,27885,5915,27900,10000,27870,9587,27845,900
2020-06-12 09:49:35.92,27920.28,27880,5915,27895,10000,27865,9587,27845,900
2020-06-12 09:49:37.50,27920.28,27875,5915,27890,10000,27860,9587,27845,900
2020-06-12 09:49:38.54,27920.28,27880,5915,27895,10000,27865,9587,27845,900
2020-06-12 09:49:40.10,27920.28,27880,5915,27895,10000,27865,9587,27845,900
2020-06-12 09:49:40.76,27920.28,27880,5915,27895,10000,27865,9587,27845,900
2020-06-12 09:49:41.76,27920.28,27885,5915,27900,10000,27870,9587,27845,900
2020-06-12 09:49:44.84,27915.61,27880,5915,27895,10000,27865,9587,27845,900
2020-06-12 09:49:47.45,27915.61,27875,5915,27890,10000,27860,9587,27845,900
2020-06-12 09:49:47.93,27915.61,27880,5915,27895,10000,27865,9587,27845,900
2020-06-12 09:49:54.19,27915.61,27885,5915,27900,10000,27870,9587,27845,900
2020-06-12 09:49:55.82,27937.36,27880,5915,27895,10000,27865,9587,27845,900
2020-06-12 09:49:56.85,27937.36,27875,233,27880,5915,27865,9587,27845,900
2020-06-12 09:49:58.33,27937.36,27875,233,27880,5915,27860,9587,27845,900
2020-06-12 09:49:59.50,27937.36,27875,483,27880,5915,27865,9587,27845,900
2020-06-12 09:50:00.53,27937.36,27875,6398,27890,10000,27860,9587,27845,900
2020-06-12 09:50:01.60,27937.36,27875,483,27880,5915,27865,9587,27845,900
2020-06-12 09:50:02.64,27937.36,27875,6398,27890,10000,27860,9587,27845,900
2020-06-12 09:50:04.21,27937.36,27870,5915,27875,483,27855,9587,27845,900
2020-06-12 09:50:05.24,27912.88,27875,6398,27890,10000,27860,9587,27845,900
2020-06-12 09:50:05.77,27912.88,27870,5915,27875,483,27855,9587,27845,900
2020-06-12 09:50:06.80,27912.88,27875,6398,27890,10000,27860,9587,27845,900
2020-06-12 09:50:07.84,27912.88,27870,5915,27875,483,27855,9587,27845,900
2020-06-12 09:50:08.22,27912.88,27875,6398,27890,10000,27860,9587,27845,900
2020-06-12 09:50:09.95,27912.88,27870,5915,27875,483,27855,9587,27845,900
2020-06-12 09:50:13.69,27912.88,27865,5915,27875,483,27850,9587,27845,900
2020-06-12 09:50:15.08,27916.56,27865,5915,27875,483,27850,9587,27845,900
2020-06-12 09:50:16.15,27916.56,27875,6398,27890,10000,27860,9587,27845,900
2020-06-12 09:50:17.33,27916.56,27875,6398,27890,10000,27860,9587,27845,900
2020-06-12 09:50:22.54,27916.56,27875,483,27880,5915,27865,9587,27845,900
2020-06-12 09:50:23.59,27916.56,27885,5915,27900,10000,27870,9587,27845,900
2020-06-12 09:50:24.06,27916.56,27890,5915,27900,10000,27875,9587,27845,900
2020-06-12 09:50:25.21,27918.48,27885,5415,27900,10000,27870,9587,27845,900
2020-06-12 09:50:26.26,27918.48,27885,5415,27900,10000,27865,9587,27845,900
2020-06-12 09:50:26.79,27918.48,27880,5415,27895,10000,27865,9587,27845,900
2020-06-12 09:50:28.88,27918.48,27875,233,27885,5415,27865,9587,27845,900
2020-06-12 09:50:29.23,27918.48,27875,233,27885,5415,27870,9587,27845,900
2020-06-12 09:50:30.49,27918.48,27885,5415,27900,10000,27870,10487,27845,900
2020-06-12 09:50:31.82,27918.48,27880,5415,27895,10000,27865,9587,27845,900
2020-06-12 09:50:32.72,27918.48,27885,5415,27900,10000,27870,9587,27845,900
2020-06-12 09:50:33.66,27918.48,27885,5415,27900,10000,27865,9587,27845,900
2020-06-12 09:50:34.74,27918.42,27880,5415,27895,10000,27865,9587,27845,900
2020-06-12 09:50:35.78,27918.42,27885,5415,27900,10000,27870,9587,27845,900
2020-06-12 09:50:36.81,27918.42,27890,5415,27905,10000,27875,9587,27845,900
2020-06-12 09:50:37.36,27918.42,27895,5415,27910,10233,27880,9587,27845,900
2020-06-12 09:50:40.62,27918.42,27895,5415,27910,10233,27880,9587,27845,900
2020-06-12 09:50:41.49,27918.42,27895,5415,27910,10233,27880,9587,27845,901
2020-06-12 09:50:42.65,27918.42,27900,5415,27910,233,27885,9587,27845,10901
2020-06-12 09:50:43.71,27927.9,27900,5415,27910,233,27885,9587,27845,10901
2020-06-12 09:50:45.83,27927.9,27905,5415,27910,233,27890,9587,27850,10000
2020-06-12 09:50:47.94,27927.9,27910,5648,27925,10000,27895,9587,27855,10000
2020-06-12 09:50:48.46,27927.9,27910,233,27915,5415,27900,9587,27860,10000
2020-06-12 09:50:52.16,27927.9,27910,233,27920,5415,27905,9587,27865,10000
2020-06-12 09:50:53.18,27927.9,27920,5415,27930,483,27905,10387,27865,10000
2020-06-12 09:50:54.52,27949.58,27925,5415,27930,483,27910,9587,27905,800
2020-06-12 09:50:55.53,27949.58,27920,5415,27930,483,27905,10387,27865,10000
2020-06-12 09:50:56.53,27949.58,27915,5415,27930,10483,27900,9587,27860,10000
2020-06-12 09:50:57.53,27949.58,27910,5415,27925,10000,27895,9587,27855,10000
2020-06-12 09:50:58.58,27949.58,27905,5415,27920,10000,27890,9587,27850,10000
2020-06-12 09:51:00.65,27949.58,27900,232,27905,5415,27890,9587,27850,10000
2020-06-12 09:51:01.09,27949.58,27900,232,27905,5415,27890,9587,27850,10000
2020-06-12 09:51:02.21,27949.58,27900,5647,27915,10000,27885,9587,27845,10901
2020-06-12 09:51:03.25,27949.58,27900,5647,27915,10000,27885,9587,27845,10901
2020-06-12 09:51:04.29,27949.58,27895,5415,27900,232,27880,9587,27845,901
2020-06-12 09:51:05.89,27963.6,27895,5415,27900,232,27880,9587,27845,901
2020-06-12 09:51:06.95,27963.6,27895,5415,27900,232,27880,9587,27845,901
2020-06-12 09:51:07.38,27963.6,27890,5515,27900,232,27875,9587,27845,901
2020-06-12 09:51:08.93,27963.6,27890,100,27895,5415,27880,9587,27845,901
2020-06-12 09:51:10.10,27963.6,27890,100,27895,5415,27880,9587,27845,901
2020-06-12 09:51:10.62,27963.6,27890,5515,27900,232,27875,9587,27845,901
2020-06-12 09:51:11.68,27963.6,27885,5415,27890,100,27870,9587,27845,901
2020-06-12 09:51:12.74,27963.6,27880,5415,27890,100,27865,9587,27845,901
2020-06-12 09:51:13.79,27963.6,27885,5415,27890,100,27875,35,27870,9587
2020-06-12 09:51:15.37,27949.13,27890,5515,27900,232,27875,9622,27845,901
2020-06-12 09:51:16.40,27949.13,27890,100,27895,5415,27880,9587,27875,35
2020-06-12 09:51:17.41,27949.13,27890,100,27895,5415,27880,9587,27875,35
2020-06-12 09:51:17.90,27949.13,27900,5647,27915,10000,27885,9587,27875,35
2020-06-12 09:51:19.05,27949.13,27900,5647,27915,10000,27885,9587,27875,35
2020-06-12 09:51:20.13,27949.13,27895,5415,27900,232,27880,9587,27875,35
2020-06-12 09:51:21.18,27949.13,27900,5647,27915,10000,27885,9587,27875,35
2020-06-12 09:51:22.26,27949.13,27900,232,27910,5415,27890,9587,27875,35
2020-06-12 09:51:23.29,27949.13,27900,232,27910,5415,27895,9587,27875,35
2020-06-12 09:51:23.75,27949.13,27910,5415,27925,10000,27895,9587,27875,35
2020-06-12 09:51:24.91,27956.22,27915,5415,27930,10483,27900,9587,27875,35
2020-06-12 09:51:25.96,27956.22,27910,5415,27925,10000,27895,9587,27875,35
2020-06-12 09:51:27.52,27956.22,27910,5415,27925,10000,27895,9587,27875,35
2020-06-12 09:51:28.08,27956.22,27910,5415,27925,10000,27895,9587,27875,35
2020-06-12 09:51:29.75,27956.22,27915,5415,27925,10000,27900,9587,27875,35
2020-06-12 09:51:31.10,27956.22,27910,5415,27925,10000,27895,9587,27875,35
2020-06-12 09:51:32.33,27956.22,27905,233,27910,5415,27895,9587,27875,35
2020-06-12 09:51:33.09,27956.22,27920,5415,27930,483,27905,9587,27875,35
2020-06-12 09:51:34.32,27956.22,27920,5415,27930,483,27905,9587,27875,35
2020-06-12 09:51:34.97,27957.51,27915,5415,27930,10483,27900,9587,27875,35
2020-06-12 09:51:35.90,27957.51,27920,5415,27930,483,27905,9587,27875,35
2020-06-12 09:51:36.96,27957.51,27920,5415,27930,483,27900,9587,27875,35
2020-06-12 09:51:38.04,27957.51,27915,5415,27930,10483,27900,9587,27875,35
2020-06-12 09:51:38.62,27957.51,27915,5415,27930,10483,27900,9587,27875,35
2020-06-12 09:51:39.57,27957.51,27910,5415,27925,10000,27895,9587,27875,35
2020-06-12 09:51:41.20,27957.51,27905,5415,27920,10000,27890,9587,27875,35
2020-06-12 09:51:43.81,27957.51,27905,5415,27920,10000,27890,9587,27875,35
2020-06-12 09:51:44.87,27961.94,27895,5415,27910,10000,27880,9587,27875,35
2020-06-12 09:51:45.32,27961.94,27890,5415,27905,10000,27875,9622,27845,901
2020-06-12 09:51:46.40,27961.94,27885,5415,27900,10000,27875,35,27870,9587
2020-06-12 09:51:47.45,27961.94,27890,5415,27905,10000,27875,9622,27845,901
2020-06-12 09:51:47.93,27961.94,27890,5665,27905,10000,27875,9622,27845,901
2020-06-12 09:51:50.35,27961.94,27885,5415,27890,250,27875,35,27870,9587
2020-06-12 09:51:51.60,27961.94,27890,5665,27905,10000,27875,9622,27845,901
2020-06-12 09:51:52.65,27961.94,27885,5415,27890,250,27875,35,27870,9587
2020-06-12 09:51:57.72,27957.64,27880,5415,27890,250,27865,9587,27845,901
2020-06-12 09:52:00.05,27957.64,27880,5415,27890,250,27875,500,27865,9587
2020-06-12 09:52:00.99,27957.64,27880,5415,27890,250,27865,9587,27845,901
2020-06-12 09:52:01.49,27957.64,27880,5415,27890,250,27865,9587,27845,901
2020-06-12 09:52:02.60,27957.64,27885,5415,27890,250,27870,9557,27845,901
2020-06-12 09:52:03.66,27957.64,27885,5415,27890,250,27870,9557,27845,901
2020-06-12 09:52:04.13,27957.64,27880,233,27890,5665,27875,9557,27845,901
2020-06-12 09:52:05.25,27934.38,27890,5665,27905,10000,27875,10457,27845,901
2020-06-12 09:52:06.30,27934.38,27890,250,27900,5415,27880,9557,27875,900
2020-06-12 09:52:06.75,27934.38,27890,250,27900,5415,27880,9557,27875,900
2020-06-12 09:52:07.86,27934.38,27890,250,27895,5415,27880,9557,27875,900
2020-06-12 09:52:08.89,27934.38,27890,250,27895,5415,27875,10457,27845,901
2020-06-12 09:52:09.22,27934.38,27890,250,27895,5415,27880,9557,27875,900
2020-06-12 09:52:09.98,27934.38,27890,5665,27905,10000,27875,10457,27845,901
2020-06-12 09:52:12.06,27934.38,27890,250,27895,5415,27880,9557,27875,900
2020-06-12 09:52:13.33,27934.38,27890,5665,27905,10000,27875,10457,27845,901
2020-06-12 09:52:14.17,27934.38,27890,5665,27905,10000,27875,10457,27845,901
2020-06-12 09:52:15.23,27940.5,27890,250,27895,5415,27880,9557,27845,901
2020-06-12 09:52:16.28,27940.5,27890,5665,27905,10000,27875,9557,27845,901
2020-06-12 09:52:17.31,27940.5,27890,250,27895,5415,27880,9557,27845,901
2020-06-12 09:52:20.48,27940.5,27890,250,27895,5415,27880,9557,27860,35
2020-06-12 09:52:21.15,27940.5,27890,250,27900,5415,27885,9557,27860,35
2020-06-12 09:52:22.09,27940.5,27900,5415,27915,10000,27885,10457,27860,35
2020-06-12 09:52:23.62,27940.5,27900,5415,27915,10000,27885,9557,27860,35
2020-06-12 09:52:24.75,27933.63,27900,5415,27915,10000,27885,9557,27860,35
2020-06-12 09:52:30.99,27933.63,27905,5415,27920,10000,27890,9557,27860,35
2020-06-12 09:52:31.35,27933.63,27905,5415,27920,10000,27885,9557,27860,35
2020-06-12 09:52:32.19,27933.63,27905,5415,27920,10000,27890,9557,27860,35
2020-06-12 09:52:33.07,27933.63,27905,5415,27920,10000,27890,9553,27860,35
2020-06-12 09:52:34.55,27955.75,27900,5415,27915,10000,27885,9553,27860,35
2020-06-12 09:52:36.15,27955.75,27895,233,27900,5415,27885,9553,27860,35
2020-06-12 09:52:37.40,27955.75,27895,233,27900,5415,27880,9553,27860,35
2020-06-12 09:52:37.68,27955.75,27895,5648,27910,10000,27880,9553,27860,35
2020-06-12 09:52:39.53,27955.75,27890,5415,27895,233,27875,9553,27860,35
2020-06-12 09:52:42.65,27955.75,27885,5415,27895,233,27870,9553,27860,35
2020-06-12 09:52:43.68,27955.75,27890,5415,27895,233,27875,9553,27860,35
2020-06-12 09:52:44.15,27955.75,27885,5415,27895,233,27870,9553,27860,35
2020-06-12 09:52:46.29,27952.61,27880,5415,27895,10233,27865,9553,27860,35
2020-06-12 09:52:46.65,27952.61,27885,5415,27895,233,27870,9553,27860,35
2020-06-12 09:52:47.88,27952.61,27890,5415,27895,233,27875,9553,27860,35
2020-06-12 09:52:49.65,27952.61,27885,5415,27895,233,27870,9553,27860,35
2020-06-12 09:52:50.52,27952.61,27885,5415,27895,233,27870,9553,27860,35
2020-06-12 09:52:52.93,27952.61,27890,5415,27895,233,27875,9553,27860,35
2020-06-12 09:52:55.23,27953.97,27885,5415,27895,233,27870,9553,27860,35
2020-06-12 09:52:56.30,27953.97,27880,5415,27895,10233,27865,9553,27860,35
2020-06-12 09:52:56.76,27953.97,27880,5415,27895,10233,27865,9553,27860,35
2020-06-12 09:52:58.29,27953.97,27875,101,27880,5415,27865,9553,27860,35
2020-06-12 09:53:00.01,27953.97,27875,101,27885,5415,27870,9553,27860,35
2020-06-12 09:53:01.10,27953.97,27885,5415,27895,233,27870,9953,27860,35
2020-06-12 09:53:02.16,27953.97,27880,5415,27895,10233,27865,9553,27860,35
2020-06-12 09:53:02.63,27953.97,27870,5415,27885,10000,27860,35,27855,9553
2020-06-12 09:53:04.80,27938.83,27875,5415,27890,10000,27860,9588,27845,901
2020-06-12 09:53:05.32,27938.83,27870,5415,27885,10000,27860,35,27855,9553
2020-06-12 09:53:06.39,27938.83,27865,5415,27880,10000,27850,9553,27845,901
2020-06-12 09:53:07.47,27938.83,27865,5415,27880,10000,27845,10454,27840,400
2020-06-12 09:53:08.52,27938.83,27860,5648,27875,10000,27845,10454,27840,400
2020-06-12 09:53:09.19,27938.83,27860,5648,27875,10000,27845,10454,27840,400
2020-06-12 09:53:10.26,27938.83,27855,5415,27860,233,27845,1,27840,9953
2020-06-12 09:53:14.97,27912.84,27860,5648,27875,10000,27845,9554,27840,400
2020-06-12 09:53:16.96,27912.84,27855,5415,27860,233,27845,1,27840,9953
2020-06-12 09:53:20.70,27912.84,27860,5648,27875,10000,27845,9554,27840,400
2020-06-12 09:53:21.03,27912.84,27855,5415,27860,233,27845,1,27840,9953
2020-06-12 09:53:21.78,27912.84,27855,5414,27860,233,27840,9553,27830,501
2020-06-12 09:53:28.02,27925.42,27855,5414,27860,233,27840,9553,27830,501
2020-06-12 09:53:29.18,27925.42,27850,5414,27860,233,27835,9553,27830,501
2020-06-12 09:53:30.74,27925.42,27840,5414,27855,10000,27830,501,27825,9553
2020-06-12 09:53:31.80,27925.42,27840,5414,27855,10000,27830,501,27825,9553
2020-06-12 09:53:34.93,27920.57,27845,5414,27860,10233,27830,10054,27810,1
2020-06-12 09:53:35.40,27920.57,27845,4914,27860,10233,27830,10054,27810,1
2020-06-12 09:53:37.01,27920.57,27840,4914,27845,250,27830,501,27825,9553
2020-06-12 09:53:40.18,27920.57,27835,4914,27845,250,27830,501,27820,9553
2020-06-12 09:53:41.22,27920.57,27835,233,27840,4914,27830,501,27825,9553
2020-06-12 09:53:43.72,27920.57,27835,5147,27845,250,27830,501,27820,9553
2020-06-12 09:53:44.91,27896.12,27835,5147,27845,250,27820,9553,27810,1
2020-06-12 09:53:46.25,27896.12,27835,233,27840,4914,27825,9553,27810,1
2020-06-12 09:53:47.06,27896.12,27835,5147,27845,250,27820,9553,27810,1
2020-06-12 09:53:48.06,27896.12,27835,233,27840,4914,27825,9553,27810,1
2020-06-12 09:53:49.13,27896.12,27835,5147,27845,250,27820,9553,27810,1
2020-06-12 09:53:49.42,27896.12,27835,233,27840,4914,27825,9553,27810,1
2020-06-12 09:53:51.20,27896.12,27835,233,27840,4914,27825,9553,27820,35
2020-06-12 09:53:51.69,27896.12,27845,5164,27860,10233,27830,9553,27820,35
2020-06-12 09:53:52.78,27896.12,27845,5164,27860,10233,27830,9553,27820,35
2020-06-12 09:53:53.83,27896.12,27840,4914,27845,250,27825,9553,27820,35
2020-06-12 09:53:54.86,27896.12,27835,4914,27845,250,27820,9588,27810,1
2020-06-12 09:53:56.98,27892.37,27830,4914,27845,10250,27820,35,27815,9553
2020-06-12 09:53:58.05,27892.37,27825,4914,27840,10000,27810,9554,27805,2400
2020-06-12 09:53:58.56,27892.37,27830,4914,27845,10250,27815,9553,27810,1
2020-06-12 09:54:00.97,27892.37,27830,4914,27845,10250,27815,9553,27810,1
2020-06-12 09:54:02.70,27892.37,27830,4914,27845,10250,27815,9553,27810,1
2020-06-12 09:54:03.82,27892.37,27830,4914,27845,10250,27815,9553,27810,1
2020-06-12 09:54:07.47,27909.23,27825,4914,27840,10000,27810,9554,27805,2400
2020-06-12 09:54:09.02,27909.23,27830,4914,27845,10250,27815,9553,27810,1
2020-06-12 09:54:10.10,27909.23,27825,4914,27845,10250,27815,9553,27810,1
2020-06-12 09:54:11.16,27909.23,27830,4914,27845,10250,27815,9553,27810,1
2020-06-12 09:54:12.22,27909.23,27830,4914,27845,10250,27815,9553,27810,1
2020-06-12 09:54:12.66,27909.23,27825,5146,27840,10000,27810,9554,27805,2400
2020-06-12 09:54:13.82,27909.23,27825,232,27835,4914,27820,9553,27810,1
2020-06-12 09:54:14.43,27900.16,27835,4914,27845,250,27820,10353,27810,1
2020-06-12 09:54:16.86,27900.16,27835,4914,27845,250,27820,10353,27810,1
2020-06-12 09:54:19.08,27900.16,27840,4914,27845,250,27825,9553,27820,800
2020-06-12 09:54:23.25,27900.16,27845,5164,27860,10233,27830,9553,27820,800
2020-06-12 09:54:24.83,27894.07,27840,4914,27845,250,27825,9553,27820,801
2020-06-12 09:54:25.45,27894.07,27845,5164,27860,10233,27830,9320,27820,801
2020-06-12 09:54:29.55,27894.07,27845,250,27850,4914,27835,9320,27820,801
2020-06-12 09:54:33.20,27894.07,27860,5147,27875,10000,27845,9320,27820,801
2020-06-12 09:54:33.83,27894.07,27860,233,27865,4914,27850,9087,27820,801
2020-06-12 09:54:34.76,27907.35,27860,5147,27875,10000,27845,9087,27820,801
2020-06-12 09:54:36.18,27907.35,27860,233,27865,4914,27850,9087,27820,801
2020-06-12 09:54:37.40,27907.35,27860,233,27870,4914,27855,9087,27820,801
2020-06-12 09:54:38.68,27907.35,27860,233,27865,4914,27850,9087,27820,801
2020-06-12 09:54:39.51,27907.35,27860,233,27865,4914,27845,9087,27820,801
2020-06-12 09:54:40.54,27907.35,27860,5147,27875,10000,27845,9087,27820,801
2020-06-12 09:54:41.09,27907.35,27860,5147,27875,10000,27845,9087,27820,801
2020-06-12 09:54:42.10,27907.35,27855,4914,27860,233,27840,9087,27820,801
2020-06-12 09:54:43.14,27907.35,27850,4914,27860,233,27835,9087,27820,801
2020-06-12 09:54:44.20,27907.35,27850,4914,27860,233,27835,9087,27820,801
2020-06-12 09:54:45.26,27893.28,27845,233,27850,4914,27835,9087,27820,801
2020-06-12 09:54:46.81,27893.28,27845,5147,27860,10233,27830,9087,27820,801
2020-06-12 09:54:48.41,27893.28,27840,4914,27845,233,27825,9087,27820,801
2020-06-12 09:54:50.01,27893.28,27840,4914,27845,333,27825,9087,27820,801
2020-06-12 09:54:51.07,27893.28,27845,5247,27860,10233,27830,9087,27820,801
2020-06-12 09:54:52.43,27893.28,27845,333,27850,4914,27835,9087,27820,801
2020-06-12 09:54:53.69,27893.28,27855,5214,27860,233,27840,9087,27820,801
2020-06-12 09:54:54.96,27909.93,27855,5214,27860,233,27840,9087,27820,801
2020-06-12 09:54:55.80,27909.93,27850,4914,27855,300,27835,9087,27820,801
2020-06-12 09:54:56.87,27909.93,27850,300,27855,4914,27840,9087,27820,801
2020-06-12 09:54:57.32,27909.93,27850,5314,27860,233,27835,9087,27820,801
2020-06-12 09:55:00.04,27909.93,27855,4914,27860,233,27840,9087,27820,801
2020-06-12 09:55:00.49,27909.93,27855,5214,27860,233,27840,9087,27820,801
2020-06-12 09:55:01.60,27909.93,27850,4914,27855,300,27835,9087,27820,801
2020-06-12 09:55:02.66,27909.93,27850,5214,27860,233,27835,9087,27820,801
2020-06-12 09:55:03.10,27909.93,27855,4914,27860,233,27840,9087,27820,801
2020-06-12 09:55:04.27,27909.93,27860,5147,27875,10000,27845,9087,27820,801
2020-06-12 09:55:04.82,27896.38,27860,5447,27875,10000,27845,9087,27820,801
2020-06-12 09:55:05.82,27896.38,27855,4914,27860,533,27840,9087,27820,801
2020-06-12 09:55:06.88,27896.38,27860,5147,27875,10000,27845,9087,27820,801
2020-06-12 09:55:07.28,27896.38,27860,5447,27875,10000,27845,9087,27820,801
2020-06-12 09:55:08.81,27896.38,27860,5447,27875,10000,27855,500,27845,9087
2020-06-12 09:55:09.97,27896.38,27860,233,27865,4914,27850,9087,27820,801
2020-06-12 09:55:10.19,27896.38,27860,233,27865,4914,27845,9087,27820,801
2020-06-12 09:55:11.08,27896.38,27860,5147,27875,10000,27845,9087,27820,801
2020-06-12 09:55:12.56,27896.38,27860,5147,27875,10000,27845,9087,27820,801
2020-06-12 09:55:14.83,27908.69,27860,233,27865,4914,27850,9087,27820,801
2020-06-12 09:55:16.16,27908.69,27855,233,27860,233,27850,9087,27820,801
2020-06-12 09:55:17.39,27908.69,27855,233,27860,233,27850,9087,27820,801
2020-06-12 09:55:19.55,27908.69,27860,333,27865,4914,27850,9987,27820,801
2020-06-12 09:55:20.59,27908.69,27860,333,27865,4914,27850,9087,27820,801
2020-06-12 09:55:23.15,27908.69,27860,333,27865,4914,27850,9087,27820,801
2020-06-12 09:55:24.20,27908.69,27860,333,27865,4914,27850,9087,27820,801
2020-06-12 09:55:24.62,27892.67,27860,233,27870,4914,27855,9087,27820,801
2020-06-12 09:55:25.78,27892.67,27870,5314,27885,10000,27855,9987,27820,801
2020-06-12 09:55:26.15,27892.67,27870,5564,27885,10000,27855,9987,27820,801
2020-06-12 09:55:27.36,27892.67,27870,550,27875,4914,27860,9087,27855,900
2020-06-12 09:55:28.42,27892.67,27870,650,27875,4914,27860,9087,27855,900
2020-06-12 09:55:29.46,27892.67,27870,650,27875,4914,27860,9087,27855,900
2020-06-12 09:55:29.95,27892.67,27870,5564,27885,10000,27855,9987,27820,801
2020-06-12 09:55:31.04,27892.67,27860,4914,27870,650,27845,9087,27820,801
2020-06-12 09:55:32.10,27892.67,27860,5314,27870,250,27845,9087,27820,801
2020-06-12 09:55:33.15,27892.67,27855,4914,27860,400,27840,9087,27820,801
2020-06-12 09:55:33.62,27892.67,27855,5314,27870,10250,27840,9087,27820,801
2020-06-12 09:55:34.71,27892.67,27855,5314,27870,10250,27835,9087,27820,801
2020-06-12 09:55:35.09,27915.16,27855,5314,27870,10250,27840,9087,27820,801
2020-06-12 09:55:37.15,27915.16,27855,5214,27870,10250,27840,9087,27820,801
2020-06-12 09:55:39.23,27915.16,27850,4914,27855,300,27835,9087,27820,801
2020-06-12 09:55:39.95,27915.16,27850,100,27855,4914,27840,9087,27820,801
2020-06-12 09:55:41.02,27915.16,27855,4914,27870,10250,27840,9087,27820,801
2020-06-12 09:55:41.37,27915.16,27860,4914,27870,250,27845,9087,27820,801
2020-06-12 09:55:42.12,27915.16,27865,4914,27870,250,27850,9087,27820,801
2020-06-12 09:55:43.05,27915.16,27865,5214,27870,250,27850,9087,27820,801
2020-06-12 09:55:44.13,27915.16,27860,4914,27865,300,27845,9087,27820,801
2020-06-12 09:55:44.52,27903.4,27860,5214,27870,250,27845,9087,27820,801
2020-06-12 09:55:45.99,27903.4,27860,5214,27870,250,27845,9087,27820,802
2020-06-12 09:55:46.76,27903.4,27855,4914,27860,300,27840,9087,27820,802
2020-06-12 09:55:47.80,27903.4,27860,4914,27870,250,27845,9087,27820,802
2020-06-12 09:55:48.15,27903.4,27855,5147,27860,300,27840,9087,27820,802
2020-06-12 09:55:48.93,27903.4,27850,4914,27855,533,27835,9087,27820,802
2020-06-12 09:55:49.88,27903.4,27850,300,27855,5147,27840,9087,27820,802
2020-06-12 09:55:50.89,27903.4,27850,300,27855,5147,27835,9087,27820,802
2020-06-12 09:55:51.14,27903.4,27855,5147,27870,10250,27840,9087,27820,802
2020-06-12 09:55:51.99,27903.4,27855,5447,27870,10250,27840,9087,27820,802
2020-06-12 09:55:53.32,27903.4,27855,5447,27870,10250,27840,9087,27820,802
2020-06-12 09:55:54.10,27903.4,27855,5446,27870,10250,27840,9087,27820,802
2020-06-12 09:55:55.16,27899.57,27855,532,27860,4914,27845,9087,27820,802
2020-06-12 09:55:55.72,27899.57,27855,5446,27870,10250,27840,9087,27820,802
2020-06-12 09:55:57.19,27899.57,27850,4914,27855,532,27835,9087,27820,802
2020-06-12 09:55:58.27,27899.57,27850,5214,27855,232,27835,9087,27820,802
2020-06-12 09:55:59.85,27899.57,27850,300,27855,5146,27835,9087,27820,802
2020-06-12 09:56:00.05,27899.57,27855,5146,27870,10250,27840,9087,27820,802
2020-06-12 09:56:00.89,27899.57,27855,5446,27870,10250,27840,9087,27820,802
2020-06-12 09:56:06.76,27892.07,27850,4914,27855,532,27835,9087,27820,802
2020-06-12 09:56:07.75,27892.07,27850,5214,27855,232,27835,9087,27820,802
2020-06-12 09:56:08.81,27892.07,27850,300,27855,5146,27835,9087,27820,802
2020-06-12 09:56:09.15,27892.07,27850,300,27855,5146,27835,9087,27820,802
2020-06-12 09:56:09.95,27892.07,27855,5146,27870,10250,27840,9087,27820,802
2020-06-12 09:56:10.92,27892.07,27855,5446,27870,10250,27840,9087,27820,802
2020-06-12 09:56:12.48,27892.07,27855,5446,27870,10250,27835,9087,27820,802
2020-06-12 09:56:12.86,27892.07,27855,5446,27870,10250,27840,9087,27820,802
2020-06-12 09:56:16.87,27894.35,27855,5446,27870,10250,27840,9087,27820,802
2020-06-12 09:56:17.78,27894.35,27855,232,27860,4914,27845,9087,27820,802
2020-06-12 09:56:18.84,27894.35,27865,5514,27870,250,27850,9087,27820,802
2020-06-12 09:56:20.40,27894.35,27860,233,27865,5514,27850,9087,27820,802
2020-06-12 09:56:20.88,27894.35,27860,5747,27870,250,27845,9087,27820,802
2020-06-12 09:56:21.99,27894.35,27860,833,27865,4914,27850,9087,27820,802
2020-06-12 09:56:22.46,27894.35,27860,233,27865,4914,27850,9087,27820,802
2020-06-12 09:56:23.21,27894.35,27860,633,27865,4914,27850,9087,27820,802
2020-06-12 09:56:24.12,27894.35,27860,833,27865,4914,27850,9087,27820,802
2020-06-12 09:56:25.71,27896.96,27860,5747,27870,250,27845,9087,27820,802
2020-06-12 09:56:27.65,27896.96,27855,4914,27860,833,27840,9087,27820,802
2020-06-12 09:56:28.52,27896.96,27855,5514,27860,233,27840,9087,27820,802
2020-06-12 09:56:29.41,27896.96,27850,4914,27855,600,27835,9087,27820,802
2020-06-12 09:56:30.46,27896.96,27850,5514,27860,233,27835,9087,27820,802
2020-06-12 09:56:33.58,27896.96,27850,600,27855,4914,27840,9087,27820,802
2020-06-12 09:56:34.72,27903.92,27850,600,27855,4914,27840,9087,27820,802
2020-06-12 09:56:35.77,27903.92,27850,5514,27860,233,27835,9087,27820,802
2020-06-12 09:56:37.61,27903.92,27850,600,27855,4914,27835,9087,27820,802
2020-06-12 09:56:38.39,27903.92,27850,600,27855,4914,27840,9087,27820,802
2020-06-12 09:56:39.46,27903.92,27855,4914,27860,233,27840,9087,27820,802
2020-06-12 09:56:39.72,27903.92,27855,5514,27860,233,27840,9087,27820,802
2020-06-12 09:56:40.52,27903.92,27850,101,27855,5514,27840,9087,27820,802
2020-06-12 09:56:41.11,27903.92,27850,701,27855,4914,27840,9087,27820,802
2020-06-12 09:56:42.10,27903.92,27850,5715,27860,233,27835,9087,27820,802
2020-06-12 09:56:43.63,27903.92,27850,5715,27860,233,27845,500,27835,9087
2020-06-12 09:56:44.71,27917.97,27845,200,27850,101,27840,9087,27820,802
2020-06-12 09:56:45.05,27917.97,27850,101,27855,4914,27840,9087,27820,802
2020-06-12 09:56:45.75,27917.97,27850,101,27855,4914,27840,9087,27820,802
2020-06-12 09:56:48.05,27917.97,27850,101,27860,5147,27840,9087,27820,802
2020-06-12 09:56:48.91,27917.97,27860,533,27865,4914,27845,9087,27820,802
2020-06-12 09:56:49.97,27917.97,27860,5447,27870,250,27845,9087,27820,802
2020-06-12 09:56:50.42,27917.97,27860,533,27865,4914,27850,9087,27820,802
2020-06-12 09:56:52.05,27917.97,27855,233,27860,533,27845,9087,27820,802
2020-06-12 09:56:53.11,27917.97,27855,233,27860,5447,27845,9087,27820,802
2020-06-12 09:56:53.50,27917.97,27855,233,27860,533,27850,9087,27820,802
2020-06-12 09:56:54.22,27919.35,27860,833,27865,4914,27850,9887,27820,802
2020-06-12 09:56:55.20,27919.35,27860,233,27870,5164,27855,9087,27850,800
2020-06-12 09:56:56.25,27919.35,27870,5964,27885,10000,27855,9987,27850,800
2020-06-12 09:56:57.75,27919.35,27870,5964,27885,10000,27855,9087,27850,800
2020-06-12 09:57:01.23,27919.35,27865,4914,27870,1050,27850,9887,27820,802
2020-06-12 09:57:02.54,27919.35,27870,250,27875,4914,27860,9087,27820,10802
2020-06-12 09:57:02.91,27919.35,27870,5164,27885,10000,27855,9087,27820,802
2020-06-12 09:57:04.15,27919.35,27870,5964,27885,10000,27855,9087,27820,802
2020-06-12 09:57:05.19,27901.3,27865,4914,27870,1050,27850,9087,27820,802
2020-06-12 09:57:06.23,27901.3,27865,5714,27870,250,27850,9087,27820,802
2020-06-12 09:57:07.30,27901.3,27860,4914,27865,800,27845,9087,27820,802
2020-06-12 09:57:08.29,27901.3,27860,5714,27870,250,27845,9087,27820,802
2020-06-12 09:57:08.55,27901.3,27860,800,27865,4914,27850,9087,27820,802
2020-06-12 09:57:09.16,27901.3,27860,800,27865,4914,27850,9087,27820,802
2020-06-12 09:57:12.53,27901.3,27865,4914,27870,250,27850,9087,27820,802
2020-06-12 09:57:12.89,27901.3,27865,5714,27870,250,27850,9087,27820,802
2020-06-12 09:57:14.95,27902.1,27860,4914,27865,1050,27845,9087,27820,802
2020-06-12 09:57:15.73,27902.1,27860,800,27865,5164,27850,9087,27820,802
2020-06-12 09:57:16.76,27902.1,27860,5714,27865,250,27845,9087,27820,802
2020-06-12 09:57:18.34,27902.1,27860,800,27865,5164,27845,9087,27820,802
2020-06-12 09:57:18.80,27902.1,27860,5714,27865,250,27845,9087,27820,802
2020-06-12 09:57:19.92,27902.1,27855,4914,27860,800,27840,9087,27820,802
2020-06-12 09:57:20.36,27902.1,27855,5714,27865,250,27840,9087,27820,802
2020-06-12 09:57:21.50,27902.1,27850,4914,27855,800,27835,9087,27820,802
2020-06-12 09:57:21.95,27902.1,27850,5714,27865,10250,27835,9087,27820,802
2020-06-12 09:57:24.07,27902.1,27845,233,27850,5714,27835,9087,27820,802
2020-06-12 09:57:24.68,27905.28,27845,1033,27850,4914,27835,9087,27820,802
2020-06-12 09:57:25.70,27905.28,27845,5947,27860,10000,27830,9087,27820,802
2020-06-12 09:57:28.21,27905.28,27845,233,27850,4914,27835,9087,27820,802
2020-06-12 09:57:29.34,27905.28,27845,233,27850,4914,27835,9087,27820,802
2020-06-12 09:57:29.65,27905.28,27845,1033,27850,4914,27835,9087,27820,802
2020-06-12 09:57:30.32,27905.28,27845,233,27850,4914,27835,9087,27820,802
2020-06-12 09:57:31.45,27905.28,27845,233,27855,4914,27840,9087,27820,802
2020-06-12 09:57:31.68,27905.28,27855,6014,27865,250,27840,9887,27820,802
2020-06-12 09:57:36.65,27900.91,27865,5164,27870,250,27850,9087,27840,800
2020-06-12 09:57:37.73,27900.91,27860,4914,27865,1250,27845,9087,27840,800
2020-06-12 09:57:38.05,27900.91,27855,4914,27860,1000,27840,9887,27820,802
2020-06-12 09:57:39.26,27900.91,27855,5914,27865,250,27840,9887,27820,802
2020-06-12 09:57:39.46,27900.91,27850,4914,27855,1000,27835,9087,27820,802
2020-06-12 09:57:40.37,27900.91,27850,5914,27865,10250,27835,9087,27820,802
2020-06-12 09:57:41.65,27900.91,27850,1000,27855,4914,27835,9087,27820,802
2020-06-12 09:57:42.49,27900.91,27850,5914,27865,10250,27835,9087,27820,802
2020-06-12 09:57:44.58,27905.22,27845,4914,27850,1000,27830,9087,27820,802
2020-06-12 09:57:45.60,27905.22,27840,4914,27845,1000,27825,9087,27820,802
2020-06-12 09:57:46.05,27905.22,27830,4914,27840,1000,27820,802,27815,9087
2020-06-12 09:57:47.19,27905.22,27835,4914,27850,10000,27820,2,27815,9087
2020-06-12 09:57:48.24,27905.22,27830,4914,27835,1000,27820,2,27815,9087
2020-06-12 09:57:49.30,27905.22,27830,5914,27845,10000,27820,2,27815,9087
2020-06-12 09:57:49.69,27905.22,27825,1000,27830,4914,27815,9087,27810,1
2020-06-12 09:57:50.89,27905.22,27825,5914,27840,10000,27810,9088,27805,2400
2020-06-12 09:57:52.44,27905.22,27825,1000,27830,4914,27815,9087,27810,1
2020-06-12 09:57:53.49,27905.22,27830,4914,27845,10000,27815,9087,27810,1
2020-06-12 09:57:53.89,27905.22,27830,6014,27845,10000,27815,9087,27810,1
2020-06-12 09:57:55.35,27907.49,27830,1100,27835,4914,27820,9087,27810,1
2020-06-12 09:57:56.14,27907.49,27825,233,27830,1100,27820,9087,27810,1
2020-06-12 09:58:00.38,27907.49,27825,1333,27830,4914,27815,9087,27810,1
2020-06-12 09:58:00.77,27907.49,27825,6247,27840,10000,27810,9088,27805,2400
2020-06-12 09:58:01.95,27907.49,27825,6247,27840,10000,27810,9088,27805,2400
2020-06-12 09:58:04.61,27904.44,27815,4914,27825,1333,27810,1,27805,2400
2020-06-12 09:58:05.67,27904.44,27810,1100,27815,4914,27800,11572,27795,2400
2020-06-12 09:58:06.16,27904.44,27815,4914,27825,233,27800,11572,27795,2400
2020-06-12 09:58:07.48,27904.44,27815,6014,27825,233,27800,11572,27795,2400
2020-06-12 09:58:08.29,27904.44,27815,1100,27820,4914,27805,9087,27800,2485
2020-06-12 09:58:09.33,27904.44,27815,1100,27820,4914,27805,9087,27800,2485
2020-06-12 09:58:09.73,27904.44,27820,4914,27825,233,27805,9087,27800,2485
2020-06-12 09:58:10.37,27904.44,27820,6014,27825,233,27805,9087,27800,2485
2020-06-12 09:58:18.84,27885.97,27825,5147,27840,10000,27815,500,27810,9087
2020-06-12 09:58:19.29,27885.97,27825,6247,27840,10000,27815,500,27810,9087
2020-06-12 09:58:20.40,27885.97,27825,6247,27840,10000,27815,500,27810,9087
2020-06-12 09:58:20.79,27885.97,27825,233,27830,4914,27815,9587,27800,2485
2020-06-12 09:58:22.29,27885.97,27825,233,27830,4914,27815,9587,27800,2485
2020-06-12 09:58:23.54,27885.97,27825,233,27830,4914,27815,9587,27800,2485
2020-06-12 09:58:23.88,27885.97,27835,6314,27850,10000,27820,9087,27815,500
2020-06-12 09:58:25.13,27884.36,27835,6314,27850,10000,27820,9087,27815,500
2020-06-12 09:58:26.68,27884.36,27835,6314,27850,10000,27820,9087,27815,500
2020-06-12 09:58:26.90,27884.36,27835,6314,27850,10000,27820,9087,27815,500
2020-06-12 09:58:28.82,27884.36,27830,5147,27835,1400,27815,9587,27800,2520
2020-06-12 09:58:29.26,27884.36,27825,4914,27830,1633,27815,500,27810,9087
2020-06-12 09:58:30.38,27884.36,27825,6314,27830,233,27815,500,27810,9087
2020-06-12 09:58:30.85,27884.36,27825,6314,27830,233,27815,500,27810,9087
2020-06-12 09:58:32.97,27884.36,27825,6314,27830,233,27815,500,27810,9087
2020-06-12 09:58:34.05,27884.36,27825,6314,27830,233,27815,500,27810,9088
2020-06-12 09:58:35.15,27886.49,27825,6214,27830,233,27815,500,27810,9088
2020-06-12 09:58:36.72,27886.49,27825,6214,27830,233,27815,500,27810,9088
2020-06-12 09:58:37.15,27886.49,27825,6214,27830,233,27815,500,27810,9088
2020-06-12 09:58:43.25,27886.49,27825,1400,27830,5147,27815,500,27810,9088
2020-06-12 09:58:44.11,27886.49,27825,6314,27830,233,27815,500,27810,9088
2020-06-12 09:58:46.16,27879.49,27830,233,27835,4914,27815,9587,27810,1
2020-06-12 09:58:46.42,27879.49,27830,6647,27845,10100,27815,9587,27810,1
2020-06-12 09:58:48.55,27879.49,27825,4914,27830,1733,27815,500,27810,9088
2020-06-12 09:58:49.37,27879.49,27825,6314,27830,233,27815,500,27810,9088
2020-06-12 09:58:50.12,27879.49,27830,5147,27845,10100,27815,9587,27810,1
2020-06-12 09:58:50.89,27879.49,27830,6647,27845,10100,27815,9587,27810,1
2020-06-12 09:58:53.09,27879.49,27830,1733,27835,4914,27820,9087,27815,500
2020-06-12 09:58:54.07,27879.49,27830,233,27835,4914,27820,9087,27815,500
2020-06-12 09:58:54.42,27891.79,27830,233,27840,4914,27825,9087,27815,500
2020-06-12 09:58:55.63,27891.79,27835,4914,27840,1700,27820,9087,27815,500
2020-06-12 09:58:55.87,27891.79,27835,6614,27845,100,27820,9987,27815,500
2020-06-12 09:58:58.02,27891.79,27835,1700,27840,4914,27820,9987,27815,500
2020-06-12 09:58:58.76,27891.79,27835,6614,27845,100,27815,9587,27810,1
2020-06-12 09:58:59.80,27891.79,27835,6614,27845,100,27820,9087,27815,500
2020-06-12 09:59:00.32,27891.79,27835,6614,27845,100,27820,8854,27815,500
2020-06-12 09:59:01.40,27891.79,27830,4914,27835,1700,27825,500,27815,8854
2020-06-12 09:59:02.02,27891.79,27825,6114,27840,10000,27810,8855,27800,2520
2020-06-12 09:59:04.29,27891.79,27825,6364,27840,10000,27810,8855,27800,2520
2020-06-12 09:59:05.10,27900.55,27825,6365,27840,10000,27810,8855,27800,2520
2020-06-12 09:59:06.13,27900.55,27820,4414,27825,1951,27810,1,27805,8854
2020-06-12 09:59:06.55,27900.55,27820,6014,27825,251,27810,1,27805,8854
2020-06-12 09:59:07.93,27900.55,27815,4414,27820,1600,27800,11374,27795,2400
2020-06-12 09:59:08.76,27900.55,27815,6114,27825,251,27800,11374,27795,2400
2020-06-12 09:59:11.84,27900.55,27815,6114,27825,251,27800,11374,27795,2400
2020-06-12 09:59:13.12,27900.55,27810,4414,27815,1700,27800,120,27795,2400
2020-06-12 09:59:14.17,27895.85,27800,5994,27820,10000,27790,2400,27785,8854
2020-06-12 09:59:15.23,27895.85,27810,4294,27825,10251,27795,8854,27790,2400
2020-06-12 09:59:16.28,27895.85,27810,5994,27825,10251,27795,8851,27790,2400
2020-06-12 09:59:18.19,27895.85,27810,1700,27815,4294,27795,8851,27790,2400
2020-06-12 09:59:19.42,27895.85,27810,5994,27825,10251,27795,8851,27790,2400
2020-06-12 09:59:21.03,27895.85,27810,1700,27815,4294,27800,8851,27790,2400
2020-06-12 09:59:22.12,27895.85,27810,1700,27815,4294,27800,8851,27790,2400
2020-06-12 09:59:22.42,27895.85,27810,600,27815,4294,27800,8851,27790,2400
2020-06-12 09:59:23.14,27895.85,27810,1600,27815,4294,27800,8851,27790,2400
2020-06-12 09:59:24.39,27876.34,27810,1700,27815,4294,27800,8851,27790,2400
2020-06-12 09:59:26.68,27876.34,27820,4294,27825,251,27805,8851,27790,2400
2020-06-12 09:59:27.35,27876.34,27820,5994,27825,251,27805,8851,27790,2400
2020-06-12 09:59:29.56,27876.34,27815,4294,27820,1700,27800,8851,27790,2400
2020-06-12 09:59:29.88,27876.34,27815,5994,27825,251,27800,8851,27790,2400
2020-06-12 09:59:39.05,27850.62,27815,1700,27820,4294,27805,8851,27790,2400
2020-06-12 09:59:39.35,27850.62,27815,5994,27825,251,27800,8851,27790,2400
2020-06-12 09:59:41.71,27850.62,27815,1500,27820,4294,27805,8851,27790,2400
2020-06-12 09:59:41.94,27850.62,27815,1700,27820,4294,27805,8851,27790,2400
2020-06-12 09:59:49.85,27861.69,27825,4545,27840,10000,27810,8851,27790,2400
2020-06-12 09:59:50.49,27861.69,27825,6245,27840,10000,27810,8851,27790,2400
2020-06-12 09:59:51.64,27861.69,27825,251,27830,4294,27815,8851,27790,2400
2020-06-12 09:59:52.11,27861.69,27835,1800,27840,4294,27825,8851,27790,2400
2020-06-12 09:59:53.24,27861.69,27845,100,27850,4294,27835,8851,27790,12400
2020-06-12 09:59:54.28,27861.69,27845,1600,27850,4294,27835,8851,27795,10000
2020-06-12 09:59:55.33,27857.78,27845,5894,27860,10000,27830,8851,27790,12400
2020-06-12 09:59:57.41,27857.78,27845,1600,27850,4294,27835,8851,27795,10000
2020-06-12 09:59:57.73,27857.78,27845,1600,27850,4294,27835,8851,27795,10000
2020-06-12 09:59:59.86,27857.78,27845,5894,27860,10000,27830,8851,27790,12400
2020-06-12 10:00:01.08,27857.78,27845,5894,27860,10000,27830,8851,27790,12400
2020-06-12 10:00:01.45,27857.78,27845,5894,27860,10000,27830,8851,27790,12400
2020-06-12 10:00:02.62,27857.78,27845,5894,27860,10000,27830,8851,27790,12400
2020-06-12 10:00:04.72,27866.06,27845,1600,27850,4294,27835,8851,27795,10000
2020-06-12 10:00:06.29,27866.06,27845,1600,27850,4294,27835,8851,27795,10000
2020-06-12 10:00:07.36,27866.06,27845,1600,27855,4294,27840,8851,27800,10000
2020-06-12 10:00:08.40,27866.06,27855,4294,27865,250,27840,8851,27800,10000
2020-06-12 10:00:09.45,27866.06,27850,5894,27865,10250,27835,8801,27795,10000
2020-06-12 10:00:10.53,27866.06,27850,5894,27865,10250,27835,8801,27795,10000
2020-06-12 10:00:11.57,27866.06,27850,1600,27855,4294,27840,8801,27800,10000
2020-06-12 10:00:12.62,27866.06,27850,5894,27865,10250,27835,8801,27795,10000
2020-06-12 10:00:14.20,27866.06,27845,4294,27850,1600,27825,8801,27790,2400
2020-06-12 10:00:14.65,27887.78,27845,5894,27860,10000,27830,8801,27790,12400
2020-06-12 10:00:15.78,27887.78,27840,4294,27845,1600,27825,8801,27790,2400
2020-06-12 10:00:16.79,27887.78,27840,5894,27855,10000,27825,8801,27790,2400
2020-06-12 10:00:17.09,27887.78,27835,4294,27840,1600,27820,8801,27790,2400
2020-06-12 10:00:17.87,27887.78,27830,4294,27835,1600,27815,8801,27790,2400
2020-06-12 10:00:18.88,27887.78,27830,5894,27845,10000,27815,8801,27790,2400
2020-06-12 10:00:19.98,27887.78,27820,4294,27830,1600,27805,8801,27790,2400
2020-06-12 10:00:21.02,27887.78,27820,5894,27835,10000,27805,8801,27790,2400
2020-06-12 10:00:21.46,27887.78,27815,4294,27820,1600,27800,8801,27790,2400
2020-06-12 10:00:22.38,27887.78,27810,4294,27815,1500,27795,8801,27790,2400
2020-06-12 10:00:23.65,27887.78,27805,4294,27810,1500,27790,11201,27750,10000
2020-06-12 10:00:24.05,27887.78,27805,1500,27810,4294,27795,8801,27790,2400
2020-06-12 10:00:25.23,27889.69,27810,4294,27825,10000,27795,8801,27790,2400
2020-06-12 10:00:25.68,27889.69,27810,5794,27825,10000,27795,8801,27790,2400
2020-06-12 10:00:26.80,27889.69,27810,5794,27825,10000,27795,8801,27790,2400
2020-06-12 10:00:28.37,27889.69,27805,4294,27810,1500,27790,11201,27750,10000
2020-06-12 10:00:28.74,27889.69,27805,5794,27820,10000,27790,11201,27750,10000
2020-06-12 10:00:29.93,27889.69,27800,4294,27805,1500,27785,8801,27745,10000
2020-06-12 10:00:30.37,27889.69,27800,5794,27815,10000,27785,8801,27745,10000
2020-06-12 10:00:31.47,27889.69,27795,4294,27800,1500,27780,8801,27740,10000
2020-06-12 10:00:32.54,27889.69,27795,5744,27810,10000,27780,8801,27740,10000
2020-06-12 10:00:33.58,27889.69,27790,4244,27795,1500,27775,8801,27735,10000
2020-06-12 10:00:34.61,27889.69,27800,4244,27815,10000,27780,8801,27740,10000
2020-06-12 10:00:35.66,27886.79,27795,4244,27800,1500,27780,8801,27740,10000
2020-06-12 10:00:36.69,27886.79,27790,4244,27795,1500,27775,8801,27735,10000
2020-06-12 10:00:37.74,27886.79,27780,4244,27790,1500,27765,8801,27725,10000
2020-06-12 10:00:38.80,27886.79,27780,5744,27795,10000,27765,8801,27725,10000
2020-06-12 10:00:39.86,27886.79,27780,1500,27785,4244,27770,8801,27730,10000
2020-06-12 10:00:40.91,27886.79,27780,1500,27785,4244,27765,8801,27730,10000
2020-06-12 10:00:41.96,27886.79,27785,4244,27800,10000,27770,8801,27730,10000
2020-06-12 10:00:42.99,27886.79,27785,5744,27800,10000,27770,8801,27730,10000
2020-06-12 10:00:44.42,27886.79,27785,400,27790,4244,27775,8801,27735,10000
2020-06-12 10:00:45.66,27867.27,27785,5744,27800,10000,27770,8801,27730,10000
2020-06-12 10:00:47.19,27867.27,27785,5744,27800,10000,27770,8801,27730,10000
2020-06-12 10:00:48.25,27867.27,27785,1500,27790,4244,27775,8801,27735,10000
2020-06-12 10:00:49.31,27867.27,27785,1500,27790,4244,27775,8801,27735,10000
2020-06-12 10:00:49.75,27867.27,27790,4244,27805,10000,27775,8801,27735,10000
2020-06-12 10:00:50.87,27867.27,27790,1500,27795,4244,27780,8801,27740,10000
2020-06-12 10:00:51.39,27867.27,27790,5744,27805,10000,27775,8801,27735,10000
2020-06-12 10:00:52.44,27867.27,27790,1500,27795,4244,27780,8801,27740,10000
2020-06-12 10:00:53.01,27867.27,27790,250,27800,4244,27785,8801,27745,10000
2020-06-12 10:00:54.01,27867.27,27790,1750,27795,4244,27780,8801,27740,10000
2020-06-12 10:00:54.62,27875.17,27790,1750,27795,4244,27775,8801,27735,10000
2020-06-12 10:00:55.61,27875.17,27790,5994,27805,10000,27775,8801,27735,10000
2020-06-12 10:00:58.26,27875.17,27785,4244,27790,1750,27770,8801,27730,10000
2020-06-12 10:00:58.54,27875.17,27785,5744,27790,250,27770,8801,27730,10000
2020-06-12 10:00:59.38,27875.17,27775,4244,27785,1500,27760,8801,27720,10000
2020-06-12 10:01:00.35,27875.17,27770,4244,27775,1500,27755,8801,27715,10000
2020-06-12 10:01:01.46,27875.17,27770,5744,27785,10000,27755,8801,27715,10000
2020-06-12 10:01:02.52,27875.17,27770,5744,27785,10000,27755,8801,27715,10000
2020-06-12 10:01:03.16,27875.17,27760,4244,27770,1500,27745,8801,27705,10000
2020-06-12 10:01:04.28,27868.67,27755,4244,27760,1500,27740,8801,27700,10020
2020-06-12 10:01:05.63,27868.67,27755,5744,27770,10000,27740,8801,27700,10020
2020-06-12 10:01:06.81,27868.67,27745,4244,27755,1500,27730,8801,27700,20
2020-06-12 10:01:07.95,27868.67,27745,1500,27755,4244,27740,8801,27700,10020
2020-06-12 10:01:09.02,27868.67,27750,4244,27765,10000,27735,8801,27700,20
2020-06-12 10:01:10.01,27868.67,27750,5744,27765,10000,27735,8801,27700,20
2020-06-12 10:01:11.08,27868.67,27750,1500,27755,4244,27740,8801,27700,10020
2020-06-12 10:01:12.11,27868.67,27760,4244,27775,10000,27745,8801,27705,10000
2020-06-12 10:01:13.15,27868.67,27760,1500,27765,4244,27750,8801,27710,10000
2020-06-12 10:01:14.17,27868.67,27760,1500,27765,4244,27750,8801,27710,10000
2020-06-12 10:01:14.54,27861.12,27775,4244,27790,10250,27760,8801,27720,10000
2020-06-12 10:01:15.78,27861.12,27775,1500,27780,4244,27765,8801,27725,10000
2020-06-12 10:01:16.83,27861.12,27790,250,27795,4244,27780,8801,27740,10000
2020-06-12 10:01:17.45,27861.12,27790,5994,27805,10000,27775,8801,27735,10000
2020-06-12 10:01:18.40,27861.12,27790,1750,27795,4244,27780,8801,27740,10000
2020-06-12 10:01:19.48,27861.12,27790,1750,27795,4244,27780,8801,27740,10000
2020-06-12 10:01:20.54,27861.12,27790,1750,27800,4244,27785,8801,27745,10000
2020-06-12 10:01:20.89,27861.12,27805,5744,27820,10000,27790,8551,27750,10000
2020-06-12 10:01:22.10,27861.12,27805,4744,27820,10000,27790,5723,27750,10000
2020-06-12 10:01:23.15,27861.12,27805,4744,27820,10000,27790,5723,27750,10000
2020-06-12 10:01:24.73,27861.12,27805,500,27810,4244,27795,5723,27755,10000
2020-06-12 10:01:25.09,27853.46,27805,500,27810,4244,27795,5723,27755,10000
2020-06-12 10:01:26.32,27853.46,27805,500,27810,4244,27795,5723,27755,10001
2020-06-12 10:01:27.38,27853.46,27800,4244,27805,500,27785,5723,27755,1
2020-06-12 10:01:28.45,27853.46,27795,4244,27800,500,27780,5723,27755,1
2020-06-12 10:01:29.49,27853.46,27795,4244,27810,10000,27780,5723,27755,1
2020-06-12 10:01:30.54,27853.46,27790,3744,27795,500,27775,5723,27755,1
2020-06-12 10:01:31.02,27853.46,27790,4244,27805,10000,27775,5723,27755,1
2020-06-12 10:01:32.12,27853.46,27785,3744,27790,500,27770,5723,27755,1
2020-06-12 10:01:32.62,27853.46,27785,4244,27800,10000,27770,5723,27755,1
2020-06-12 10:01:33.69,27853.46,27795,3744,27810,10000,27780,5723,27755,1
2020-06-12 10:01:34.74,27835.31,27795,4244,27810,10000,27775,5723,27755,1
2020-06-12 10:01:35.16,27835.31,27795,500,27800,3744,27785,5723,27755,1
2020-06-12 10:01:36.35,27835.31,27785,3744,27795,500,27770,5723,27755,1
2020-06-12 10:01:36.76,27835.31,27785,4244,27800,10000,27770,5723,27755,1
2020-06-12 10:01:37.94,27835.31,27785,500,27790,3744,27775,5723,27755,1
2020-06-12 10:01:39.16,27835.31,27795,3744,27810,10000,27780,5723,27755,1
2020-06-12 10:01:40.04,27835.31,27795,4244,27810,10000,27780,5723,27755,1
2020-06-12 10:01:41.08,27835.31,27790,3744,27795,500,27775,5723,27755,1
2020-06-12 10:01:42.13,27835.31,27790,4244,27805,10000,27775,5723,27755,1
2020-06-12 10:01:43.19,27835.31,27780,3744,27790,500,27765,5723,27755,1
2020-06-12 10:01:44.22,27835.31,27785,3744,27790,500,27770,5723,27755,1
2020-06-12 10:01:44.72,27834.99,27780,3744,27785,500,27765,5723,27755,1
2020-06-12 10:01:45.80,27834.99,27775,3744,27780,500,27755,5724,27720,6
2020-06-12 10:01:46.85,27834.99,27765,3744,27775,500,27755,1,27745,5723
2020-06-12 10:01:47.89,27834.99,27765,100,27770,3744,27755,5724,27720,6
2020-06-12 10:01:48.94,27834.99,27770,3744,27785,10000,27755,5724,27720,6
2020-06-12 10:01:49.46,27834.99,27775,3744,27790,10000,27760,5723,27755,1
2020-06-12 10:01:50.49,27834.99,27775,4244,27790,10000,27755,5724,27720,6
2020-06-12 10:01:51.55,27834.99,27765,3744,27775,500,27755,1,27750,5723
2020-06-12 10:01:52.56,27834.99,27765,4344,27780,10000,27755,1,27750,5723
2020-06-12 10:01:55.25,27841.85,27765,4344,27780,10000,27750,5723,27720,6
2020-06-12 10:01:56.31,27841.85,27765,600,27770,3744,27750,5723,27720,6
2020-06-12 10:01:56.75,27841.85,27765,600,27770,3744,27755,5723,27720,6
2020-06-12 10:01:57.86,27841.85,27765,4344,27780,10000,27750,5723,27720,6
2020-06-12 10:01:58.91,27841.85,27775,3744,27790,10000,27760,5723,27720,10006
2020-06-12 10:01:59.95,27841.85,27765,3744,27775,600,27750,5723,27720,6
2020-06-12 10:02:00.45,27841.85,27765,4344,27780,10000,27750,5723,27720,6
2020-06-12 10:02:02.59,27841.85,27765,4344,27780,10000,27750,5723,27720,6
2020-06-12 10:02:03.59,27841.85,27775,3744,27790,10000,27760,5723,27720,10006
2020-06-12 10:02:04.06,27831.92,27775,4344,27790,10000,27760,5723,27720,10006
2020-06-12 10:02:05.23,27831.92,27775,600,27780,3744,27765,5723,27725,10000
2020-06-12 10:02:05.83,27831.92,27775,600,27780,3744,27765,5723,27725,10000
2020-06-12 10:02:06.79,27831.92,27785,3744,27800,10000,27770,5723,27730,10000
2020-06-12 10:02:07.84,27831.92,27785,4344,27800,10000,27770,5723,27730,10000
2020-06-12 10:02:08.36,27831.92,27785,4344,27800,10000,27770,5723,27730,10000
2020-06-12 10:02:10.01,27831.92,27785,4344,27800,10000,27770,5723,27730,10000
2020-06-12 10:02:11.00,27831.92,27785,4344,27800,10000,27770,5723,27730,10000
2020-06-12 10:02:12.04,27831.92,27785,4344,27800,10000,27770,5723,27730,10000
2020-06-12 10:02:14.12,27831.92,27785,4344,27800,10000,27770,5723,27730,10000
2020-06-12 10:02:14.56,27844.74,27785,4344,27800,10000,27770,5723,27730,10000
2020-06-12 10:02:15.73,27844.74,27785,4344,27800,10000,27765,5723,27725,10000
2020-06-12 10:02:16.77,27844.74,27785,4344,27800,10000,27770,5723,27730,10000
2020-06-12 10:02:17.79,27844.74,27785,600,27790,3744,27775,5723,27735,10000
2020-06-12 10:02:18.26,27844.74,27785,600,27790,3744,27775,5723,27735,10000
2020-06-12 10:02:19.41,27844.74,27785,600,27790,3744,27775,5723,27735,10000
2020-06-12 10:02:20.98,27844.74,27785,600,27790,3744,27775,5723,27735,10000
2020-06-12 10:02:22.04,27844.74,27785,600,27795,3744,27780,5723,27740,10000
2020-06-12 10:02:22.46,27844.74,27785,600,27795,3744,27780,5723,27740,10000
2020-06-12 10:02:23.59,27844.74,27785,600,27790,3744,27775,5723,27735,10000
2020-06-12 10:02:24.65,27844.74,27785,600,27795,3744,27780,5723,27740,10000
2020-06-12 10:02:25.02,27833.47,27800,3744,27815,10000,27780,5723,27740,10000
2020-06-12 10:02:26.19,27833.47,27800,600,27805,3744,27790,5723,27750,10000
2020-06-12 10:02:27.24,27833.47,27795,3744,27810,10000,27780,5723,27740,10000
2020-06-12 10:02:27.69,27833.47,27795,4344,27810,10000,27775,5723,27735,10000
2020-06-12 10:02:28.80,27833.47,27790,3744,27795,600,27775,5723,27735,10000
2020-06-12 10:02:29.19,27833.47,27790,4344,27805,10000,27775,5723,27735,10000
2020-06-12 10:02:30.86,27833.47,27790,4344,27805,10000,27775,5723,27735,10000
2020-06-12 10:02:31.32,27833.47,27790,600,27795,3744,27780,5723,27740,10000
2020-06-12 10:02:32.91,27833.47,27790,4344,27805,10000,27775,5723,27735,10000
2020-06-12 10:02:34.00,27833.47,27790,600,27795,3744,27780,5723,27740,10000
2020-06-12 10:02:35.08,27832.7,27790,4344,27805,10000,27775,5723,27735,10000
2020-06-12 10:02:35.58,27832.7,27785,3744,27790,600,27770,5723,27730,10000
2020-06-12 10:02:36.63,27832.7,27780,3744,27785,600,27765,5723,27725,10000
2020-06-12 10:02:37.69,27832.7,27780,4344,27795,10000,27765,5723,27725,10000
2020-06-12 10:02:40.30,27832.7,27780,4344,27795,10000,27765,5723,27725,10000
2020-06-12 10:02:41.28,27832.7,27780,600,27785,3744,27770,5723,27730,10000
2020-06-12 10:02:41.58,27832.7,27780,4344,27795,10000,27765,5723,27725,10000
2020-06-12 10:02:42.48,27832.7,27780,4594,27795,10000,27765,5723,27725,10000
2020-06-12 10:02:44.54,27832.7,27780,850,27785,3744,27770,5723,27730,10000
2020-06-12 10:02:44.92,27827.62,27780,250,27790,3744,27775,5723,27735,10000
2020-06-12 10:02:46.17,27827.62,27790,4644,27805,10000,27775,5723,27735,10000
2020-06-12 10:02:47.42,27827.62,27790,4644,27805,10000,27775,5723,27735,10000
2020-06-12 10:02:48.26,27827.62,27785,3744,27790,900,27770,5723,27730,10000
2020-06-12 10:02:49.32,27827.62,27780,3744,27785,900,27765,5723,27725,10000
2020-06-12 10:02:49.89,27827.62,27780,4644,27795,10000,27765,5723,27725,10000
2020-06-12 10:02:50.93,27827.62,27775,3744,27780,900,27760,5723,27720,10006
2020-06-12 10:02:51.98,27827.62,27775,4644,27790,10000,27760,5723,27720,10006
2020-06-12 10:02:52.32,27827.62,27775,900,27780,3744,27765,5723,27725,10000
2020-06-12 10:02:53.32,27827.62,27775,4644,27790,10000,27760,5723,27720,10006
2020-06-12 10:02:55.16,27827.69,27785,3744,27800,10000,27770,5723,27730,10000
2020-06-12 10:02:56.32,27827.69,27785,4644,27800,10000,27770,5723,27730,10000
2020-06-12 10:02:56.93,27827.69,27785,900,27790,3744,27775,5723,27735,10000
2020-06-12 10:02:57.89,27827.69,27785,900,27790,3744,27775,5723,27735,10000
2020-06-12 10:02:58.94,27827.69,27785,900,27790,3744,27775,5723,27735,10000
2020-06-12 10:03:01.58,27827.69,27780,3744,27795,10000,27765,5723,27725,10000
2020-06-12 10:03:02.61,27827.69,27780,4644,27795,10000,27765,5723,27725,10000
2020-06-12 10:03:03.02,27827.69,27775,3744,27780,900,27760,5723,27720,10006
2020-06-12 10:03:04.24,27833.15,27775,900,27780,3744,27770,500,27765,5723
2020-06-12 10:03:05.28,27833.15,27770,400,27780,3744,27765,5723,27725,10000
2020-06-12 10:03:05.75,27833.15,27780,3744,27795,10000,27765,5723,27725,10000
2020-06-12 10:03:06.86,27833.15,27780,4244,27795,10000,27765,5723,27725,10000
2020-06-12 10:03:08.19,27833.15,27775,3744,27780,500,27760,5723,27720,10006
2020-06-12 10:03:08.95,27833.15,27775,4144,27780,100,27760,5723,27720,10006
2020-06-12 10:03:09.97,27833.15,27770,3744,27775,400,27755,5723,27720,6
2020-06-12 10:03:11.00,27833.15,27770,400,27775,3744,27760,5723,27720,10006
2020-06-12 10:03:11.42,27833.15,27765,3744,27770,400,27750,5723,27720,6
2020-06-12 10:03:12.61,27833.15,27765,4144,27780,10100,27750,5723,27720,6
2020-06-12 10:03:14.15,27833.15,27765,400,27770,3744,27755,5723,27720,6
2020-06-12 10:03:15.25,27826.58,27765,400,27770,3744,27755,5723,27720,6
2020-06-12 10:03:15.69,27826.58,27765,400,27770,3744,27755,5723,27720,6
2020-06-12 10:03:17.87,27826.58,27765,400,27770,3744,27755,5723,27720,6
2020-06-12 10:03:18.36,27826.58,27770,3744,27780,100,27755,5723,27720,6
2020-06-12 10:03:19.45,27826.58,27770,4144,27780,100,27755,5723,27720,6
2020-06-12 10:03:19.95,27826.58,27770,400,27775,3744,27760,5723,27720,10006
2020-06-12 10:03:21.03,27826.58,27780,100,27785,3744,27770,5723,27725,10000
2020-06-12 10:03:21.56,27826.58,27780,600,27785,3744,27770,5723,27735,10000
2020-06-12 10:03:22.64,27826.58,27780,600,27785,3744,27770,5723,27730,10000
2020-06-12 10:03:23.68,27826.58,27780,600,27790,3744,27770,5723,27730,10000
2020-06-12 10:03:24.70,27826.58,27790,3744,27795,500,27775,5623,27735,10000
2020-06-12 10:03:25.78,27821.52,27790,500,27795,3744,27780,5623,27740,10000
2020-06-12 10:03:26.24,27821.52,27790,500,27795,3744,27780,5623,27740,10000
2020-06-12 10:03:27.38,27821.52,27790,4244,27805,10000,27775,5623,27735,10000
2020-06-12 10:03:27.88,27821.52,27785,3744,27790,500,27770,5623,27730,10000
2020-06-12 10:03:28.95,27821.52,27785,4244,27800,10000,27770,5623,27730,10000
2020-06-12 10:03:30.54,27821.52,27780,3744,27785,500,27765,5623,27725,10000
2020-06-12 10:03:31.02,27821.52,27780,4244,27795,10000,27765,5623,27725,10000
2020-06-12 10:03:33.10,27821.52,27780,500,27785,3744,27770,5623,27730,10000
2020-06-12 10:03:33.49,27821.52,27780,4244,27795,10000,27765,5623,27725,10000
2020-06-12 10:03:36.80,27826.67,27770,3744,27780,500,27755,5623,27720,6
2020-06-12 10:03:37.46,27826.67,27770,4244,27785,10000,27755,5623,27720,6
2020-06-12 10:03:40.32,27826.67,27765,3744,27770,500,27750,5623,27720,6
2020-06-12 10:03:41.54,27826.67,27765,4244,27780,10000,27750,5623,27720,6
2020-06-12 10:03:43.10,27826.67,27765,4244,27780,10000,27750,5623,27720,6
2020-06-12 10:03:44.69,27843.16,27765,4244,27780,10000,27750,5623,27720,6
2020-06-12 10:03:45.14,27843.16,27765,500,27770,3744,27755,5623,27720,6
2020-06-12 10:03:46.27,27843.16,27765,4244,27780,10000,27745,5623,27720,6
2020-06-12 10:03:47.28,27843.16,27765,4244,27780,10000,27750,5623,27720,6
2020-06-12 10:03:47.64,27843.16,27760,3744,27765,500,27745,5623,27720,6
2020-06-12 10:03:48.39,27843.16,27760,4244,27775,10000,27745,5623,27720,6
2020-06-12 10:03:49.44,27843.16,27760,4244,27775,10000,27745,5623,27720,6
2020-06-12 10:03:52.60,27843.16,27760,4244,27775,10000,27745,5623,27720,6
2020-06-12 10:03:53.64,27843.16,27760,4244,27775,10000,27745,5623,27720,6
2020-06-12 10:03:55.16,27829.79,27760,4244,27775,10000,27745,5623,27720,6
2020-06-12 10:03:55.89,27829.79,27760,500,27765,3744,27750,5623,27720,6
2020-06-12 10:03:56.81,27829.79,27760,500,27765,3744,27750,5623,27720,6
2020-06-12 10:03:57.86,27829.79,27760,4244,27775,10000,27745,5623,27720,6
2020-06-12 10:03:59.45,27829.79,27755,3744,27760,500,27740,5623,27720,6
2020-06-12 10:03:59.78,27829.79,27755,4244,27770,10000,27740,5623,27720,6
2020-06-12 10:04:00.97,27829.79,27755,4244,27770,10000,27740,5623,27720,6
2020-06-12 10:04:01.34,27829.79,27755,4244,27770,10000,27740,5623,27720,6
2020-06-12 10:04:02.58,27829.79,27755,500,27760,3744,27745,5623,27720,6
2020-06-12 10:04:03.09,27829.79,27765,3744,27780,10000,27750,5623,27720,6
2020-06-12 10:04:04.14,27829.79,27765,4244,27780,10000,27750,5623,27720,6
2020-06-12 10:04:05.17,27838.38,27760,3744,27765,500,27745,5623,27720,6
2020-06-12 10:04:06.19,27838.38,27760,500,27765,3744,27750,5623,27720,6
2020-06-12 10:04:06.59,27838.38,27760,4244,27775,10000,27745,5623,27720,6
2020-06-12 10:04:07.76,27838.38,27760,4244,27775,10000,27745,5623,27720,6
2020-06-12 10:04:08.22,27838.38,27755,3744,27760,500,27740,5623,27720,6
2020-06-12 10:04:09.34,27838.38,27755,4244,27770,10000,27740,5623,27720,6
2020-06-12 10:04:09.86,27838.38,27750,3744,27755,500,27735,5623,27720,6
2020-06-12 10:04:10.90,27838.38,27750,4244,27765,10000,27735,5623,27720,6
2020-06-12 10:04:11.37,27838.38,27745,3744,27750,500,27730,5623,27720,6
2020-06-12 10:04:12.45,27838.38,27745,500,27750,3744,27735,5623,27720,6
2020-06-12 10:04:13.50,27838.38,27745,500,27750,3744,27735,5623,27720,6
2020-06-12 10:04:14.56,27838.38,27745,500,27755,3744,27735,5623,27720,6
2020-06-12 10:04:14.98,27826.43,27745,500,27750,3744,27735,5623,27720,6
2020-06-12 10:04:16.13,27826.43,27745,500,27750,3744,27735,5623,27720,6
2020-06-12 10:04:16.71,27826.43,27755,3744,27770,10000,27740,5623,27720,6
2020-06-12 10:04:17.70,27826.43,27755,500,27760,3744,27745,5623,27720,6
2020-06-12 10:04:18.74,27826.43,27765,3744,27780,10000,27750,5623,27720,6
2020-06-12 10:04:19.15,27826.43,27760,3744,27765,500,27745,5623,27720,6
2020-06-12 10:04:20.31,27826.43,27760,4244,27775,10000,27745,5623,27720,6
2020-06-12 10:04:20.71,27826.43,27760,500,27765,3744,27750,5623,27720,6
2020-06-12 10:04:21.87,27826.43,27760,4244,27775,10000,27745,5623,27720,6
2020-06-12 10:04:22.32,27826.43,27760,4244,27775,10000,27745,5623,27720,6
2020-06-12 10:04:24.61,27820.62,27760,500,27765,3744,27745,5623,27720,6
2020-06-12 10:04:25.49,27820.62,27765,3744,27780,10000,27750,5623,27720,6
2020-06-12 10:04:26.66,27820.62,27765,4244,27780,10000,27750,5623,27720,6
2020-06-12 10:04:28.61,27820.62,27760,3744,27765,500,27745,5623,27720,6
2020-06-12 10:04:29.81,27820.62,27760,4244,27775,10000,27745,5623,27720,6
2020-06-12 10:04:30.92,27820.62,27755,3744,27760,750,27740,5623,27720,6
2020-06-12 10:04:31.92,27820.62,27755,4244,27760,250,27740,5623,27720,6
2020-06-12 10:04:32.97,27820.62,27750,3744,27755,500,27735,5623,27720,6
2020-06-12 10:04:33.39,27820.62,27760,3994,27775,10000,27740,5623,27720,6
2020-06-12 10:04:34.55,27820.62,27755,3744,27760,750,27740,5623,27720,6
2020-06-12 10:04:34.95,27822.09,27750,3744,27755,500,27735,5623,27720,6
2020-06-12 10:04:36.16,27822.09,27745,3744,27750,500,27730,5623,27720,6
2020-06-12 10:04:36.48,27822.09,27745,4244,27760,10250,27730,5623,27720,6
2020-06-12 10:04:37.73,27822.09,27740,3744,27745,500,27725,5623,27720,6
2020-06-12 10:04:38.15,27822.09,27740,4244,27755,10000,27725,5623,27720,6
2020-06-12 10:04:39.31,27822.09,27735,500,27740,3244,27725,5623,27720,6
2020-06-12 10:04:40.42,27822.09,27735,3844,27750,10000,27720,5629,27700,20
2020-06-12 10:04:41.42,27822.09,27735,600,27740,3244,27725,5623,27720,6
2020-06-12 10:04:42.48,27822.09,27735,600,27740,3244,27725,5623,27720,6
2020-06-12 10:04:43.53,27822.09,27735,600,27740,3244,27725,5623,27720,6
2020-06-12 10:04:44.12,27822.09,27735,600,27740,3244,27725,5623,27720,6
2020-06-12 10:04:45.11,27807.4,27735,600,27740,3244,27725,5623,27720,6
2020-06-12 10:04:46.56,27807.4,27735,3844,27750,10000,27720,5629,27700,20
2020-06-12 10:04:47.75,27807.4,27735,600,27740,3244,27725,5623,27720,6
2020-06-12 10:04:48.12,27807.4,27735,600,27740,3244,27725,5623,27720,6
2020-06-12 10:04:49.32,27807.4,27735,100,27745,3244,27730,5623,27720,6
2020-06-12 10:04:49.74,27807.4,27750,3244,27760,250,27735,5623,27730,400
2020-06-12 10:04:50.90,27807.4,27745,3244,27750,700,27730,6023,27720,6
2020-06-12 10:04:51.38,27807.4,27745,3944,27760,10250,27730,5623,27720,6
2020-06-12 10:04:52.49,27807.4,27745,700,27750,3244,27730,5623,27720,6
2020-06-12 10:04:53.04,27807.4,27745,3944,27760,10250,27725,5623,27720,6
2020-06-12 10:04:54.10,27807.4,27740,3244,27745,700,27725,5623,27720,6
2020-06-12 10:04:55.15,27824.19,27740,3944,27755,10000,27725,5623,27720,6
2020-06-12 10:04:56.74,27824.19,27740,3944,27755,10000,27725,5623,27720,6
2020-06-12 10:05:00.79,27824.19,27735,3244,27740,700,27720,5629,27700,20
2020-06-12 10:05:02.01,27824.19,27730,3244,27740,700,27720,6,27715,5623
2020-06-12 10:05:02.66,27824.19,27730,699,27735,3244,27720,5629,27700,20
2020-06-12 10:05:04.65,27814.78,27740,3244,27755,10000,27725,5623,27720,6
2020-06-12 10:05:05.16,27814.78,27740,700,27745,3244,27730,5623,27720,6
2020-06-12 10:05:06.21,27814.78,27745,381,27760,10250,27730,5623,27720,6
2020-06-12 10:05:07.27,27814.78,27750,381,27760,250,27735,5623,27720,6
2020-06-12 10:05:08.29,27814.78,27745,379,27760,10250,27730,5623,27720,6
2020-06-12 10:05:08.75,27814.78,27745,379,27760,10250,27730,5623,27720,6
2020-06-12 10:05:09.86,27814.78,27750,379,27760,250,27735,5623,27720,6
2020-06-12 10:05:10.32,27814.78,27750,479,27760,250,27735,5623,27720,6
2020-06-12 10:05:11.44,27814.78,27745,379,27750,100,27730,5623,27720,6
2020-06-12 10:05:11.89,27814.78,27745,479,27750,100,27730,5623,27720,6
2020-06-12 10:05:13.00,27814.78,27745,479,27750,100,27730,5623,27720,6
2020-06-12 10:05:13.97,27814.78,27745,100,27750,479,27735,5623,27720,6
2020-06-12 10:05:14.28,27818.79,27745,479,27750,100,27730,5623,27720,6
2020-06-12 10:05:15.64,27818.79,27745,479,27750,100,27730,5623,27720,6
2020-06-12 10:05:16.67,27818.79,27750,479,27760,250,27735,5623,27720,6
2020-06-12 10:05:17.11,27818.79,27750,479,27760,250,27735,5623,27720,6
2020-06-12 10:05:19.28,27818.79,27745,1,27750,479,27735,5623,27720,6
2020-06-12 10:05:19.61,27818.79,27745,1,27750,479,27735,5623,27720,6
2020-06-12 10:05:20.34,27818.79,27745,1,27750,479,27735,5623,27720,6
2020-06-12 10:05:22.55,27818.79,27745,1,27750,479,27735,5623,27720,6
2020-06-12 10:05:24.84,27819.32,27755,379,27760,250,27740,5623,27720,6
2020-06-12 10:05:25.71,27819.32,27755,579,27760,250,27740,5623,27720,6
2020-06-12 10:05:26.62,27819.32,27755,579,27760,250,27735,5623,27720,6
2020-06-12 10:05:27.71,27819.32,27745,379,27755,200,27730,5623,27720,6
2020-06-12 10:05:28.21,27819.32,27745,579,27755,200,27730,5623,27720,6
2020-06-12 10:05:29.29,27819.32,27740,379,27745,200,27725,5623,27720,6
2020-06-12 10:05:30.34,27819.32,27735,379,27740,200,27720,5629,27700,20
2020-06-12 10:05:30.82,27819.32,27735,579,27740,200,27720,5629,27700,20
2020-06-12 10:05:31.95,27819.32,27740,579,27755,10000,27725,5623,27720,6
2020-06-12 10:05:32.99,27819.32,27740,679,27755,10000,27725,5623,27720,6
2020-06-12 10:05:36.13,27813.27,27740,679,27755,10000,27725,5623,27720,6
2020-06-12 10:05:36.55,27813.27,27735,379,27740,300,27720,5629,27700,20
2020-06-12 10:05:37.71,27813.27,27735,300,27740,379,27725,5623,27720,6
2020-06-12 10:05:38.05,27813.27,27730,379,27735,204,27720,6,27715,5623
2020-06-12 10:05:40.29,27813.27,27730,579,27735,204,27720,6,27715,5623
2020-06-12 10:05:40.61,27813.27,27730,579,27735,204,27720,6,27715,5623
2020-06-12 10:05:44.42,27810.09,27730,200,27735,583,27720,5629,27700,20
2020-06-12 10:05:45.61,27810.09,27730,579,27735,204,27720,6,27715,5623
2020-06-12 10:05:46.62,27810.09,27730,679,27735,104,27720,6,27715,5623
2020-06-12 10:05:47.79,27810.09,27730,300,27735,483,27720,5629,27700,20
2020-06-12 10:05:48.65,27810.09,27735,104,27740,379,27725,5623,27720,6
2020-06-12 10:05:49.84,27810.09,27745,480,27760,10250,27730,5623,27720,6
2020-06-12 10:05:50.90,27810.09,27745,401,27750,379,27735,5623,27720,6
2020-06-12 10:05:51.95,27810.09,27745,401,27750,379,27730,5623,27720,6
2020-06-12 10:05:52.38,27810.09,27745,401,27750,379,27730,5623,27720,6
2020-06-12 10:05:53.54,27810.09,27745,401,27750,379,27735,5623,27720,6
2020-06-12 10:05:54.09,27810.09,27745,401,27750,379,27735,5623,27720,6
2020-06-12 10:05:55.13,27789.28,27745,401,27750,379,27735,5623,27720,6
2020-06-12 10:05:55.76,27789.28,27745,401,27750,379,27735,5623,27720,6
2020-06-12 10:05:56.69,27789.28,27745,780,27760,10250,27730,5623,27720,6
2020-06-12 10:05:57.72,27789.28,27745,401,27750,379,27735,5623,27720,6
2020-06-12 10:05:58.76,27789.28,27745,780,27760,10250,27730,5623,27720,6
2020-06-12 10:05:59.83,27789.28,27745,880,27760,10250,27730,5620,27720,6
2020-06-12 10:06:00.26,27789.28,27740,379,27745,501,27725,5620,27720,6
2020-06-12 10:06:01.36,27789.28,27740,779,27745,101,27725,5620,27720,6
2020-06-12 10:06:02.05,27789.28,27735,379,27740,400,27720,5626,27700,20
2020-06-12 10:06:02.94,27789.28,27735,400,27740,379,27725,5620,27720,6
2020-06-12 10:06:04.02,27789.28,27745,480,27760,10250,27730,5620,27720,6
2020-06-12 10:06:05.08,27807.28,27745,880,27760,10250,27730,5620,27720,6
2020-06-12 10:06:06.13,27807.28,27745,880,27760,10250,27730,5620,27720,6
2020-06-12 10:06:08.77,27807.28,27745,101,27755,379,27740,5620,27720,6
2020-06-12 10:06:09.78,27807.28,27755,879,27760,250,27740,5620,27735,400
2020-06-12 10:06:10.19,27807.28,27755,979,27760,250,27740,5620,27735,400
2020-06-12 10:06:13.49,27807.28,27760,250,27765,379,27750,6120,27735,400
2020-06-12 10:06:14.56,27784.55,27760,950,27765,379,27750,500,27745,5620
2020-06-12 10:06:15.61,27784.55,27760,1329,27775,10000,27750,500,27745,5620
2020-06-12 10:06:16.05,27784.55,27760,950,27765,379,27750,6120,27735,400
2020-06-12 10:06:17.20,27784.55,27760,950,27765,379,27750,6120,27735,400
2020-06-12 10:06:17.81,27784.55,27760,350,27770,379,27755,5620,27750,500
2020-06-12 10:06:18.80,27784.55,27760,950,27765,379,27750,6120,27735,400
2020-06-12 10:06:19.86,27784.55,27760,1200,27765,379,27750,6120,27735,400
2020-06-12 10:06:20.92,27784.55,27760,1200,27765,379,27750,6120,27735,400
2020-06-12 10:06:21.97,27784.55,27760,1200,27765,379,27750,6120,27735,400
2020-06-12 10:06:23.03,27784.55,27760,1579,27775,10000,27750,500,27745,5620
2020-06-12 10:06:23.62,27784.55,27760,1200,27765,379,27750,6120,27735,400
2020-06-12 10:06:24.62,27808.1,27760,1579,27775,10000,27750,500,27745,5620
2020-06-12 10:06:25.68,27808.1,27760,1200,27765,379,27750,6120,27735,400
2020-06-12 10:06:26.67,27808.1,27760,1300,27765,379,27750,6120,27735,400
2020-06-12 10:06:27.79,27808.1,27760,1300,27765,379,27750,6120,27735,400
2020-06-12 10:06:28.84,27808.1,27760,1679,27775,10000,27750,500,27745,5620
2020-06-12 10:06:30.21,27808.1,27760,600,27770,379,27755,5620,27750,500
2020-06-12 10:06:31.09,27808.1,27760,600,27765,379,27750,6120,27735,400
2020-06-12 10:06:32.05,27808.1,27760,600,27770,379,27755,5620,27750,500
2020-06-12 10:06:33.12,27808.1,27760,1300,27765,379,27750,6120,27735,400
2020-06-12 10:06:35.65,27802.16,27760,1679,27775,10000,27750,500,27745,5620
2020-06-12 10:06:39.41,27802.16,27760,1300,27765,379,27750,6120,27735,400
2020-06-12 10:06:39.66,27802.16,27760,600,27770,379,27755,5620,27750,500
2020-06-12 10:06:40.49,27802.16,27760,600,27770,379,27755,5620,27750,500
2020-06-12 10:06:41.52,27802.16,27770,1679,27785,10000,27755,6920,27750,500
2020-06-12 10:06:42.57,27802.16,27770,1679,27785,10000,27755,5620,27750,500
2020-06-12 10:06:44.16,27802.16,27765,379,27770,1300,27750,6120,27735,400
2020-06-12 10:06:45.21,27807.68,27765,1579,27780,10000,27750,6120,27735,400
2020-06-12 10:06:46.28,27807.68,27765,1200,27770,379,27750,6120,27735,400
2020-06-12 10:06:46.66,27807.68,27765,1579,27780,10000,27750,6120,27735,400
2020-06-12 10:06:47.85,27807.68,27765,1579,27780,10000,27750,6120,27735,400
2020-06-12 10:06:48.22,27807.68,27765,1579,27780,10000,27750,6120,27735,400
2020-06-12 10:06:50.41,27807.68,27765,1200,27770,379,27755,5620,27750,500
2020-06-12 10:06:50.78,27807.68,27765,1200,27770,379,27755,5620,27750,500
2020-06-12 10:06:52.31,27807.68,27780,379,27795,10000,27765,5620,27750,500
2020-06-12 10:06:53.18,27807.68,27780,1579,27795,10000,27765,5620,27750,500
2020-06-12 10:06:54.04,27807.68,27780,1579,27795,10000,27765,5620,27750,500
2020-06-12 10:06:55.74,27824.61,27780,1579,27795,10000,27765,5620,27750,500
2020-06-12 10:06:56.79,27824.61,27780,1579,27795,10000,27765,5620,27750,500
2020-06-12 10:06:57.85,27824.61,27780,1579,27795,10000,27765,5620,27750,500
2020-06-12 10:07:00.85,27824.61,27780,1200,27785,379,27770,5620,27750,500
2020-06-12 10:07:02.06,27824.61,27785,379,27800,10000,27770,5620,27750,500
2020-06-12 10:07:02.65,27824.61,27785,1579,27800,10000,27770,5620,27750,500
2020-06-12 10:07:03.69,27824.61,27785,1200,27790,379,27775,5620,27750,500
2020-06-12 10:07:04.64,27812.89,27785,1200,27790,379,27775,5620,27750,500
2020-06-12 10:07:06.77,27812.89,27795,379,27810,10000,27780,5620,27750,500
2020-06-12 10:07:07.82,27812.89,27795,1579,27810,10000,27780,5620,27750,500
2020-06-12 10:07:09.39,27812.89,27795,1579,27810,10000,27780,5620,27750,520
2020-06-12 10:07:10.45,27812.89,27795,1100,27800,379,27785,5620,27750,520
2020-06-12 10:07:10.89,27812.89,27800,379,27815,10000,27785,5620,27750,520
2020-06-12 10:07:12.05,27812.89,27800,1579,27815,10000,27785,5620,27750,520
2020-06-12 10:07:13.09,27812.89,27795,379,27800,1200,27780,5620,27750,520
2020-06-12 10:07:14.14,27812.89,27795,1579,27810,10000,27780,5620,27750,520
2020-06-12 10:07:14.48,27812.89,27800,379,27815,10000,27785,5620,27750,520
2020-06-12 10:07:15.73,27841.99,27795,379,27800,1200,27780,5620,27750,520
2020-06-12 10:07:16.78,27841.99,27805,379,27820,10000,27790,5620,27750,10520
2020-06-12 10:07:17.84,27841.99,27805,433,27810,379,27795,5620,27755,10000
2020-06-12 10:07:18.87,27841.99,27805,779,27820,10000,27790,5620,27750,10520
2020-06-12 10:07:19.95,27841.99,27810,379,27825,10000,27795,5620,27755,10000
2020-06-12 10:07:20.45,27841.99,27810,879,27825,10000,27795,5620,27755,10000
2020-06-12 10:07:23.12,27841.99,27805,379,27810,500,27790,5620,27750,10520
2020-06-12 10:07:23.59,27841.99,27805,500,27810,379,27795,5620,27755,10014
2020-06-12 10:07:24.70,27859.74,27815,379,27830,10000,27800,5620,27760,10000
2020-06-12 10:07:25.72,27859.74,27810,379,27815,500,27795,5620,27755,10014
2020-06-12 10:07:26.18,27859.74,27810,879,27825,10000,27795,5620,27755,10014
2020-06-12 10:07:27.34,27859.74,27810,879,27825,10000,27790,5620,27755,14
2020-06-12 10:07:27.95,27859.74,27810,879,27825,10000,27795,5620,27755,10014
2020-06-12 10:07:29.95,27859.74,27810,879,27825,10000,27795,5620,27755,10014
2020-06-12 10:07:30.45,27859.74,27805,379,27810,500,27790,5620,27755,14
2020-06-12 10:07:31.53,27859.74,27800,100,27805,879,27790,5620,27755,14
2020-06-12 10:07:32.57,27859.74,27800,600,27805,379,27790,5620,27755,14
2020-06-12 10:07:33.06,27859.74,27800,100,27805,379,27790,5620,27755,14
2020-06-12 10:07:34.13,27859.74,27800,100,27810,379,27795,5620,27755,10014
2020-06-12 10:07:35.18,27863.18,27805,379,27810,700,27790,5620,27755,14
2020-06-12 10:07:36.23,27863.18,27805,1079,27820,10000,27790,5620,27755,14
2020-06-12 10:07:36.65,27863.18,27805,1079,27820,10000,27790,5620,27755,14
2020-06-12 10:07:38.79,27863.18,27805,1079,27820,10000,27790,5620,27755,14
2020-06-12 10:07:40.93,27863.18,27810,379,27825,10000,27795,5620,27755,10014
2020-06-12 10:07:41.41,27863.18,27810,1079,27825,10000,27795,5620,27755,10014
2020-06-12 10:07:44.05,27863.18,27810,700,27815,379,27800,5620,27760,10000
2020-06-12 10:07:44.49,27858.23,27810,700,27815,379,27800,5620,27760,10000
2020-06-12 10:07:45.63,27858.23,27810,1079,27825,10000,27795,5620,27755,10014
2020-06-12 10:07:47.74,27858.23,27810,1079,27825,10000,27795,5620,27755,10014
2020-06-12 10:07:48.79,27858.23,27810,1179,27825,10000,27805,500,27795,5620
2020-06-12 10:07:49.21,27858.23,27805,200,27810,479,27795,5620,27755,10014
2020-06-12 10:07:49.88,27858.23,27805,200,27810,479,27790,5620,27755,14
2020-06-12 10:07:50.88,27858.23,27805,200,27810,479,27795,5620,27755,10014
2020-06-12 10:07:51.91,27858.23,27805,200,27810,479,27790,5620,27755,14
2020-06-12 10:07:52.99,27858.23,27805,200,27810,479,27790,5620,27755,14
2020-06-12 10:07:53.38,27858.23,27805,579,27810,100,27790,5620,27755,14
2020-06-12 10:07:54.57,27858.23,27805,579,27810,100,27785,5620,27755,14
2020-06-12 10:07:55.05,27850.7,27800,379,27805,200,27785,5620,27755,14
2020-06-12 10:07:56.16,27850.7,27800,679,27810,100,27785,5620,27755,14
2020-06-12 10:07:56.52,27850.7,27800,679,27810,100,27780,5620,27755,14
2020-06-12 10:07:57.75,27850.7,27800,679,27810,100,27785,5620,27755,14
2020-06-12 10:07:58.11,27850.7,27800,679,27810,100,27785,5620,27755,14
2020-06-12 10:07:59.33,27850.7,27800,679,27810,100,27780,5620,27755,14
2020-06-12 10:07:59.61,27850.7,27795,379,27800,300,27780,5620,27755,14
2020-06-12 10:08:00.39,27850.7,27795,300,27800,379,27785,5620,27755,14
2020-06-12 10:08:01.44,27850.7,27800,379,27810,100,27785,5620,27755,14
2020-06-12 10:08:01.92,27850.7,27800,679,27810,100,27785,5620,27755,14
2020-06-12 10:08:05.70,27876.35,27800,300,27805,379,27790,5620,27755,14
2020-06-12 10:08:06.72,27876.35,27800,679,27810,100,27785,5620,27755,14
2020-06-12 10:08:07.01,27876.35,27805,379,27810,100,27790,5620,27755,14
2020-06-12 10:08:07.81,27876.35,27805,679,27810,100,27790,5620,27755,14
2020-06-12 10:08:09.22,27876.35,27805,550,27810,479,27795,5620,27755,10014
2020-06-12 10:08:10.42,27876.35,27805,550,27810,479,27790,5620,27755,14
2020-06-12 10:08:10.72,27876.35,27805,929,27810,100,27790,5620,27755,14
2020-06-12 10:08:13.59,27876.35,27805,550,27810,479,27795,5620,27755,10014
2020-06-12 10:08:14.03,27876.35,27805,650,27810,479,27795,5620,27755,10014
2020-06-12 10:08:16.73,27871.92,27805,1029,27810,100,27790,5620,27755,14
2020-06-12 10:08:19.87,27871.92,27800,379,27805,650,27785,5620,27755,14
2020-06-12 10:08:20.92,27871.92,27795,379,27800,400,27780,5620,27755,14
2020-06-12 10:08:21.42,27871.92,27795,779,27805,250,27780,5620,27755,14
2020-06-12 10:08:22.49,27871.92,27790,379,27795,400,27775,5620,27755,14
2020-06-12 10:08:22.92,27871.92,27790,779,27805,10250,27775,5620,27755,14
2020-06-12 10:08:26.29,27877.04,27790,779,27805,10250,27775,5620,27755,14
2020-06-12 10:08:27.23,27877.04,27785,379,27790,400,27770,5620,27755,14
2020-06-12 10:08:28.27,27877.04,27790,379,27805,10250,27775,5620,27755,14
2020-06-12 10:08:28.71,27877.04,27790,779,27805,10250,27775,5620,27755,14
2020-06-12 10:08:29.87,27877.04,27790,779,27805,10250,27770,5620,27755,14
2020-06-12 10:08:30.21,27877.04,27780,379,27790,400,27765,5620,27755,14
2020-06-12 10:08:31.43,27877.04,27780,779,27795,10000,27765,5620,27755,14
2020-06-12 10:08:32.94,27877.04,27780,779,27795,10000,27760,5620,27755,14
2020-06-12 10:08:34.07,27877.04,27780,779,27795,10000,27765,5620,27755,14
2020-06-12 10:08:35.55,27858.41,27785,379,27800,10000,27770,5620,27755,14
2020-06-12 10:08:36.71,27858.41,27790,379,27805,10250,27775,5620,27755,14
2020-06-12 10:08:37.08,27858.41,27790,879,27805,10250,27775,5620,27755,14
2020-06-12 10:08:38.99,27858.41,27795,379,27805,250,27780,5620,27755,14
2020-06-12 10:08:39.88,27858.41,27795,500,27800,379,27780,5620,27755,14
2020-06-12 10:08:40.91,27858.41,27795,879,27805,250,27780,5620,27755,14
2020-06-12 10:08:44.58,27858.41,27795,879,27805,250,27780,5620,27755,14
2020-06-12 10:08:44.94,27852.75,27795,500,27800,379,27780,5620,27755,14
2020-06-12 10:08:45.61,27852.75,27795,500,27800,379,27785,5620,27755,14
2020-06-12 10:08:47.72,27852.75,27800,379,27805,250,27785,5620,27755,14
2020-06-12 10:08:48.80,27852.75,27800,879,27805,250,27785,5620,27755,14
2020-06-12 10:08:49.84,27852.75,27800,500,27805,629,27790,5620,27755,14
2020-06-12 10:08:50.88,27852.75,27800,500,27805,629,27785,5620,27755,14
2020-06-12 10:08:51.05,27852.75,27800,500,27805,629,27790,5620,27755,14
2020-06-12 10:08:51.97,27852.75,27800,500,27805,629,27790,5620,27755,14
2020-06-12 10:08:53.00,27852.75,27800,500,27805,629,27785,5620,27755,14
2020-06-12 10:08:53.20,27852.75,27800,500,27805,629,27785,5620,27755,14
2020-06-12 10:08:54.08,27870.61,27800,879,27805,250,27785,5620,27755,14
2020-06-12 10:08:55.55,27870.61,27800,879,27805,250,27785,5620,27755,14
2020-06-12 10:08:56.98,27870.61,27795,379,27800,500,27780,5620,27755,14
2020-06-12 10:08:57.75,27870.61,27795,500,27800,379,27780,5620,27755,14
2020-06-12 10:08:58.80,27870.61,27795,879,27805,250,27780,5620,27755,14
2020-06-12 10:08:59.05,27870.61,27795,879,27805,250,27780,5620,27755,14
2020-06-12 10:08:59.84,27870.61,27795,500,27800,379,27780,5620,27755,14
2020-06-12 10:09:00.89,27870.61,27795,879,27805,250,27780,5620,27755,14
2020-06-12 10:09:02.01,27870.61,27795,500,27800,379,27785,5620,27755,14
2020-06-12 10:09:02.98,27870.61,27795,600,27800,379,27785,5620,27755,14
2020-06-12 10:09:03.45,27870.61,27800,379,27805,250,27785,5620,27755,14
2020-06-12 10:09:04.54,27870.61,27800,600,27805,629,27790,5620,27755,14
2020-06-12 10:09:07.65,27863.04,27800,979,27805,250,27785,5620,27755,14
2020-06-12 10:09:08.70,27863.04,27800,600,27805,629,27790,5620,27755,14
2020-06-12 10:09:09.71,27863.04,27800,979,27805,250,27785,5620,27755,14
2020-06-12 10:09:09.98,27863.04,27795,379,27800,600,27780,5620,27755,14
2020-06-12 10:09:10.87,27863.04,27795,600,27800,379,27785,5620,27755,14
2020-06-12 10:09:11.65,27863.04,27795,979,27805,250,27780,5620,27755,14
2020-06-12 10:09:12.93,27863.04,27795,600,27800,379,27780,5620,27755,14
2020-06-12 10:09:13.49,27863.04,27795,600,27800,379,27785,5620,27755,14
2020-06-12 10:09:14.49,27871.2,27795,600,27800,379,27780,5620,27755,14
2020-06-12 10:09:15.55,27871.2,27795,600,27800,379,27785,5620,27755,14
2020-06-12 10:09:15.88,27871.2,27795,600,27800,379,27785,5620,27755,14
2020-06-12 10:09:19.29,27871.2,27795,600,27800,379,27785,5620,27755,14
2020-06-12 10:09:19.52,27871.2,27795,600,27800,379,27785,5620,27755,14
2020-06-12 10:09:21.91,27871.2,27790,100,27795,600,27785,5620,27755,14
2020-06-12 10:09:22.94,27871.2,27790,200,27795,600,27785,5620,27755,14
2020-06-12 10:09:24.11,27871.2,27795,300,27800,379,27785,5620,27755,14
2020-06-12 10:09:25.05,27853.85,27805,629,27810,100,27790,5620,27755,14
2020-06-12 10:09:25.44,27853.85,27805,929,27810,100,27790,5620,27755,14
2020-06-12 10:09:26.88,27853.85,27805,550,27810,479,27795,5620,27755,10014
2020-06-12 10:09:27.72,27853.85,27805,250,27810,100,27800,5620,27760,10000
2020-06-12 10:09:29.28,27853.85,27805,650,27810,479,27795,5620,27755,10014
2020-06-12 10:09:30.30,27853.85,27805,650,27810,479,27790,5620,27755,14
2020-06-12 10:09:31.38,27853.85,27805,650,27810,479,27795,5620,27755,10014
2020-06-12 10:09:32.95,27853.85,27805,650,27810,479,27795,5620,27755,10014
2020-06-12 10:09:33.20,27853.85,27805,1029,27810,100,27790,5620,27755,14
2020-06-12 10:09:35.42,27877.94,27805,1029,27810,100,27790,5620,27755,14
2020-06-12 10:09:36.66,27877.94,27805,1029,27810,100,27790,5620,27755,14
2020-06-12 10:09:36.98,27877.94,27805,650,27810,479,27790,5620,27755,14
2020-06-12 10:09:38.20,27877.94,27805,1029,27810,100,27790,5620,27755,14
2020-06-12 10:09:38.42,27877.94,27805,650,27810,479,27790,5620,27755,14
2020-06-12 10:09:39.30,27877.94,27805,1029,27810,100,27790,5620,27755,14
2020-06-12 10:09:40.89,27877.94,27805,650,27810,479,27790,5620,27755,14
2020-06-12 10:09:41.94,27877.94,27805,650,27810,479,27795,5620,27755,10014
2020-06-12 10:09:43.00,27877.94,27805,650,27810,479,27795,5620,27755,10014
2020-06-12 10:09:45.34,27863.97,27805,1029,27810,100,27790,5620,27755,14
2020-06-12 10:09:46.20,27863.97,27805,1029,27810,100,27785,5620,27755,14
2020-06-12 10:09:47.23,27863.97,27805,1029,27810,100,27790,5620,27755,14
2020-06-12 10:09:48.28,27863.97,27805,650,27810,479,27790,5620,27755,14
2020-06-12 10:09:49.32,27863.97,27805,650,27810,479,27795,5620,27755,10014
2020-06-12 10:09:52.01,27863.97,27805,250,27810,100,27800,5620,27760,10000
2020-06-12 10:09:53.01,27863.97,27810,100,27820,379,27805,5620,27800,800
2020-06-12 10:09:54.07,27863.97,27820,1079,27835,10000,27805,5620,27800,800
2020-06-12 10:09:54.45,27861.11,27820,1079,27835,10000,27805,5620,27800,800
2020-06-12 10:09:55.21,27861.11,27815,379,27820,700,27800,6420,27760,10000
2020-06-12 10:09:56.17,27861.11,27815,700,27820,379,27805,5620,27765,10000
2020-06-12 10:09:56.65,27861.11,27815,1079,27830,10000,27800,5620,27760,10000
2020-06-12 10:09:57.76,27861.11,27805,379,27815,700,27790,5620,27755,14
2020-06-12 10:09:58.12,27861.11,27805,1329,27820,10000,27790,5620,27755,14
2020-06-12 10:09:59.62,27861.11,27805,1329,27820,10000,27790,5620,27755,14
2020-06-12 10:10:00.37,27861.11,27805,250,27815,379,27800,5620,27760,10000
2020-06-12 10:10:01.43,27861.11,27815,1179,27830,10000,27805,100,27800,6420
2020-06-12 10:10:02.48,27861.11,27815,1179,27830,10000,27800,6420,27760,10000
2020-06-12 10:10:02.91,27861.11,27815,1179,27830,10000,27800,5620,27760,10000
2020-06-12 10:10:14.55,27873.11,27815,800,27820,379,27805,5620,27765,10000
2020-06-12 10:10:15.60,27873.11,27815,600,27820,379,27805,5620,27765,10000
2020-06-12 10:10:16.05,27873.11,27820,379,27835,10000,27805,5620,27765,10000
2020-06-12 10:10:17.14,27873.11,27820,1179,27835,10000,27805,5620,27765,10000
2020-06-12 10:10:19.78,27873.11,27815,379,27820,800,27800,5620,27760,10000
2020-06-12 10:10:20.00,27873.11,27815,1179,27830,10000,27800,5620,27760,10000
2020-06-12 10:10:22.44,27873.11,27815,1179,27830,10000,27800,5620,27760,10000
2020-06-12 10:10:22.98,27873.11,27815,800,27820,379,27805,5620,27765,10000
2020-06-12 10:10:24.03,27873.11,27815,800,27820,379,27805,5620,27765,10000
2020-06-12 10:10:26.66,27884.77,27815,800,27820,379,27805,5619,27765,10000
2020-06-12 10:10:27.75,27884.77,27815,800,27820,379,27805,5619,27765,10000
2020-06-12 10:10:28.01,27884.77,27825,379,27840,10000,27810,5619,27770,10000
2020-06-12 10:10:28.80,27884.77,27830,379,27845,10251,27815,5619,27775,10000
2020-06-12 10:10:29.84,27884.77,27830,800,27835,379,27820,5619,27780,10000
2020-06-12 10:10:30.87,27884.77,27840,379,27845,251,27825,5619,27785,10000
2020-06-12 10:10:31.48,27884.77,27835,379,27840,800,27820,5619,27780,10000
2020-06-12 10:10:32.50,27884.77,27830,379,27835,800,27815,5619,27775,10000
2020-06-12 10:10:33.54,27884.77,27830,1179,27845,10251,27815,5619,27775,10000
2020-06-12 10:10:35.65,27881.28,27830,800,27835,379,27815,5619,27775,10000
2020-06-12 10:10:35.89,27881.28,27835,379,27845,251,27820,5619,27780,10000
2020-06-12 10:10:36.70,27881.28,27835,1179,27845,251,27820,5619,27780,10000
2020-06-12 10:10:39.29,27881.28,27835,800,27840,379,27825,5619,27785,10000
2020-06-12 10:10:39.54,27881.28,27840,379,27845,251,27825,5619,27785,10000
2020-06-12 10:10:40.34,27881.28,27840,800,27845,630,27830,5619,27790,10000
2020-06-12 10:10:41.39,27881.28,27845,630,27860,10000,27830,5619,27790,10000
2020-06-12 10:10:42.43,27881.28,27845,1051,27850,379,27835,5619,27795,10000
2020-06-12 10:10:42.98,27881.28,27845,1430,27860,10000,27830,5619,27790,10000
2020-06-12 10:10:44.04,27881.28,27845,1430,27860,10000,27830,5619,27790,10000
2020-06-12 10:10:46.12,27887.33,27845,1051,27850,379,27835,5619,27795,10000
2020-06-12 10:10:46.38,27887.33,27845,1051,27850,379,27835,5619,27795,10000
2020-06-12 10:10:50.02,27887.33,27845,1430,27860,10000,27830,5619,27790,10000
2020-06-12 10:10:52.49,27887.33,27845,1051,27850,379,27835,5619,27795,10000
2020-06-12 10:10:54.62,27892.44,27845,1051,27850,379,27835,5619,27795,10000
2020-06-12 10:10:55.69,27892.44,27845,1051,27850,379,27835,5619,27795,10000
2020-06-12 10:10:56.05,27892.44,27845,1151,27850,379,27835,5619,27795,10000
2020-06-12 10:10:56.68,27892.44,27845,1151,27850,379,27835,5619,27795,10000
2020-06-12 10:10:58.16,27892.44,27845,1151,27850,379,27835,5619,27795,10000
2020-06-12 10:10:58.91,27892.44,27845,1230,27860,10000,27830,5619,27790,10000
2020-06-12 10:10:59.88,27892.44,27845,1230,27860,10000,27830,5619,27790,10000
2020-06-12 10:11:00.94,27892.44,27845,900,27850,379,27835,5619,27795,10000
2020-06-12 10:11:01.35,27892.44,27840,225,27845,900,27835,5619,27795,10000
2020-06-12 10:11:02.91,27892.44,27840,1025,27845,479,27830,5619,27790,10000
2020-06-12 10:11:04.44,27906.11,27840,225,27845,100,27835,5619,27795,10000
2020-06-12 10:11:05.11,27906.11,27845,100,27855,379,27840,5619,27835,800
2020-06-12 10:11:06.19,27906.11,27855,1079,27865,250,27840,5619,27835,800
2020-06-12 10:11:06.58,27906.11,27850,379,27855,700,27835,6419,27795,10000
2020-06-12 10:11:07.28,27906.11,27850,1079,27865,10250,27835,5619,27795,10000
2020-06-12 10:11:08.64,27906.11,27850,1079,27865,10250,27835,5619,27795,10000
2020-06-12 10:11:09.35,27906.11,27850,700,27855,379,27840,5619,27800,10000
2020-06-12 10:11:10.39,27906.11,27850,1079,27865,10250,27835,5619,27795,10000
2020-06-12 10:11:10.84,27906.11,27850,700,27855,379,27840,5619,27800,10000
2020-06-12 10:11:11.97,27906.11,27860,379,27865,250,27845,5619,27805,10000
2020-06-12 10:11:13.02,27906.11,27855,101,27860,1079,27845,5619,27805,10000
2020-06-12 10:11:14.08,27906.11,27855,101,27860,1079,27845,5619,27805,10000
2020-06-12 10:11:15.14,27887.93,27855,801,27860,1079,27845,5619,27805,10000
2020-06-12 10:11:15.66,27887.93,27855,801,27860,1079,27845,5619,27805,10000
2020-06-12 10:11:16.67,27887.93,27855,801,27860,1079,27845,5619,27805,10000
2020-06-12 10:11:17.75,27887.93,27855,101,27860,700,27845,5619,27805,10000
2020-06-12 10:11:18.22,27887.93,27855,801,27860,1079,27845,5619,27805,10000
2020-06-12 10:11:19.31,27887.93,27855,101,27860,1079,27845,5619,27805,10000
2020-06-12 10:11:19.81,27887.93,27855,1180,27860,700,27840,5619,27800,10000
2020-06-12 10:11:20.89,27887.93,27855,801,27860,1079,27840,5619,27800,10000
2020-06-12 10:11:21.36,27887.93,27855,1180,27860,700,27840,5619,27800,10000
2020-06-12 10:11:23.00,27887.93,27855,801,27860,1079,27845,5619,27805,10000
2020-06-12 10:11:24.51,27915.23,27855,101,27860,1079,27845,5619,27805,10000
2020-06-12 10:11:25.89,27915.23,27855,301,27860,1079,27845,5619,27805,10000
2020-06-12 10:11:26.59,27915.23,27855,801,27860,1079,27845,5619,27805,10000
2020-06-12 10:11:27.68,27915.23,27855,801,27860,1079,27845,5619,27805,10000
2020-06-12 10:11:27.90,27915.23,27855,101,27860,1079,27845,5619,27805,10000
2020-06-12 10:11:29.29,27915.23,27855,801,27860,1079,27845,5619,27805,10000
2020-06-12 10:11:29.92,27915.23,27855,101,27860,1079,27845,5619,27805,10000
2020-06-12 10:11:30.89,27915.23,27850,225,27855,1180,27840,5619,27800,10000
2020-06-12 10:11:31.15,27915.23,27850,925,27855,1180,27840,5619,27800,10000
2020-06-12 10:11:32.45,27915.23,27850,925,27855,1180,27840,5619,27800,10000
2020-06-12 10:11:33.85,27915.23,27850,925,27855,1180,27840,5619,27800,10000
2020-06-12 10:11:34.62,27898.33,27850,225,27855,1180,27840,5619,27800,10000
2020-06-12 10:11:35.59,27898.33,27850,925,27855,1180,27840,5619,27800,10000
2020-06-12 10:11:36.71,27898.33,27850,225,27855,1180,27840,5619,27800,10000
2020-06-12 10:11:37.70,27898.33,27850,925,27855,1180,27840,5619,27800,10000
2020-06-12 10:11:37.95,27898.33,27850,925,27855,1180,27840,5619,27800,10000
2020-06-12 10:11:39.77,27898.33,27850,1304,27855,801,27835,5619,27795,10000
2020-06-12 10:11:40.21,27898.33,27850,1304,27855,801,27835,5619,27795,10000
2020-06-12 10:11:41.35,27898.33,27850,1304,27855,801,27835,5619,27795,10000
2020-06-12 10:11:41.71,27898.33,27845,379,27850,925,27830,5619,27790,10000
2020-06-12 10:11:42.93,27898.33,27845,1079,27850,925,27830,5619,27790,10000
2020-06-12 10:11:43.41,27898.33,27840,379,27845,700,27825,5619,27785,10000
2020-06-12 10:11:44.46,27904.69,27840,1079,27845,700,27825,5619,27785,10000
2020-06-12 10:11:44.88,27904.69,27835,379,27840,700,27820,5619,27780,10000
2020-06-12 10:11:45.74,27904.69,27835,1079,27840,700,27820,5619,27780,10000
2020-06-12 10:11:47.15,27904.69,27835,1329,27840,700,27820,5619,27780,10000
2020-06-12 10:11:48.35,27904.69,27835,950,27840,1079,27825,5619,27785,10000
2020-06-12 10:11:49.27,27904.69,27835,250,27840,700,27830,5619,27790,10000
2020-06-12 10:11:49.74,27904.69,27850,604,27855,101,27835,5619,27830,200
2020-06-12 10:11:50.86,27904.69,27850,1304,27855,101,27835,5619,27830,200
2020-06-12 10:11:55.61,27905.27,27845,379,27850,925,27830,5819,27790,10000
2020-06-12 10:11:55.99,27905.27,27845,1079,27850,925,27830,5619,27790,10000
2020-06-12 10:11:57.35,27905.27,27840,379,27845,700,27825,5619,27785,10000
2020-06-12 10:11:58.24,27905.27,27835,379,27840,700,27820,5619,27780,10000
2020-06-12 10:11:59.30,27905.27,27835,700,27840,1079,27825,5619,27785,10000
2020-06-12 10:11:59.64,27905.27,27830,225,27835,1079,27820,5619,27780,10000
2020-06-12 10:12:00.36,27905.27,27830,225,27835,1079,27820,5619,27800,50
2020-06-12 10:12:01.39,27905.27,27830,225,27835,700,27825,5619,27800,50
2020-06-12 10:12:01.64,27905.27,27835,1079,27850,10225,27820,5619,27800,50
2020-06-12 10:12:02.44,27905.27,27835,1079,27850,10225,27820,5719,27800,50
2020-06-12 10:12:03.78,27905.27,27835,300,27840,379,27825,5619,27820,100
2020-06-12 10:12:04.58,27905.43,27845,379,27850,225,27830,5619,27820,100
2020-06-12 10:12:05.62,27905.43,27850,604,27855,101,27835,5619,27820,100
2020-06-12 10:12:05.95,27905.43,27850,1304,27855,101,27835,5619,27820,100
2020-06-12 10:12:09.25,27905.43,27850,1304,27855,101,27835,5619,27820,100
2020-06-12 10:12:10.33,27905.43,27845,379,27850,925,27830,5619,27820,100
2020-06-12 10:12:10.81,27905.43,27840,379,27845,700,27825,5619,27820,100
2020-06-12 10:12:11.89,27905.43,27840,1079,27845,700,27825,5619,27820,100
2020-06-12 10:12:12.93,27905.43,27840,1079,27845,700,27825,5619,27820,100
2020-06-12 10:12:15.48,27887.78,27835,379,27840,700,27820,5719,27800,50
2020-06-12 10:12:16.62,27887.78,27835,1079,27840,700,27820,5619,27800,50
2020-06-12 10:12:17.65,27887.78,27835,1079,27840,700,27820,5619,27800,50
2020-06-12 10:12:19.24,27887.78,27835,1079,27840,700,27820,5619,27800,50
2020-06-12 10:12:22.31,27887.78,27830,379,27835,700,27815,5619,27800,50
2020-06-12 10:12:23.45,27887.78,27830,1079,27835,700,27815,5619,27800,50
2020-06-12 10:12:23.85,27887.78,27825,379,27830,700,27810,5619,27800,50
2020-06-12 10:12:25.01,27907.05,27825,979,27830,700,27810,5619,27800,50
2020-06-12 10:12:26.59,27907.05,27825,979,27830,700,27805,5619,27800,50
2020-06-12 10:12:27.65,27907.05,27825,979,27830,700,27810,5619,27800,50
2020-06-12 10:12:27.87,27907.05,27825,600,27830,1079,27815,5619,27800,50
2020-06-12 10:12:28.71,27907.05,27830,1079,27835,700,27815,5394,27800,50
2020-06-12 10:12:30.04,27907.05,27830,1179,27835,700,27815,5394,27800,50
2020-06-12 10:12:31.32,27907.05,27830,800,27835,1079,27820,5394,27800,50
2020-06-12 10:12:31.91,27907.05,27830,100,27835,1079,27820,5394,27800,50
2020-06-12 10:12:32.90,27907.05,27830,700,27835,1079,27820,5394,27800,50
2020-06-12 10:12:33.22,27907.05,27830,1079,27835,700,27815,5394,27800,50
2020-06-12 10:12:33.99,27907.05,27830,700,27835,1079,27825,500,27815,5394
2020-06-12 10:12:35.02,27887.83,27830,700,27835,1079,27825,500,27820,5394
2020-06-12 10:12:36.10,27887.83,27830,100,27835,1079,27825,500,27820,5394
2020-06-12 10:12:36.55,27887.83,27830,700,27835,1079,27825,500,27820,5394
2020-06-12 10:12:38.22,27887.83,27830,100,27835,1079,27825,500,27820,5394
2020-06-12 10:12:38.43,27887.83,27830,100,27835,700,27825,5894,27800,50
2020-06-12 10:12:39.22,27887.83,27840,379,27850,225,27825,5894,27800,50
2020-06-12 10:12:39.71,27887.83,27840,979,27850,225,27825,5894,27800,50
2020-06-12 10:12:40.21,27887.83,27840,979,27850,225,27825,6294,27800,50
2020-06-12 10:12:40.88,27887.83,27840,600,27845,379,27830,5394,27825,900
2020-06-12 10:12:41.89,27887.83,27840,600,27845,379,27830,5394,27825,900
2020-06-12 10:12:42.55,27887.83,27840,979,27850,225,27825,6290,27800,50
2020-06-12 10:12:43.47,27887.83,27840,979,27850,225,27825,500,27820,5390
2020-06-12 10:12:44.53,27887.83,27840,979,27850,225,27825,5890,27800,50
2020-06-12 10:12:45.05,27883.08,27840,600,27845,379,27830,5390,27825,500
2020-06-12 10:12:46.14,27883.08,27840,979,27850,225,27825,5890,27800,50
2020-06-12 10:12:47.74,27883.08,27840,600,27845,379,27830,5390,27825,500
2020-06-12 10:12:48.05,27883.08,27840,600,27845,379,27830,5390,27825,500
2020-06-12 10:12:49.84,27883.08,27845,379,27850,225,27830,5390,27825,500
2020-06-12 10:12:50.22,27883.08,27845,600,27850,604,27835,5390,27825,500
2020-06-12 10:12:52.45,27883.08,27845,600,27850,604,27835,5390,27825,500
2020-06-12 10:12:52.87,27883.08,27845,979,27850,225,27830,5390,27825,500
2020-06-12 10:12:54.20,27883.08,27845,979,27850,225,27825,5890,27800,50
2020-06-12 10:12:55.06,27881.23,27840,379,27845,600,27825,5890,27800,50
2020-06-12 10:12:56.11,27881.23,27840,979,27845,600,27825,5890,27800,50
2020-06-12 10:12:57.14,27881.23,27835,225,27840,600,27830,5390,27825,500
2020-06-12 10:13:01.87,27881.23,27845,600,27850,604,27835,5315,27825,500
2020-06-12 10:13:02.92,27881.23,27840,100,27845,600,27835,5315,27825,500
2020-06-12 10:13:04.50,27881.23,27840,677,27845,979,27835,150,27830,5165
2020-06-12 10:13:06.04,27888.59,27840,77,27845,600,27835,5315,27825,500
2020-06-12 10:13:07.45,27888.59,27840,77,27845,600,27835,5315,27825,500
2020-06-12 10:13:08.71,27888.59,27840,14,27845,600,27835,5315,27825,500
2020-06-12 10:13:09.79,27888.59,27845,600,27850,225,27840,5165,27835,150
2020-06-12 10:13:10.09,27888.59,27845,600,27850,225,27840,5165,27835,150
2020-06-12 10:13:10.88,27888.59,27850,225,27855,480,27840,5165,27835,150
2020-06-12 10:13:11.87,27888.59,27850,825,27855,480,27840,5165,27835,150
2020-06-12 10:13:14.41,27898.19,27850,225,27855,101,27845,5165,27835,150
2020-06-12 10:13:15.57,27898.19,27850,825,27855,480,27840,5165,27835,150
2020-06-12 10:13:16.66,27898.19,27850,825,27855,480,27840,5165,27835,150
2020-06-12 10:13:19.82,27898.19,27850,225,27855,101,27845,5165,27835,150
2020-06-12 10:13:21.38,27898.19,27850,225,27855,101,27845,5165,27835,150
2020-06-12 10:13:22.44,27898.19,27860,379,27865,250,27855,3134,27845,5165
2020-06-12 10:13:24.04,27898.19,27860,379,27865,250,27845,5165,27835,150
2020-06-12 10:13:26.15,27891.09,27855,225,27860,379,27845,5165,27835,150
