time,nav,sell1,sell1_cnt,sell2,sell2_cnt,buy1,buy1_cnt,buy2,buy2_cnt
2020-06-05 08:49:51.390000,0.0,28795,10,28815,1,28605,10053,28525,1
2020-06-05 08:49:51.500000,0.0,28670,3327,28795,10,28605,10053,28525,1
2020-06-05 08:50:52.570000,0.0,28670,3228,28725,100,28605,10054,28525,1
2020-06-05 08:51:22.370000,0.0,28670,3327,28725,100,28605,10053,28525,1
2020-06-05 08:51:23.840000,0.0,28670,3327,28795,10,28605,10053,28525,1
2020-06-05 08:51:59.680000,0.0,28670,3327,28795,10,28605,10053,28600,2500
2020-06-05 08:52:22.870000,0.0,28670,3327,28795,10,28605,10053,28590,2500
2020-06-05 08:56:32.970000,0.0,28670,3327,28795,10064,28590,2499,28570,10054
2020-06-05 08:56:35.190000,0.0,28670,3327,28760,10054,28590,2499,28535,10054
2020-06-05 08:56:40.290000,0.0,28670,3327,28725,10054,28590,2499,28525,1
2020-06-05 08:56:42.360000,0.0,28670,3327,28690,10054,28590,2499,28525,1
2020-06-05 08:57:44.770000,0.0,28670,3327,28690,10054,28590,1999,28525,1
2020-06-05 08:57:50.700000,0.0,28655,10054,28670,3327,28590,1999,28525,1
2020-06-05 08:57:58.650000,0.0,28670,3327,28760,10054,28590,1999,28535,10054
2020-06-05 08:58:03.870000,0.0,28670,3327,28760,10054,28550,1999,28535,10054
2020-06-05 08:58:10.230000,0.0,28670,3327,28795,10,28585,10053,28550,2000
2020-06-05 08:58:29.150000,0.0,28670,3327,28685,10054,28550,1999,28525,1
2020-06-05 08:58:39.270000,0.0,28650,10054,28670,3327,28550,1999,28525,1
2020-06-05 08:58:55.570000,0.0,28670,3327,28685,10054,28550,1999,28525,1
2020-06-05 08:59:10.900000,0.0,28575,100,28670,3327,28550,1999,28535,100
2020-06-05 08:59:42.790000,0.0,28575,100,28670,3327,28540,1999,28535,100
2020-06-05 08:59:46.570000,0.0,28615,100,28670,3327,28575,99,28540,2000
2020-06-05 08:59:47.690000,0.0,28630,100,28670,3327,28590,99,28540,2000
2020-06-05 08:59:51.270000,0.0,28635,100,28670,3327,28595,99,28540,2000
2020-06-05 08:59:52.670000,0.0,28640,100,28670,3327,28600,99,28540,2000
2020-06-05 08:59:53.250000,0.0,28635,100,28670,3327,28595,99,28540,2000
2020-06-05 08:59:54.390000,0.0,28635,100,28670,3327,28595,99,28525,1
2020-06-05 08:59:55.110000,0.0,28630,100,28670,3327,28590,99,28525,1
2020-06-05 08:59:56.030000,0.0,28615,100,28670,3327,28575,99,28525,1
2020-06-05 08:59:57.080000,0.0,28635,100,28670,3327,28595,99,28525,1
2020-06-05 08:59:57.590000,0.0,28670,3327,28725,10054,28610,99,28525,1
2020-06-05 08:59:58.760000,0.0,28615,100,28670,3327,28575,99,28525,1
2020-06-05 09:00:00.490000,0.0,28615,100,28670,3327,28575,99,28525,1
2020-06-05 09:00:01.660000,0.0,28625,100,28670,3327,28585,99,28525,1
2020-06-05 09:00:02.430000,0.0,28600,100,28670,3327,28560,99,28525,1
2020-06-05 09:00:03.570000,0.0,28600,100,28670,3327,28560,99,28525,1
2020-06-05 09:00:04.540000,0.0,28620,100,28670,3327,28580,99,28525,1
2020-06-05 09:00:05.600000,0.0,28610,100,28670,3327,28570,99,28525,1
2020-06-05 09:00:06.630000,0.0,28620,100,28670,3327,28580,99,28525,1
2020-06-05 09:00:07.070000,0.0,28630,100,28670,3327,28590,99,28525,1
2020-06-05 09:00:08.240000,0.0,28635,100,28670,3327,28595,99,28525,1
2020-06-05 09:00:09.300000,0.0,28635,100,28670,3327,28595,99,28525,1
2020-06-05 09:00:09.720000,0.0,28630,100,28670,3327,28590,99,28525,1
2020-06-05 09:00:10.910000,0.0,28630,100,28670,3327,28590,99,28525,1
2020-06-05 09:00:11.160000,0.0,28635,100,28670,3327,28595,99,28525,1
2020-06-05 09:00:11.970000,0.0,28635,100,28670,3327,28595,99,28525,1
2020-06-05 09:00:13.040000,0.0,28640,100,28670,3327,28600,99,28525,1
2020-06-05 09:00:13.430000,0.0,28645,100,28670,3327,28605,99,28525,1
2020-06-05 09:00:14.610000,0.0,28645,100,28670,3327,28605,99,28525,1
2020-06-05 09:00:14.930000,0.0,28650,100,28670,3327,28610,99,28525,1
2020-06-05 09:00:15.600000,0.0,28650,100,28670,3327,28610,99,28525,1
2020-06-05 09:00:17.320000,0.0,28650,100,28670,3327,28610,99,28525,1
2020-06-05 09:00:18.170000,0.0,28655,100,28670,3327,28615,99,28525,1
2020-06-05 09:00:19.070000,0.0,28655,100,28670,3327,28615,99,28535,10054
2020-06-05 09:00:20.220000,0.0,28650,100,28670,3327,28610,99,28535,10054
2020-06-05 09:00:20.470000,0.0,28655,100,28670,3327,28615,99,28535,10054
2020-06-05 09:00:20.720000,0.0,28650,100,28670,3327,28610,99,28535,10054
2020-06-05 09:00:21.100000,0.0,28650,100,28670,3327,28610,99,28535,10054
2020-06-05 09:00:21.500000,0.0,28655,100,28670,3327,28615,99,28535,10054
2020-06-05 09:00:22.270000,0.0,28650,100,28670,3327,28610,99,28535,10054
2020-06-05 09:00:23.000000,0.0,28650,100,28670,3327,28610,99,28535,10054
2020-06-05 09:00:23.830000,0.0,28645,100,28670,3327,28605,99,28535,10054
2020-06-05 09:00:24.660000,0.0,28650,100,28670,3327,28610,99,28535,10054
2020-06-05 09:00:25.570000,0.0,28655,100,28670,3327,28615,99,28535,10054
2020-06-05 09:00:26.470000,0.0,28670,3427,28760,10054,28630,99,28535,10054
2020-06-05 09:00:27.320000,0.0,28670,3327,28675,100,28635,99,28535,10054
2020-06-05 09:00:28.160000,0.0,28670,3327,28680,100,28640,99,28535,10054
2020-06-05 09:00:29.470000,0.0,28670,3327,28685,100,28645,99,28535,10054
2020-06-05 09:00:30.770000,0.0,28670,3327,28685,100,28645,99,28535,10054
2020-06-05 09:00:32.290000,0.0,28670,3327,28685,100,28645,99,28570,10054
2020-06-05 09:00:34.000000,0.0,28670,3327,28685,100,28645,99,28570,10054
2020-06-05 09:00:34.330000,0.0,28670,3327,28695,100,28655,99,28570,10054
2020-06-05 09:00:35.070000,0.0,28670,3327,28695,100,28655,99,28570,10054
2020-06-05 09:00:36.110000,0.0,28670,3327,28685,100,28645,99,28570,10054
2020-06-05 09:00:36.570000,0.0,28670,3327,28685,100,28645,99,28570,10054
2020-06-05 09:00:37.350000,0.0,28670,3327,28690,100,28650,99,28570,10054
2020-06-05 09:00:38.220000,0.0,28670,3327,28695,100,28655,99,28570,10054
2020-06-05 09:00:39.270000,0.0,28670,3327,28705,100,28665,99,28570,10054
2020-06-05 09:00:40.310000,0.0,28670,3327,28700,100,28660,99,28570,10054
2020-06-05 09:00:40.770000,0.0,28670,3327,28705,100,28665,99,28570,10054
2020-06-05 09:00:42.950000,0.0,28670,3327,28700,100,28660,99,28570,10054
2020-06-05 09:00:45.060000,0.0,28670,3327,28695,100,28655,99,28570,10054
2020-06-05 09:00:46.120000,0.0,28670,3327,28705,100,28665,99,28570,10054
2020-06-05 09:00:47.140000,0.0,28670,3327,28705,100,28665,99,28570,10054
2020-06-05 09:00:47.560000,0.0,28670,3228,28710,100,28570,10054,28525,1
2020-06-05 09:00:49.300000,0.0,28670,3228,28700,100,28570,10054,28525,1
2020-06-05 09:00:50.360000,0.0,28670,3228,28700,100,28570,10054,28525,1
2020-06-05 09:00:51.400000,0.0,28670,3228,28695,100,28570,10054,28525,1
2020-06-05 09:00:52.470000,0.0,28670,3228,28690,100,28570,10054,28525,1
2020-06-05 09:00:53.500000,0.0,28670,3228,28705,100,28570,10054,28525,1
2020-06-05 09:00:53.900000,0.0,28670,3228,28700,100,28570,10054,28525,1
2020-06-05 09:00:55.110000,0.0,28670,3228,28695,100,28570,10054,28525,1
2020-06-05 09:00:55.510000,0.0,28670,3228,28690,100,28570,10054,28525,1
2020-06-05 09:00:56.670000,0.0,28670,3228,28690,100,28570,10054,28525,1
2020-06-05 09:00:57.180000,0.0,28670,3228,28695,100,28570,10054,28525,1
2020-06-05 09:00:58.230000,0.0,28670,3228,28705,100,28570,10054,28525,1
2020-06-05 09:00:58.810000,0.0,28670,3228,28710,100,28570,10054,28525,1
2020-06-05 09:00:59.790000,0.0,28670,3228,28705,100,28570,10054,28525,1
2020-06-05 09:01:00.890000,0.0,28670,3228,28715,100,28570,10054,28525,1
2020-06-05 09:01:01.930000,0.0,28670,3228,28705,100,28570,10054,28525,1
2020-06-05 09:01:02.980000,28704.85,28670,3228,28705,100,28570,10054,28525,1
2020-06-05 09:01:04.380000,28704.85,28670,3228,28715,100,28570,10054,28525,1
2020-06-05 09:01:05.600000,28704.85,28670,3228,28710,100,28570,10054,28525,1
2020-06-05 09:01:06.630000,28704.85,28670,3228,28715,100,28570,10054,28525,1
2020-06-05 09:01:08.260000,28704.85,28670,3228,28710,100,28570,10054,28525,1
2020-06-05 09:01:08.770000,28704.85,28670,3228,28710,100,28570,10054,28525,1
2020-06-05 09:01:09.840000,28704.85,28670,3228,28705,100,28570,10054,28525,1
2020-06-05 09:01:10.880000,28704.85,28670,3228,28710,100,28570,10054,28525,1
2020-06-05 09:01:11.930000,28704.85,28670,3228,28710,100,28570,10054,28525,1
2020-06-05 09:01:12.990000,28728.38,28670,3228,28720,100,28570,10054,28525,1
2020-06-05 09:01:14.020000,28728.38,28670,3228,28725,100,28570,10054,28525,1
2020-06-05 09:01:14.520000,28728.38,28670,3228,28725,100,28605,10054,28525,1
2020-06-05 09:01:15.600000,28728.38,28670,3228,28730,100,28605,10054,28525,1
2020-06-05 09:01:16.650000,28728.38,28735,100,28790,10,28605,10054,28525,1
2020-06-05 09:01:17.690000,28728.38,28745,100,28790,10,28605,10054,28525,1
2020-06-05 09:01:18.740000,28728.38,28735,100,28790,10,28605,10054,28525,1
2020-06-05 09:01:19.360000,28728.38,28730,100,28790,10,28605,10054,28525,1
2020-06-05 09:01:20.440000,28728.38,28725,100,28790,10,28605,10054,28525,1
2020-06-05 09:01:22.570000,28768.89,28725,100,28790,10,28605,10054,28525,1
2020-06-05 09:01:23.520000,28768.89,28725,100,28790,10,28605,10054,28525,1
2020-06-05 09:01:24.550000,28768.89,28725,100,28790,10,28605,10054,28525,1
2020-06-05 09:01:25.600000,28768.89,28735,100,28790,10,28605,10054,28525,1
2020-06-05 09:01:26.650000,28768.89,28740,100,28790,10,28605,10054,28525,1
2020-06-05 09:01:27.130000,28768.89,28745,100,28790,10,28605,10054,28525,1
2020-06-05 09:01:28.210000,28768.89,28730,100,28790,10,28605,10054,28525,1
2020-06-05 09:01:29.260000,28768.89,28715,100,28790,10,28605,10054,28525,1
2020-06-05 09:01:30.300000,28768.89,28710,100,28790,10,28605,10054,28525,1
2020-06-05 09:01:31.350000,28768.89,28715,100,28790,10,28605,10054,28525,1
2020-06-05 09:01:32.400000,28754.43,28710,100,28790,10,28605,10054,28525,1
2020-06-05 09:01:33.410000,28754.43,28715,100,28790,10,28605,10054,28525,1
2020-06-05 09:01:34.590000,28754.43,28700,100,28790,10,28605,10054,28525,1
2020-06-05 09:01:35.760000,28754.43,28690,100,28790,10,28605,10054,28525,1
2020-06-05 09:01:36.790000,28754.43,28675,100,28725,10054,28615,10054,28570,10054
2020-06-05 09:01:38.680000,28754.43,28670,100,28720,10054,28610,10054,28570,10054
2020-06-05 09:01:39.800000,28754.43,28680,100,28730,10054,28620,10054,28570,10054
2020-06-05 09:01:40.850000,28754.43,28675,100,28725,10054,28615,10054,28570,10054
2020-06-05 09:01:41.900000,28754.43,28675,100,28730,10054,28615,10054,28570,10054
2020-06-05 09:01:42.940000,28710.55,28690,100,28740,10054,28630,10054,28570,10054
2020-06-05 09:01:44.130000,28710.55,28685,100,28735,10054,28625,10054,28570,10054
2020-06-05 09:01:45.270000,28710.55,28690,100,28740,10054,28630,10054,28570,10054
2020-06-05 09:01:46.370000,28710.55,28695,100,28745,10054,28635,10054,28570,10054
2020-06-05 09:01:47.460000,28710.55,28685,100,28735,10054,28625,10054,28570,10054
2020-06-05 09:01:48.530000,28710.55,28675,100,28725,10054,28615,10054,28570,10054
2020-06-05 09:01:49.600000,28710.55,28685,100,28735,10054,28625,10054,28570,10054
2020-06-05 09:01:50.670000,28710.55,28685,100,28735,10054,28625,10054,28620,1
2020-06-05 09:01:51.670000,28710.55,28685,100,28735,10054,28625,10054,28620,1
2020-06-05 09:01:52.760000,28685.81,28690,100,28740,10054,28630,10054,28620,1
2020-06-05 09:01:53.970000,28685.81,28680,100,28730,10054,28620,10055,28570,10054
2020-06-05 09:01:55.070000,28685.81,28685,100,28735,10054,28625,10054,28620,1
2020-06-05 09:01:56.260000,28685.81,28685,100,28735,10054,28625,10054,28620,1
2020-06-05 09:01:57.370000,28685.81,28680,100,28730,10054,28640,100,28620,10055
2020-06-05 09:01:58.460000,28685.81,28685,100,28735,10054,28645,100,28625,10054
2020-06-05 09:01:59.570000,28685.81,28685,100,28735,10054,28645,100,28625,10054
2020-06-05 09:02:00.590000,28685.81,28675,100,28730,10054,28635,100,28620,10055
2020-06-05 09:02:01.670000,28685.81,28675,100,28730,10054,28635,100,28620,10055
2020-06-05 09:02:02.790000,28685.17,28680,100,28735,10054,28640,100,28625,10054
2020-06-05 09:02:03.770000,28685.17,28690,100,28745,10054,28650,100,28635,10054
2020-06-05 09:02:04.830000,28685.17,28685,100,28740,10054,28645,100,28630,10054
2020-06-05 09:02:05.880000,28685.17,28685,100,28740,10054,28645,100,28630,10054
2020-06-05 09:02:06.930000,28685.17,28685,100,28740,10054,28645,100,28630,10054
2020-06-05 09:02:07.990000,28685.17,28685,100,28740,10054,28645,100,28630,10054
2020-06-05 09:02:09.460000,28685.17,28690,100,28715,10054,28650,10154,28620,1
2020-06-05 09:02:10.630000,28685.17,28690,100,28715,10054,28645,10054,28620,1
2020-06-05 09:02:11.690000,28685.17,28690,100,28715,10054,28645,10054,28620,1
2020-06-05 09:02:12.750000,28688.62,28700,100,28725,10054,28645,10054,28620,1
2020-06-05 09:02:13.820000,28688.62,28700,100,28725,10054,28645,10054,28620,1
2020-06-05 09:02:14.890000,28688.62,28710,100,28735,10054,28645,10054,28620,1
2020-06-05 09:02:15.970000,28688.62,28710,100,28735,10054,28645,10054,28620,1
2020-06-05 09:02:17.030000,28688.62,28720,100,28745,10054,28680,100,28645,10054
2020-06-05 09:02:18.160000,28688.62,28720,100,28745,10054,28680,100,28645,10054
2020-06-05 09:02:19.280000,28688.62,28715,100,28740,10054,28675,100,28645,10054
2020-06-05 09:02:20.400000,28688.62,28715,100,28740,10054,28675,100,28645,10054
2020-06-05 09:02:21.460000,28688.62,28715,100,28720,10000,28675,100,28665,10000
2020-06-05 09:02:22.490000,28719.74,28715,100,28720,10000,28675,100,28660,10000
2020-06-05 09:02:23.670000,28719.74,28715,100,28720,10000,28665,10000,28660,10000
2020-06-05 09:02:25.790000,28719.74,28710,100,28715,10000,28660,10000,28655,10000
2020-06-05 09:02:26.830000,28719.74,28710,100,28715,10000,28660,10000,28655,10000
2020-06-05 09:02:27.830000,28719.74,28710,100,28715,10000,28660,10000,28655,10000
2020-06-05 09:02:28.880000,28719.74,28715,100,28720,10000,28665,10000,28660,10000
2020-06-05 09:02:29.910000,28719.74,28705,100,28710,10000,28655,10000,28650,10000
2020-06-05 09:02:31.000000,28719.74,28715,100,28720,10000,28665,10000,28660,10000
2020-06-05 09:02:32.050000,28719.74,28710,5000,28715,15000,28670,5000,28665,5000
2020-06-05 09:02:33.100000,28720.65,28705,5000,28710,15000,28665,5000,28660,4370
2020-06-05 09:02:34.160000,28720.65,28705,5000,28710,15000,28665,5000,28660,14370
2020-06-05 09:02:35.200000,28720.65,28715,15000,28720,15000,28675,5000,28670,14370
2020-06-05 09:02:36.250000,28720.65,28695,10054,28715,15000,28675,15000,28670,14370
2020-06-05 09:02:39.360000,28720.65,28695,6054,28715,15000,28675,15000,28670,14370
2020-06-05 09:02:39.880000,28720.65,28700,4754,28720,15000,28680,14370,28675,15000
2020-06-05 09:02:42.060000,28720.65,28700,4754,28720,15000,28680,14370,28675,15000
2020-06-05 09:02:44.150000,28725.06,28695,4754,28715,15000,28675,15000,28670,14370
2020-06-05 09:02:45.200000,28725.06,28700,4754,28720,15000,28680,14370,28675,15000
2020-06-05 09:02:46.250000,28725.06,28705,4754,28725,15000,28685,15000,28680,14370
2020-06-05 09:02:47.290000,28725.06,28705,4754,28725,15000,28685,15000,28680,14370
2020-06-05 09:02:48.310000,28725.06,28700,4754,28720,15000,28680,14370,28675,15000
2020-06-05 09:02:48.790000,28725.06,28695,4754,28715,15000,28675,15000,28670,14370
2020-06-05 09:02:49.930000,28725.06,28695,4754,28715,15000,28675,15000,28670,14370
2020-06-05 09:02:51.000000,28725.06,28700,4754,28715,5000,28675,15000,28670,14370
2020-06-05 09:02:52.040000,28750.04,28700,4754,28720,15000,28680,14370,28675,15000
2020-06-05 09:02:53.110000,28750.04,28690,4754,28710,15000,28670,14370,28665,15000
2020-06-05 09:02:54.140000,28750.04,28685,4754,28705,15000,28665,15000,28660,14370
2020-06-05 09:02:55.180000,28750.04,28675,4754,28700,15000,28660,14370,28655,15000
2020-06-05 09:02:56.230000,28750.04,28680,4754,28700,15000,28660,14370,28655,15000
2020-06-05 09:02:57.280000,28750.04,28680,4754,28700,15000,28660,14370,28655,15000
2020-06-05 09:02:58.320000,28750.04,28685,4754,28705,15000,28665,15000,28660,14370
2020-06-05 09:02:59.370000,28750.04,28685,4754,28705,15000,28665,15000,28660,14370
2020-06-05 09:03:00.470000,28750.04,28680,4754,28700,15000,28660,14370,28655,15000
2020-06-05 09:03:01.770000,28750.04,28680,4754,28700,15000,28660,14370,28655,15000
2020-06-05 09:03:02.890000,28750.78,28680,4754,28700,15000,28660,14370,28655,15000
2020-06-05 09:03:05.070000,28750.78,28680,4754,28700,10000,28660,14370,28655,15000
2020-06-05 09:03:06.020000,28750.78,28680,4754,28700,15000,28660,14370,28655,15000
2020-06-05 09:03:07.070000,28750.78,28670,4754,28680,1000,28650,14370,28645,25054
2020-06-05 09:03:08.160000,28750.78,28675,4754,28680,1000,28655,15000,28650,14370
2020-06-05 09:03:09.340000,28750.78,28675,4754,28680,1000,28655,15000,28650,14370
2020-06-05 09:03:10.480000,28750.78,28675,4754,28680,1000,28655,15000,28650,14370
2020-06-05 09:03:12.680000,28738.72,28675,4754,28680,1000,28655,15345,28650,14370
2020-06-05 09:03:13.800000,28738.72,28675,4754,28680,1000,28655,15345,28650,14370
2020-06-05 09:03:14.800000,28738.72,28670,4754,28680,1000,28655,345,28650,14370
2020-06-05 09:03:15.800000,28738.72,28670,4754,28680,1000,28655,345,28650,14370
2020-06-05 09:03:16.810000,28738.72,28675,4754,28680,1000,28655,15345,28650,14370
2020-06-05 09:03:17.860000,28738.72,28680,5754,28700,15000,28660,14370,28655,15345
2020-06-05 09:03:18.900000,28738.72,28675,4754,28695,15000,28655,15345,28650,14370
2020-06-05 09:03:19.950000,28738.72,28670,4754,28675,1100,28655,345,28650,14370
2020-06-05 09:03:21.000000,28738.72,28665,4754,28670,1100,28655,345,28645,25054
2020-06-05 09:03:22.040000,28735.1,28660,4754,28665,1100,28655,343,28645,10054
2020-06-05 09:03:23.090000,28735.1,28660,4754,28665,1100,28645,10054,28640,14370
2020-06-05 09:03:24.140000,28735.1,28665,1100,28670,5854,28650,14370,28645,25054
2020-06-05 09:03:25.150000,28735.1,28670,5854,28690,15000,28650,14370,28645,25054
2020-06-05 09:03:26.230000,28735.1,28675,4754,28695,15000,28655,15000,28650,14370
2020-06-05 09:03:27.280000,28735.1,28675,4754,28695,15000,28655,15000,28650,14370
2020-06-05 09:03:28.320000,28735.1,28670,4754,28675,1100,28650,13365,28645,25054
2020-06-05 09:03:28.960000,28735.1,28675,5854,28695,15000,28655,15000,28650,13365
2020-06-05 09:03:29.990000,28735.1,28670,4754,28675,1100,28650,13365,28645,25054
2020-06-05 09:03:32.040000,28735.1,28675,1100,28680,4754,28660,14370,28655,15000
2020-06-05 09:03:33.080000,28724.31,28680,4754,28700,15000,28660,14370,28655,15000
2020-06-05 09:03:34.130000,28724.31,28675,4754,28695,15000,28655,15000,28650,13365
2020-06-05 09:03:35.170000,28724.31,28675,4754,28695,15000,28655,15000,28650,13365
2020-06-05 09:03:36.220000,28724.31,28660,4754,28675,1200,28645,10054,28640,14370
2020-06-05 09:03:37.270000,28724.31,28660,5954,28675,1200,28645,10054,28640,14370
2020-06-05 09:03:38.310000,28724.31,28655,4754,28660,1200,28645,10054,28640,4370
2020-06-05 09:03:39.360000,28724.31,28655,4754,28660,1200,28645,10054,28635,14597
2020-06-05 09:03:40.420000,28724.31,28655,4754,28660,900,28645,8534,28635,14597
2020-06-05 09:03:41.470000,28724.31,28655,4754,28660,900,28645,8534,28635,14597
2020-06-05 09:03:42.520000,28709.33,28655,4754,28660,900,28645,8534,28635,14597
2020-06-05 09:03:43.560000,28709.33,28650,4754,28665,15000,28645,3578,28625,13995
2020-06-05 09:03:44.610000,28709.33,28650,4754,28665,15000,28645,3578,28625,13995
2020-06-05 09:03:46.870000,28709.33,28650,4754,28665,10000,28645,3578,28630,4370
2020-06-05 09:03:48.070000,28709.33,28650,4754,28665,15000,28645,3578,28625,13995
2020-06-05 09:03:49.190000,28709.33,28650,4754,28660,15000,28645,3578,28620,14371
2020-06-05 09:03:50.360000,28709.33,28650,4754,28665,15000,28645,3578,28625,13995
2020-06-05 09:03:52.700000,28714.96,28650,4754,28660,15000,28645,3578,28620,14371
2020-06-05 09:03:53.750000,28714.96,28650,4754,28665,15000,28645,3578,28625,13995
2020-06-05 09:03:54.810000,28714.96,28650,4754,28660,5000,28645,3578,28625,8995
2020-06-05 09:03:55.870000,28714.96,28650,4754,28660,15000,28645,3578,28620,14371
2020-06-05 09:03:56.940000,28714.96,28655,4754,28675,15000,28650,4754,28645,3578
2020-06-05 09:03:58.000000,28714.96,28665,10054,28670,1200,28645,9778,28640,14370
2020-06-05 09:03:59.060000,28714.96,28660,10054,28680,15000,28645,4878,28640,14370
2020-06-05 09:04:00.120000,28714.96,28670,10054,28690,15000,28650,13365,28645,19878
2020-06-05 09:04:01.180000,28714.96,28665,10054,28685,15000,28650,1400,28645,19878
2020-06-05 09:04:02.250000,28714.96,28670,10054,28690,15000,28650,14665,28645,19878
2020-06-05 09:04:03.290000,28694.29,28675,10054,28695,15000,28655,15000,28650,14665
2020-06-05 09:04:04.360000,28694.29,28670,10054,28675,1400,28655,400,28650,14665
2020-06-05 09:04:05.420000,28694.29,28665,10054,28670,1400,28655,1400,28650,1300
2020-06-05 09:04:06.460000,28694.29,28660,10054,28665,1400,28650,1300,28645,4878
2020-06-05 09:04:07.560000,28694.29,28670,10054,28690,15000,28650,14765,28645,19878
2020-06-05 09:04:08.670000,28694.29,28670,10054,28690,15000,28650,14765,28645,19878
2020-06-05 09:04:09.720000,28694.29,28670,10054,28690,15000,28650,14765,28645,19878
2020-06-05 09:04:10.800000,28694.29,28670,11454,28690,5000,28655,10000,28650,14765
2020-06-05 09:04:11.800000,28694.29,28675,10054,28690,10000,28655,15000,28650,14765
2020-06-05 09:04:12.860000,28679.91,28670,10054,28675,1400,28650,14765,28645,19878
2020-06-05 09:04:13.880000,28679.91,28665,10054,28670,1300,28650,1600,28645,19878
2020-06-05 09:04:14.910000,28679.91,28670,11354,28690,15000,28650,14765,28645,19878
2020-06-05 09:04:15.970000,28679.91,28665,10054,28670,1300,28650,1400,28645,19878
2020-06-05 09:04:17.030000,28679.91,28665,10054,28685,15000,28650,1600,28645,19878
2020-06-05 09:04:18.100000,28679.91,28665,11354,28685,15000,28650,1600,28645,19878
2020-06-05 09:04:19.160000,28679.91,28655,10054,28665,1200,28645,4878,28635,14597
2020-06-05 09:04:20.220000,28679.91,28660,10054,28665,1200,28645,3578,28640,14370
2020-06-05 09:04:21.280000,28679.91,28655,10054,28660,1300,28645,3578,28635,14597
2020-06-05 09:04:22.340000,28677.15,28660,1300,28670,10054,28650,13365,28645,18578
2020-06-05 09:04:23.410000,28677.15,28670,10054,28690,15000,28650,13365,28645,18578
2020-06-05 09:04:24.470000,28677.15,28670,10054,28690,15000,28650,13365,28645,18578
2020-06-05 09:04:25.530000,28677.15,28665,10054,28670,1200,28645,18578,28640,14370
2020-06-05 09:04:26.590000,28677.15,28670,10054,28690,15000,28650,13365,28645,18578
2020-06-05 09:04:27.660000,28677.15,28670,11154,28690,15000,28650,13365,28645,18578
2020-06-05 09:04:30.290000,28677.15,28665,10054,28670,1100,28645,18578,28640,14370
2020-06-05 09:04:31.310000,28677.15,28665,10054,28685,15000,28645,18578,28640,14370
2020-06-05 09:04:31.970000,28677.15,28665,10054,28685,15000,28645,18578,28640,14370
2020-06-05 09:04:32.870000,28684.88,28665,10654,28685,15000,28645,18578,28640,14370
2020-06-05 09:04:33.950000,28684.88,28660,10054,28665,900,28645,3578,28640,14370
2020-06-05 09:04:34.390000,28684.88,28660,10029,28665,900,28645,3578,28640,14370
2020-06-05 09:04:35.530000,28684.88,28655,10029,28660,900,28645,3578,28635,14597
2020-06-05 09:04:36.570000,28684.88,28660,10929,28680,15000,28645,3578,28640,14370
2020-06-05 09:04:37.620000,28684.88,28675,10029,28695,15000,28655,15000,28650,13365
2020-06-05 09:04:38.680000,28684.88,28675,10029,28695,15000,28655,15000,28650,13365
2020-06-05 09:04:42.070000,28684.88,28670,10029,28675,800,28650,13365,28645,18578
2020-06-05 09:04:43.070000,28682.54,28670,10729,28690,15000,28650,13365,28645,18578
2020-06-05 09:04:44.030000,28682.54,28665,10029,28670,700,28645,18578,28640,14370
2020-06-05 09:04:45.080000,28682.54,28665,10029,28670,700,28645,18578,28640,14370
2020-06-05 09:04:46.140000,28682.54,28660,10029,28665,600,28645,3578,28640,14370
2020-06-05 09:04:46.720000,28682.54,28665,10029,28685,15000,28645,18578,28640,14370
2020-06-05 09:04:47.720000,28682.54,28665,10029,28685,15000,28645,18578,28640,14370
2020-06-05 09:04:48.770000,28682.54,28675,10029,28695,15000,28655,15000,28650,13365
2020-06-05 09:04:49.810000,28682.54,28680,10029,28700,15000,28660,13967,28655,15000
2020-06-05 09:04:50.860000,28682.54,28675,10029,28680,400,28660,4370,28655,15000
2020-06-05 09:04:51.910000,28682.54,28680,10429,28700,15000,28660,13967,28655,15000
2020-06-05 09:04:52.950000,28689.54,28675,10029,28680,400,28660,4370,28655,15000
2020-06-05 09:04:54.000000,28689.54,28675,10429,28695,15000,28655,15000,28650,13365
2020-06-05 09:04:55.050000,28689.54,28675,10429,28695,15000,28655,5000,28650,13365
2020-06-05 09:04:55.610000,28689.54,28675,10029,28695,15000,28655,15000,28650,13365
2020-06-05 09:04:56.590000,28689.54,28680,10029,28700,15000,28660,13967,28655,15000
2020-06-05 09:04:58.220000,28689.54,28675,10029,28680,200,28655,15000,28650,13365
2020-06-05 09:04:58.800000,28689.54,28675,10029,28680,200,28655,15000,28650,13365
2020-06-05 09:04:59.870000,28689.54,28675,10029,28680,200,28655,15000,28650,13365
2020-06-05 09:05:01.970000,28704.39,28670,10029,28675,100,28650,13365,28645,18578
2020-06-05 09:05:03.030000,28704.39,28670,10029,28675,100,28650,13365,28645,18578
2020-06-05 09:05:04.080000,28704.39,28675,10129,28695,15000,28655,15000,28650,13365
2020-06-05 09:05:05.120000,28704.39,28670,10029,28690,15000,28650,13365,28645,18578
2020-06-05 09:05:06.170000,28704.39,28675,10029,28695,15000,28655,15000,28650,13365
2020-06-05 09:05:07.210000,28704.39,28675,10029,28695,10000,28660,4370,28655,15000
2020-06-05 09:05:08.260000,28704.39,28675,10029,28695,15000,28655,15000,28650,13365
2020-06-05 09:05:09.310000,28704.39,28680,10029,28700,15000,28660,13967,28655,15000
2020-06-05 09:05:10.350000,28704.39,28680,10029,28700,15000,28660,13967,28655,15000
2020-06-05 09:05:11.400000,28704.39,28685,10029,28705,15000,28665,15000,28660,13967
2020-06-05 09:05:12.960000,28710.56,28685,10029,28705,15000,28665,14999,28660,13967
2020-06-05 09:05:14.010000,28710.56,28685,10029,28705,15000,28665,14999,28660,13967
2020-06-05 09:05:15.060000,28710.56,28690,10029,28710,15000,28670,14370,28665,14999
2020-06-05 09:05:16.100000,28710.56,28695,10029,28715,15000,28675,13995,28670,14370
2020-06-05 09:05:17.150000,28710.56,28700,10029,28720,15000,28680,14370,28675,13995
2020-06-05 09:05:19.210000,28710.56,28695,10029,28715,10000,28680,4370,28675,13995
2020-06-05 09:05:20.290000,28710.56,28705,10029,28720,15000,28680,14370,28675,13995
2020-06-05 09:05:21.340000,28710.56,28700,10029,28720,15000,28680,14370,28675,13995
2020-06-05 09:05:22.370000,28701.08,28700,10029,28720,15000,28680,14370,28675,13995
2020-06-05 09:05:23.480000,28701.08,28720,15000,28725,15000,28680,14370,28675,13995
2020-06-05 09:05:24.490000,28701.08,28700,20054,28720,15000,28680,14370,28675,34049
2020-06-05 09:05:25.570000,28701.08,28700,20054,28720,15000,28680,14370,28675,34049
2020-06-05 09:05:26.610000,28701.08,28695,20054,28715,15000,28675,13995,28670,34424
2020-06-05 09:05:27.660000,28701.08,28690,20054,28710,15000,28670,14370,28665,35053
2020-06-05 09:05:28.710000,28701.08,28685,20054,28705,15000,28665,14999,28660,34021
2020-06-05 09:05:30.800000,28701.08,28680,20054,28700,15000,28660,13967,28655,35054
2020-06-05 09:05:31.790000,28701.08,28685,20054,28705,15000,28665,14999,28660,34021
2020-06-05 09:05:35.530000,28708.39,28690,20054,28710,15000,28670,14370,28665,35053
2020-06-05 09:05:37.100000,28708.39,28675,20054,28695,15000,28655,15000,28650,33419
2020-06-05 09:05:38.140000,28708.39,28675,20054,28695,10000,28660,4370,28655,15000
2020-06-05 09:05:39.190000,28708.39,28685,20054,28705,15000,28665,14999,28660,34021
2020-06-05 09:05:41.280000,28708.39,28685,20054,28700,15000,28660,13967,28655,35054
2020-06-05 09:05:42.330000,28708.39,28680,20054,28700,15000,28660,13967,28655,35054
2020-06-05 09:05:43.890000,28724.31,28685,18417,28705,15000,28665,14999,28660,34021
2020-06-05 09:05:44.950000,28724.31,28675,18417,28695,10000,28660,4370,28655,15000
2020-06-05 09:05:46.010000,28724.31,28675,18417,28695,15000,28655,15000,28650,33419
2020-06-05 09:05:50.380000,28724.31,28680,18417,28700,15000,28660,13967,28655,35054
2020-06-05 09:05:51.430000,28724.31,28680,18417,28700,15000,28660,13967,28655,35054
2020-06-05 09:05:54.580000,28729.29,28675,18417,28695,15000,28655,15000,28650,33419
2020-06-05 09:05:56.020000,28729.29,28680,18417,28695,10000,28660,4370,28655,35054
2020-06-05 09:05:57.240000,28729.29,28680,18417,28700,15000,28660,13967,28655,35054
2020-06-05 09:05:59.470000,28729.29,28675,18417,28695,15000,28655,15000,28650,33419
2020-06-05 09:06:01.530000,28729.29,28680,18417,28700,15000,28660,13967,28655,35054
2020-06-05 09:06:04.710000,28727.89,28675,18417,28695,15000,28655,15000,28650,33419
2020-06-05 09:06:06.310000,28727.89,28670,18417,28690,15000,28650,13365,28645,35055
2020-06-05 09:06:06.960000,28727.89,28665,18417,28685,15000,28645,15001,28640,34423
2020-06-05 09:06:07.900000,28727.89,28665,18417,28685,15000,28645,15001,28640,34423
2020-06-05 09:06:08.960000,28727.89,28670,18407,28690,15000,28650,4370,28645,15001
2020-06-05 09:06:10.030000,28727.89,28670,18407,28690,15000,28650,13365,28645,35055
2020-06-05 09:06:11.090000,28727.89,28665,18407,28685,15000,28645,15001,28640,34423
2020-06-05 09:06:12.150000,28727.89,28660,18407,28680,15000,28645,1,28640,14369
2020-06-05 09:06:13.200000,28725.56,28660,18407,28680,15000,28645,1,28640,14369
2020-06-05 09:06:14.260000,28725.56,28655,18407,28675,15000,28645,1,28635,14597
2020-06-05 09:06:15.320000,28725.56,28660,18407,28680,15000,28645,1,28640,14369
2020-06-05 09:06:17.960000,28725.56,28665,18407,28685,15000,28645,15001,28640,34423
2020-06-05 09:06:19.020000,28725.56,28670,18407,28685,5000,28650,8995,28645,35055
2020-06-05 09:06:20.050000,28725.56,28665,18407,28685,15000,28645,15001,28640,34423
2020-06-05 09:06:21.120000,28725.56,28665,18407,28680,5000,28645,15001,28640,34423
2020-06-05 09:06:23.820000,28707.73,28660,18407,28675,5000,28645,1,28640,14369
2020-06-05 09:06:25.850000,28707.73,28665,18407,28685,15000,28645,15001,28640,34423
2020-06-05 09:06:26.900000,28707.73,28670,18407,28680,5000,28650,8995,28645,35055
2020-06-05 09:06:27.940000,28707.73,28670,18407,28685,5000,28650,13365,28645,35055
2020-06-05 09:06:28.460000,28707.73,28670,18407,28685,5000,28650,4370,28645,35055
2020-06-05 09:06:29.500000,28707.73,28675,18407,28690,5000,28655,5000,28650,33419
2020-06-05 09:06:30.550000,28707.73,28670,18407,28685,1111,28650,1111,28645,31166
2020-06-05 09:06:31.610000,28707.73,28675,18407,28690,1111,28655,11111,28650,30160
2020-06-05 09:06:32.640000,28723.29,28680,18407,28695,1111,28660,10708,28655,31165
2020-06-05 09:06:33.690000,28723.29,28685,18407,28700,1111,28665,11110,28660,30762
2020-06-05 09:06:34.140000,28723.29,28685,18407,28695,10000,28665,11110,28660,30762
2020-06-05 09:06:36.770000,28723.29,28690,18407,28700,10000,28670,11111,28665,31164
2020-06-05 09:06:37.910000,28723.29,28685,18407,28695,10000,28665,11110,28660,30762
2020-06-05 09:06:38.950000,28723.29,28690,18407,28700,10000,28670,11111,28665,31164
2020-06-05 09:06:41.050000,28723.29,28695,18407,28705,10000,28675,10106,28670,31165
2020-06-05 09:06:41.660000,28723.29,28690,18407,28700,10000,28670,11111,28665,31164
2020-06-05 09:06:43.620000,28709.29,28695,18407,28710,10000,28680,1111,28675,30160
2020-06-05 09:06:44.730000,28709.29,28690,18407,28705,10000,28675,1111,28670,31165
2020-06-05 09:06:45.780000,28709.29,28690,18407,28705,10000,28675,1111,28670,31165
2020-06-05 09:06:46.810000,28709.29,28695,18407,28710,10000,28680,1111,28675,30160
2020-06-05 09:06:47.860000,28709.29,28695,18407,28710,10000,28680,1111,28675,30160
2020-06-05 09:06:48.890000,28709.29,28690,18407,28705,10000,28675,1111,28670,31165
2020-06-05 09:06:50.500000,28709.29,28700,18407,28715,10000,28685,1111,28680,31165
2020-06-05 09:06:51.560000,28709.29,28695,18407,28710,10000,28680,1111,28675,30160
2020-06-05 09:06:53.590000,28734.87,28695,18407,28710,10000,28680,1111,28675,30160
2020-06-05 09:06:54.700000,28734.87,28700,18407,28715,10000,28685,1111,28680,31165
2020-06-05 09:06:56.820000,28734.87,28700,18407,28715,10000,28685,1111,28680,31165
2020-06-05 09:06:58.400000,28734.87,28700,18407,28715,10000,28685,1111,28680,31165
2020-06-05 09:07:00.490000,28734.87,28700,18407,28715,10000,28685,21165,28680,11111
2020-06-05 09:07:01.560000,28734.87,28695,18407,28710,10000,28680,21165,28675,10106
2020-06-05 09:07:04.230000,28744.21,28690,18407,28705,10000,28675,21165,28670,11111
2020-06-05 09:07:06.790000,28744.21,28695,18407,28710,10000,28680,21165,28675,10106
2020-06-05 09:07:07.800000,28744.21,28695,18407,28710,10000,28680,21165,28675,10106
2020-06-05 09:07:11.320000,28744.21,28695,18407,28710,10000,28680,21165,28675,10106
2020-06-05 09:07:14.600000,28746.98,28695,18407,28710,10000,28680,1111,28675,21165
2020-06-05 09:07:15.020000,28746.98,28690,18407,28705,10000,28675,21165,28670,11127
2020-06-05 09:07:16.210000,28746.98,28695,18407,28710,10000,28680,21165,28675,10106
2020-06-05 09:07:17.780000,28746.98,28695,18407,28710,10000,28680,1111,28675,21165
2020-06-05 09:07:18.830000,28746.98,28695,18407,28710,10000,28680,21165,28675,10106
2020-06-05 09:07:19.880000,28746.98,28695,18407,28710,10000,28680,21165,28675,10106
2020-06-05 09:07:21.360000,28746.98,28700,18407,28715,10000,28685,21165,28680,11111
2020-06-05 09:07:22.490000,28749.39,28695,18407,28710,10000,28680,21165,28675,10106
2020-06-05 09:07:23.530000,28749.39,28700,18407,28715,10000,28685,21165,28680,11111
2020-06-05 09:07:26.950000,28749.39,28705,18407,28720,10000,28690,21165,28685,10708
2020-06-05 09:07:29.930000,28749.39,28710,18407,28725,10000,28695,21165,28690,11110
2020-06-05 09:07:30.980000,28749.39,28705,18407,28720,10000,28690,21165,28685,10708
2020-06-05 09:07:32.020000,28749.39,28710,18407,28725,10000,28695,1111,28690,21165
2020-06-05 09:07:32.630000,28761.63,28705,18407,28720,10000,28690,21165,28685,10708
2020-06-05 09:07:34.100000,28761.63,28710,18407,28725,10000,28695,21165,28690,11110
2020-06-05 09:07:35.680000,28761.63,28710,18407,28725,10000,28695,21159,28690,11110
2020-06-05 09:07:36.740000,28761.63,28715,18407,28730,10000,28700,21159,28695,11111
2020-06-05 09:07:37.800000,28761.63,28720,18407,28735,10000,28705,21159,28700,10106
2020-06-05 09:07:38.370000,28761.63,28715,18407,28730,11111,28705,1111,28700,21159
2020-06-05 09:07:39.400000,28761.63,28705,18407,28720,11111,28695,1111,28690,21159
2020-06-05 09:07:40.460000,28761.63,28705,18406,28720,11111,28695,1111,28690,21159
2020-06-05 09:07:41.520000,28761.63,28705,18406,28720,11111,28695,1111,28690,21159
2020-06-05 09:07:42.580000,28778.9,28705,18406,28720,11111,28695,1111,28690,21159
2020-06-05 09:07:43.650000,28778.9,28700,18406,28715,11111,28690,1111,28685,21159
2020-06-05 09:07:48.960000,28778.9,28705,18406,28720,11111,28695,1111,28690,21159
2020-06-05 09:07:53.700000,28777.35,28700,18406,28715,11111,28690,1111,28685,21159
2020-06-05 09:07:54.160000,28777.35,28705,18406,28720,11111,28695,1111,28690,21159
2020-06-05 09:07:55.270000,28777.35,28705,18406,28720,11111,28695,1111,28690,21159
2020-06-05 09:07:56.280000,28777.35,28700,18406,28715,11111,28690,1111,28685,21159
2020-06-05 09:07:58.450000,28777.35,28695,18406,28710,11111,28685,1111,28680,21159
2020-06-05 09:07:59.520000,28777.35,28685,18406,28700,11111,28675,1111,28670,21175
2020-06-05 09:08:01.900000,28777.35,28675,18406,28690,11111,28670,16,28665,1111
2020-06-05 09:08:03.090000,28779.01,28670,18406,28685,11111,28660,1111,28655,21159
2020-06-05 09:08:04.090000,28779.01,28675,18406,28690,11111,28665,1111,28660,21159
2020-06-05 09:08:05.170000,28779.01,28670,18406,28685,11111,28660,1111,28655,21159
2020-06-05 09:08:07.150000,28779.01,28675,18406,28690,11111,28665,1111,28660,21159
2020-06-05 09:08:08.210000,28779.01,28675,18406,28685,1111,28660,21159,28655,11111
2020-06-05 09:08:09.270000,28779.01,28680,18406,28690,1111,28665,21159,28660,10708
2020-06-05 09:08:10.290000,28779.01,28675,18406,28685,1111,28660,21159,28655,11111
2020-06-05 09:08:11.910000,28779.01,28670,18406,28680,1111,28655,21159,28650,10106
2020-06-05 09:08:12.980000,28712.47,28675,18406,28685,1111,28660,21159,28655,11111
2020-06-05 09:08:14.460000,28712.47,28675,18406,28685,1111,28660,21159,28655,11111
2020-06-05 09:08:15.600000,28712.47,28675,18406,28685,1111,28660,21159,28655,11111
2020-06-05 09:08:16.650000,28712.47,28680,18406,28690,1111,28665,21159,28660,10708
2020-06-05 09:08:17.690000,28712.47,28680,18406,28690,1111,28665,21159,28660,10708
2020-06-05 09:08:19.790000,28712.47,28675,18406,28685,1111,28660,21159,28655,11111
2020-06-05 09:08:20.830000,28712.47,28675,18406,28685,1111,28660,21159,28655,11111
2020-06-05 09:08:21.880000,28712.47,28670,18406,28680,1111,28655,21159,28650,10106
2020-06-05 09:08:23.990000,28730.44,28670,18406,28680,1111,28655,21159,28650,10106
2020-06-05 09:08:25.040000,28730.44,28675,18406,28685,1111,28660,21159,28655,11111
2020-06-05 09:08:26.080000,28730.44,28670,18406,28680,1111,28655,21159,28650,10106
2020-06-05 09:08:27.130000,28730.44,28675,18406,28685,1111,28660,21159,28655,11111
2020-06-05 09:08:27.770000,28730.44,28670,18406,28680,1111,28655,21159,28650,10106
2020-06-05 09:08:29.660000,28730.44,28675,18406,28685,1111,28660,21159,28655,11111
2020-06-05 09:08:30.800000,28730.44,28675,18406,28685,11111,28660,21159,28655,1111
2020-06-05 09:08:31.850000,28730.44,28670,18406,28680,1111,28655,21159,28650,10106
2020-06-05 09:08:32.330000,28721.27,28675,18406,28685,1111,28660,21159,28655,11111
2020-06-05 09:08:33.420000,28721.27,28675,18406,28685,1111,28660,21159,28655,11111
2020-06-05 09:08:34.470000,28721.27,28675,18406,28685,1111,28660,1111,28655,21159
2020-06-05 09:08:35.490000,28721.27,28675,18406,28680,1111,28660,21159,28655,11111
2020-06-05 09:08:35.860000,28721.27,28670,18406,28675,1111,28655,21159,28650,10106
2020-06-05 09:08:37.110000,28721.27,28675,18406,28680,1111,28660,21159,28655,11111
2020-06-05 09:08:38.120000,28721.27,28675,18406,28680,1111,28660,21159,28655,11111
2020-06-05 09:08:39.270000,28721.27,28680,18406,28685,1111,28665,1111,28660,21159
2020-06-05 09:08:40.300000,28721.27,28675,19517,28680,1111,28660,21159,28655,11111
2020-06-05 09:08:42.760000,28729.08,28680,19517,28685,1111,28665,21159,28660,10708
2020-06-05 09:08:44.470000,28729.08,28675,19517,28680,1111,28660,21159,28655,11111
2020-06-05 09:08:47.110000,28729.08,28675,19517,28680,1111,28660,21159,28655,11111
2020-06-05 09:08:48.620000,28729.08,28670,19517,28675,1111,28655,21159,28650,10106
2020-06-05 09:08:49.710000,28729.08,28670,19517,28675,1111,28655,21159,28650,10106
2020-06-05 09:08:50.760000,28729.08,28675,19517,28680,1111,28660,21159,28655,11111
2020-06-05 09:08:52.960000,28735.92,28680,19517,28685,1111,28665,21159,28660,10708
2020-06-05 09:08:53.820000,28735.92,28675,19517,28680,1111,28660,21159,28655,11111
2020-06-05 09:08:55.430000,28735.92,28680,19517,28685,1111,28665,21159,28660,10708
2020-06-05 09:08:56.600000,28735.92,28685,19517,28690,1111,28670,21159,28665,11110
2020-06-05 09:08:57.640000,28735.92,28690,19517,28695,1111,28675,21159,28670,11111
2020-06-05 09:08:58.070000,28735.92,28690,1111,28695,19517,28675,21159,28670,11111
2020-06-05 09:08:59.210000,28735.92,28690,19517,28695,1111,28675,21159,28670,11111
2020-06-05 09:09:01.300000,28735.92,28695,19517,28700,1111,28680,21159,28675,10106
2020-06-05 09:09:02.310000,28735.92,28690,19517,28695,1111,28675,21159,28670,11111
2020-06-05 09:09:03.360000,28729.97,28695,19517,28700,1111,28680,21159,28675,10106
2020-06-05 09:09:03.890000,28729.97,28690,19517,28695,1111,28675,21159,28670,11111
2020-06-05 09:09:04.980000,28729.97,28695,19517,28700,1111,28680,21159,28675,10106
2020-06-05 09:09:08.660000,28729.97,28700,19517,28705,1111,28685,21159,28680,11111
2020-06-05 09:09:09.690000,28729.97,28705,19517,28710,1111,28690,21159,28685,10708
2020-06-05 09:09:10.220000,28729.97,28700,19517,28705,1111,28685,21159,28680,11111
2020-06-05 09:09:17.060000,28745.66,28705,19517,28710,1111,28690,21159,28685,10708
2020-06-05 09:09:20.170000,28745.66,28705,19517,28710,1111,28690,21159,28685,10708
2020-06-05 09:09:22.260000,28745.66,28715,19517,28720,1111,28700,21159,28695,11111
2020-06-05 09:09:23.310000,28758.92,28715,19517,28720,1111,28700,21159,28695,11111
2020-06-05 09:09:24.760000,28758.92,28715,19517,28720,1111,28700,21159,28695,11111
2020-06-05 09:09:25.950000,28758.92,28710,19517,28715,1111,28695,21159,28690,11110
2020-06-05 09:09:26.490000,28758.92,28715,19517,28720,1111,28700,21159,28695,11111
2020-06-05 09:09:27.490000,28758.92,28720,19517,28725,1111,28705,21159,28700,10106
2020-06-05 09:09:28.160000,28758.92,28715,19517,28720,1111,28700,21159,28695,11111
2020-06-05 09:09:29.100000,28758.92,28715,19517,28720,1111,28700,21159,28695,11111
2020-06-05 09:09:33.120000,28772.73,28715,19517,28720,1111,28700,21159,28695,11111
2020-06-05 09:09:34.920000,28772.73,28715,19517,28720,1111,28700,21159,28695,11111
2020-06-05 09:09:37.700000,28772.73,28710,19517,28715,1111,28695,21159,28690,11110
2020-06-05 09:09:38.330000,28772.73,28715,19517,28720,1111,28700,21159,28695,11111
2020-06-05 09:09:39.280000,28772.73,28715,19517,28720,1111,28700,21159,28695,1111
2020-06-05 09:09:40.330000,28772.73,28710,19517,28715,1111,28695,21159,28690,11109
2020-06-05 09:09:40.920000,28772.73,28710,19517,28715,1111,28695,21159,28690,11109
2020-06-05 09:09:43.890000,28776.89,28715,19517,28720,1111,28700,21158,28695,11111
2020-06-05 09:09:44.680000,28776.89,28715,19517,28720,1111,28700,21158,28695,11111
2020-06-05 09:09:51.450000,28776.89,28715,19517,28720,1111,28700,21158,28695,11111
2020-06-05 09:09:51.850000,28776.89,28710,19517,28715,1111,28695,21159,28690,11109
2020-06-05 09:09:54.570000,28781.57,28710,19517,28715,1111,28695,21159,28690,11109
2020-06-05 09:09:55.100000,28781.57,28710,19517,28715,1111,28695,21159,28690,11109
2020-06-05 09:09:55.990000,28781.57,28710,19517,28715,1111,28695,21159,28690,11109
2020-06-05 09:09:57.870000,28781.57,28710,19517,28715,1111,28695,1111,28690,21158
2020-06-05 09:09:59.060000,28781.57,28715,19517,28720,1111,28700,21158,28695,11111
2020-06-05 09:10:00.160000,28781.57,28715,19517,28720,1111,28700,21158,28695,11111
2020-06-05 09:10:02.140000,28781.57,28715,19517,28720,1111,28700,21158,28695,11111
2020-06-05 09:10:03.170000,28756.41,28700,1737,28705,19517,28690,21158,28685,10708
2020-06-05 09:10:04.220000,28756.41,28700,1737,28710,19517,28695,21159,28690,11109
2020-06-05 09:10:05.280000,28756.41,28710,19517,28715,1111,28695,22759,28690,11109
2020-06-05 09:10:06.310000,28756.41,28710,19517,28715,1111,28695,22759,28690,11109
2020-06-05 09:10:07.910000,28756.41,28715,19517,28720,1111,28700,21158,28695,12711
2020-06-05 09:10:08.220000,28756.41,28715,19517,28720,1111,28700,21158,28695,12711
2020-06-05 09:10:09.470000,28756.41,28715,18406,28720,1111,28705,1111,28700,21158
2020-06-05 09:10:10.520000,28756.41,28720,19517,28725,1111,28705,21159,28700,10105
2020-06-05 09:10:13.140000,28776.51,28715,19517,28720,1111,28700,21158,28695,12711
2020-06-05 09:10:13.620000,28776.51,28720,19517,28725,1111,28705,1111,28700,21158
2020-06-05 09:10:14.700000,28776.51,28720,19517,28725,1111,28705,21159,28700,10105
2020-06-05 09:10:15.750000,28776.51,28715,19517,28720,1111,28700,21158,28695,12711
2020-06-05 09:10:16.280000,28776.51,28720,19517,28725,1111,28705,21159,28700,10105
2020-06-05 09:10:18.900000,28776.51,28725,19517,28730,1111,28710,21158,28705,11111
2020-06-05 09:10:19.950000,28776.51,28725,19517,28730,1111,28710,21158,28705,11111
2020-06-05 09:10:21.390000,28776.51,28720,19517,28725,1111,28705,21159,28700,10105
2020-06-05 09:10:22.320000,28759.44,28725,19517,28730,1111,28710,21158,28705,11111
2020-06-05 09:10:23.260000,28759.44,28735,19517,28740,1111,28720,21158,28715,11110
2020-06-05 09:10:24.260000,28759.44,28730,19517,28735,1111,28715,21159,28710,10707
2020-06-05 09:10:25.320000,28759.44,28730,1111,28735,19517,28715,21159,28710,10707
2020-06-05 09:10:26.360000,28759.44,28735,19517,28740,1111,28720,21158,28715,11110
2020-06-05 09:10:27.400000,28759.44,28735,19517,28740,1111,28720,21158,28715,11110
2020-06-05 09:10:28.470000,28759.44,28735,19517,28740,1111,28720,21158,28715,11110
2020-06-05 09:10:29.860000,28759.44,28735,19517,28740,1111,28720,21158,28715,11110
2020-06-05 09:10:32.640000,28795.29,28730,19517,28735,1111,28715,21159,28710,10707
2020-06-05 09:10:34.210000,28795.29,28730,19517,28735,1111,28715,21159,28710,10707
2020-06-05 09:10:35.800000,28795.29,28730,19517,28735,1111,28715,21159,28710,10707
2020-06-05 09:10:37.910000,28795.29,28725,19517,28730,1111,28710,21158,28705,11111
2020-06-05 09:10:40.090000,28795.29,28725,19517,28730,1111,28710,21158,28705,11111
2020-06-05 09:10:41.090000,28795.29,28725,19517,28730,1111,28710,21158,28705,11111
2020-06-05 09:10:42.130000,28795.29,28725,19517,28730,1111,28710,21158,28705,11111
2020-06-05 09:10:44.400000,28798.47,28725,19517,28730,1111,28710,21158,28705,11111
2020-06-05 09:10:46.340000,28798.47,28730,19517,28735,1111,28715,21159,28710,10707
2020-06-05 09:10:46.960000,28798.47,28725,19517,28730,1111,28710,21158,28705,11111
2020-06-05 09:10:47.900000,28798.47,28730,23406,28735,5000,28715,25048,28710,14597
2020-06-05 09:10:51.570000,28798.47,28730,23406,28735,5000,28715,25048,28710,14597
2020-06-05 09:10:53.580000,28796.95,28725,23406,28730,5000,28710,25048,28705,15000
2020-06-05 09:10:54.720000,28796.95,28725,23406,28730,5000,28710,25048,28705,15000
2020-06-05 09:10:55.770000,28796.95,28720,23406,28725,5000,28705,25048,28700,13995
2020-06-05 09:10:56.820000,28796.95,28725,23406,28730,5000,28710,25048,28705,15000
2020-06-05 09:10:57.860000,28796.95,28730,23406,28735,5000,28715,25048,28710,14597
2020-06-05 09:10:58.910000,28796.95,28730,23406,28735,5000,28715,25048,28710,14597
2020-06-05 09:10:59.960000,28796.95,28730,5000,28735,23406,28720,20048,28715,14999
2020-06-05 09:11:01.000000,28796.95,28730,23406,28735,5000,28715,25048,28710,14597
2020-06-05 09:11:02.020000,28796.95,28735,23406,28740,5000,28720,25048,28715,14999
2020-06-05 09:11:03.110000,28799.01,28730,23406,28735,5000,28715,25048,28710,14597
2020-06-05 09:11:05.190000,28799.01,28730,23406,28735,5000,28715,25048,28710,14597
2020-06-05 09:11:05.600000,28799.01,28725,23406,28730,5000,28710,25048,28705,15000
2020-06-05 09:11:06.810000,28799.01,28730,23406,28735,5000,28715,25048,28710,14597
2020-06-05 09:11:10.300000,28799.01,28730,23406,28735,5000,28715,25048,28710,14597
2020-06-05 09:11:11.110000,28799.01,28725,23406,28730,5000,28710,25048,28705,15000
2020-06-05 09:11:12.090000,28799.01,28730,23406,28735,5000,28715,25048,28710,14597
2020-06-05 09:11:14.230000,28792.12,28725,23406,28730,5000,28710,25048,28705,15000
2020-06-05 09:11:16.650000,28792.12,28725,23406,28730,5000,28710,25041,28705,15000
2020-06-05 09:11:18.470000,28792.12,28730,23406,28735,5000,28715,25048,28710,14590
2020-06-05 09:11:21.110000,28792.12,28730,23406,28735,5000,28715,25048,28710,14590
2020-06-05 09:11:22.170000,28792.12,28735,23406,28740,5000,28720,4993,28715,25048
2020-06-05 09:11:23.230000,28800.81,28730,23406,28735,5000,28715,25048,28710,14590
2020-06-05 09:11:30.120000,28800.81,28725,23406,28730,5000,28710,25041,28705,15000
2020-06-05 09:11:31.170000,28800.81,28720,23406,28725,5000,28705,25048,28700,13988
2020-06-05 09:11:32.230000,28800.81,28725,23406,28730,5000,28710,25041,28705,15000
2020-06-05 09:11:34.320000,28803.64,28725,23406,28730,5000,28710,25041,28705,15000
2020-06-05 09:11:37.880000,28803.64,28730,23406,28735,5000,28715,25048,28710,14590
2020-06-05 09:11:39.100000,28803.64,28735,23406,28740,5000,28720,25041,28715,14999
2020-06-05 09:11:41.220000,28803.64,28735,23406,28740,5000,28720,25041,28715,14999
2020-06-05 09:11:41.720000,28803.64,28735,23406,28740,5000,28720,25041,28715,14999
2020-06-05 09:11:43.830000,28781.97,28735,23406,28740,5000,28720,25041,28715,14999
2020-06-05 09:11:46.460000,28781.97,28740,23406,28745,5000,28725,25048,28720,14993
2020-06-05 09:11:48.550000,28781.97,28735,23406,28740,5000,28720,25041,28715,14999
2020-06-05 09:11:51.690000,28781.97,28740,23406,28745,5000,28725,25048,28720,14993
2020-06-05 09:11:53.630000,28802.92,28745,23406,28750,5000,28730,25041,28725,13995
2020-06-05 09:11:55.890000,28802.92,28745,23406,28750,5000,28730,25041,28725,13995
2020-06-05 09:11:58.550000,28802.92,28750,23406,28755,5000,28735,25048,28730,14993
2020-06-05 09:11:59.580000,28802.92,28755,23406,28760,5000,28740,25041,28735,14597
2020-06-05 09:12:00.060000,28802.92,28750,23406,28755,5000,28735,25048,28730,14993
2020-06-05 09:12:01.200000,28802.92,28745,23406,28750,5000,28730,25041,28725,13995
2020-06-05 09:12:02.250000,28802.92,28750,23406,28755,5000,28735,25048,28730,14993
2020-06-05 09:12:06.000000,28818.42,28750,23406,28755,5000,28735,25048,28730,14993
2020-06-05 09:12:07.510000,28818.42,28755,23406,28760,5000,28740,25041,28735,14597
2020-06-05 09:12:07.970000,28818.42,28755,23406,28760,5000,28740,25041,28735,14597
2020-06-05 09:12:09.110000,28818.42,28750,23406,28755,5000,28735,25048,28730,14993
2020-06-05 09:12:10.120000,28818.42,28750,23406,28755,5000,28735,25048,28730,14993
2020-06-05 09:12:10.560000,28818.42,28750,23406,28755,5000,28735,25048,28730,14993
2020-06-05 09:12:12.780000,28804.02,28755,23406,28760,5000,28740,25041,28735,14597
2020-06-05 09:12:13.780000,28804.02,28755,23406,28760,5000,28740,25041,28735,14597
2020-06-05 09:12:16.560000,28804.02,28750,18406,28755,5000,28740,4993,28735,25048
2020-06-05 09:12:17.530000,28804.02,28750,23406,28755,5000,28735,25048,28730,14993
2020-06-05 09:12:21.180000,28804.02,28750,18406,28755,5000,28740,4993,28735,25048
2020-06-05 09:12:22.230000,28826.02,28750,23406,28755,5000,28735,25048,28730,14993
2020-06-05 09:12:22.660000,28826.02,28755,23406,28760,5000,28740,25041,28735,14597
2020-06-05 09:12:23.800000,28826.02,28755,23406,28760,5000,28740,25041,28735,14597
2020-06-05 09:12:24.850000,28826.02,28755,23406,28760,5000,28740,25041,28735,14597
2020-06-05 09:12:28.020000,28826.02,28755,23406,28760,5000,28740,35040,28735,14597
2020-06-05 09:12:29.040000,28826.02,28755,23406,28760,5000,28740,25041,28735,14597
2020-06-05 09:12:31.130000,28826.02,28760,23406,28765,5000,28745,5000,28740,25041
2020-06-05 09:12:31.600000,28826.02,28755,23406,28760,5000,28740,25041,28735,14597
2020-06-05 09:12:32.740000,28833.88,28755,23406,28760,5000,28740,25041,28735,14597
2020-06-05 09:12:33.780000,28833.88,28760,23406,28765,5000,28745,25048,28740,14992
2020-06-05 09:12:35.890000,28833.88,28760,23406,28765,5000,28745,25048,28740,14992
2020-06-05 09:12:39.710000,28833.88,28765,23406,28770,5000,28750,25041,28745,15000
2020-06-05 09:12:40.620000,28833.88,28765,23406,28770,5000,28750,25041,28745,15000
2020-06-05 09:12:46.290000,28831.68,28765,18406,28770,5000,28755,5000,28750,25041
2020-06-05 09:12:47.490000,28831.68,28770,23406,28775,5000,28755,25048,28750,13988
2020-06-05 09:12:50.120000,28831.68,28770,23406,28775,5000,28755,25048,28750,13988
2020-06-05 09:12:52.790000,28815.21,28770,23406,28775,5000,28755,25048,28750,13988
2020-06-05 09:12:54.320000,28815.21,28775,23406,28780,5000,28760,25041,28755,15000
2020-06-05 09:12:56.660000,28815.21,28770,23406,28775,5000,28755,25048,28750,13988
2020-06-05 09:12:57.550000,28815.21,28775,23406,28780,5000,28760,25041,28755,15000
2020-06-05 09:12:58.580000,28815.21,28770,5000,28775,23406,28760,20048,28755,5000
2020-06-05 09:12:59.650000,28815.21,28775,23406,28780,5000,28760,25048,28755,14993
2020-06-05 09:13:00.130000,28815.21,28770,23406,28775,5000,28755,25041,28750,13995
2020-06-05 09:13:02.800000,28842.25,28765,23406,28770,5000,28750,25048,28745,14993
2020-06-05 09:13:03.190000,28842.25,28770,23406,28775,5000,28755,25041,28750,13995
2020-06-05 09:13:05.460000,28842.25,28770,23406,28775,5000,28755,25041,28750,13995
2020-06-05 09:13:05.960000,28842.25,28775,23406,28780,5000,28760,25048,28755,14993
2020-06-05 09:13:10.330000,28842.25,28770,23406,28775,5000,28755,25041,28750,13995
2020-06-05 09:13:11.280000,28842.25,28765,23406,28770,5000,28750,25048,28745,14993
2020-06-05 09:13:12.450000,28858.48,28760,18406,28765,5000,28750,25048,28745,14993
2020-06-05 09:13:13.670000,28858.48,28755,23406,28760,5000,28740,25048,28735,14590
2020-06-05 09:13:14.820000,28858.48,28755,23406,28760,5000,28740,25048,28735,14590
2020-06-05 09:13:15.950000,28858.48,28760,23406,28765,5000,28745,25041,28740,14999
2020-06-05 09:13:16.950000,28858.48,28760,23406,28765,5000,28745,4993,28740,25048
2020-06-05 09:13:17.950000,28858.48,28760,23406,28765,5000,28745,25041,28740,14999
2020-06-05 09:13:20.050000,28858.48,28760,23406,28765,5000,28745,25041,28740,14999
2020-06-05 09:13:21.090000,28858.48,28760,23406,28765,5000,28745,25041,28740,14999
2020-06-05 09:13:22.670000,28810.01,28755,23406,28760,5000,28740,25048,28735,14590
2020-06-05 09:13:26.890000,28810.01,28750,23406,28755,5000,28735,25041,28730,15000
2020-06-05 09:13:28.360000,28810.01,28750,23406,28755,5000,28735,25041,28730,15000
2020-06-05 09:13:29.530000,28810.01,28755,23406,28760,5000,28740,25048,28735,14590
2020-06-05 09:13:31.080000,28810.01,28755,23406,28760,5000,28740,25048,28735,14590
2020-06-05 09:13:34.710000,28811.49,28755,23406,28760,5000,28740,25048,28735,14590
2020-06-05 09:13:36.310000,28811.49,28750,23406,28755,5000,28735,25041,28730,15000
2020-06-05 09:13:37.850000,28811.49,28745,23406,28750,5000,28730,25048,28725,13988
2020-06-05 09:13:38.990000,28811.49,28755,23406,28760,5000,28740,25048,28735,14590
2020-06-05 09:13:40.040000,28811.49,28750,23406,28755,5000,28735,25041,28730,15000
2020-06-05 09:13:42.130000,28811.49,28750,23406,28755,5000,28735,25041,28730,15000
2020-06-05 09:13:43.180000,28810.19,28755,23406,28760,5000,28740,25041,28735,14999
2020-06-05 09:13:45.230000,28810.19,28750,23406,28755,5000,28735,25048,28730,14993
2020-06-05 09:13:46.340000,28810.19,28745,23406,28750,5000,28730,25041,28725,13995
2020-06-05 09:13:47.870000,28810.19,28740,23406,28745,5000,28725,25048,28720,14993
2020-06-05 09:13:48.960000,28810.19,28740,23406,28745,5000,28725,25048,28720,14993
2020-06-05 09:13:50.520000,28810.19,28735,23406,28740,5000,28720,25041,28715,14597
2020-06-05 09:13:52.080000,28810.19,28740,23406,28745,5000,28725,25048,28720,14993
2020-06-05 09:13:52.550000,28813.69,28735,23406,28740,5000,28720,25041,28715,14597
2020-06-05 09:13:53.360000,28813.69,28735,23406,28740,5000,28720,25041,28715,14597
2020-06-05 09:13:54.260000,28813.69,28740,23406,28745,5000,28725,25048,28720,14993
2020-06-05 09:13:55.300000,28813.69,28735,23406,28740,5000,28720,25041,28715,14597
2020-06-05 09:13:56.330000,28813.69,28725,5,28735,23406,28720,25041,28715,14597
2020-06-05 09:13:56.790000,28813.69,28735,23406,28740,5000,28720,25041,28715,14597
2020-06-05 09:13:57.930000,28813.69,28730,23406,28735,5000,28715,25048,28710,14992
2020-06-05 09:13:58.390000,28813.69,28735,23406,28740,5000,28720,25041,28715,14597
2020-06-05 09:13:59.500000,28813.69,28735,23406,28740,5000,28720,25041,28715,14597
2020-06-05 09:14:00.550000,28813.69,28735,23406,28740,5000,28720,25041,28715,14597
2020-06-05 09:14:00.920000,28813.69,28740,23406,28745,5000,28725,25048,28720,14993
2020-06-05 09:14:02.140000,28805.2,28740,23406,28745,5000,28725,25048,28720,14993
2020-06-05 09:14:03.710000,28805.2,28745,23406,28750,5000,28730,25041,28725,13995
2020-06-05 09:14:04.750000,28805.2,28740,23406,28745,5000,28725,25048,28720,14993
2020-06-05 09:14:05.220000,28805.2,28745,23406,28750,5000,28730,25041,28725,13995
2020-06-05 09:14:06.330000,28805.2,28750,23406,28755,5000,28735,25048,28730,14993
2020-06-05 09:14:06.860000,28805.2,28755,23406,28760,5000,28740,25041,28735,14999
2020-06-05 09:14:07.910000,28805.2,28750,23406,28755,5000,28735,25048,28730,14993
2020-06-05 09:14:08.970000,28805.2,28750,23406,28755,5000,28735,25048,28730,14993
2020-06-05 09:14:09.980000,28805.2,28750,23406,28755,5000,28735,25048,28730,14993
2020-06-05 09:14:10.450000,28805.2,28750,23406,28755,5000,28735,25048,28730,14993
2020-06-05 09:14:12.060000,28805.2,28755,23406,28760,5000,28740,25041,28735,14999
2020-06-05 09:14:14.200000,28802.51,28760,23406,28765,5000,28745,25048,28740,14590
2020-06-05 09:14:15.220000,28802.51,28765,23406,28770,5000,28750,25041,28745,15000
2020-06-05 09:14:16.830000,28802.51,28755,23406,28760,5000,28740,25041,28735,14999
2020-06-05 09:14:22.020000,28814.02,28760,23406,28765,5000,28745,25048,28740,14590
2020-06-05 09:14:23.520000,28814.02,28755,18406,28760,5000,28745,5000,28740,25041
2020-06-05 09:14:24.500000,28814.02,28760,23406,28765,5000,28745,25048,28740,14590
2020-06-05 09:14:25.550000,28814.02,28755,23406,28760,5000,28740,25041,28735,14999
2020-06-05 09:14:25.820000,28814.02,28760,23406,28765,5000,28745,25048,28740,14590
2020-06-05 09:14:28.660000,28814.02,28760,23406,28765,5000,28745,25048,28740,14590
2020-06-05 09:14:28.990000,28814.02,28760,23406,28765,5000,28745,25048,28740,14590
2020-06-05 09:14:29.750000,28814.02,28760,23406,28765,5000,28745,25048,28740,14590
2020-06-05 09:14:34.420000,28828.51,28760,23406,28765,5000,28745,25048,28740,14590
2020-06-05 09:14:37.230000,28828.51,28760,23406,28765,5000,28745,25048,28740,14590
2020-06-05 09:14:38.780000,28828.51,28760,23406,28765,5000,28745,25048,28740,14590
2020-06-05 09:14:39.860000,28828.51,28760,23406,28765,5000,28745,25048,28740,14590
2020-06-05 09:14:42.920000,28836.23,28765,23406,28770,5000,28750,25041,28745,15000
2020-06-05 09:14:45.120000,28836.23,28760,23406,28765,5000,28745,25048,28740,14590
2020-06-05 09:14:45.400000,28836.23,28765,23406,28770,5000,28750,25041,28745,15000
2020-06-05 09:14:46.190000,28836.23,28760,23406,28765,5000,28745,25048,28740,14590
2020-06-05 09:14:47.230000,28836.23,28755,23406,28760,5000,28740,25041,28735,14999
2020-06-05 09:14:49.520000,28836.23,28750,23406,28755,5000,28735,25048,28730,14993
2020-06-05 09:14:50.460000,28836.23,28750,23406,28755,5000,28735,25048,28730,14993
2020-06-05 09:14:51.540000,28836.23,28760,23406,28765,5000,28745,25048,28740,14590
2020-06-05 09:14:53.130000,28828.27,28760,23406,28765,5000,28745,25048,28740,14590
2020-06-05 09:14:54.180000,28828.27,28765,23406,28770,5000,28750,25041,28745,15000
2020-06-05 09:14:54.470000,28828.27,28760,23406,28765,5000,28745,25048,28740,14590
2020-06-05 09:14:55.320000,28828.27,28765,23406,28770,5000,28750,25041,28745,15000
2020-06-05 09:14:56.330000,28828.27,28770,23406,28775,5000,28755,25048,28750,13988
2020-06-05 09:14:57.400000,28828.27,28765,23406,28770,5000,28750,25041,28745,15000
2020-06-05 09:14:58.440000,28828.27,28760,18406,28765,5000,28750,4993,28745,35048
2020-06-05 09:14:58.750000,28828.27,28770,23406,28775,5000,28755,5000,28750,25035
2020-06-05 09:14:59.680000,28828.27,28770,23406,28775,5000,28755,25048,28750,13982
2020-06-05 09:15:02.320000,28834.52,28770,23406,28775,5000,28755,25048,28750,13982
2020-06-05 09:15:04.510000,28834.52,28775,23406,28780,5000,28760,25035,28755,15000
2020-06-05 09:15:05.400000,28834.52,28780,23406,28785,5010,28765,25048,28760,14986
2020-06-05 09:15:06.460000,28834.52,28775,23406,28780,5000,28760,25035,28755,15000
2020-06-05 09:15:07.490000,28834.52,28770,23406,28775,5000,28755,25048,28750,13982
2020-06-05 09:15:11.200000,28834.52,28765,23406,28770,5000,28750,25035,28745,15000
2020-06-05 09:15:12.650000,28828.23,28760,23406,28765,5000,28745,25048,28740,14584
2020-06-05 09:15:13.820000,28828.23,28760,23406,28765,5000,28745,25048,28740,14584
2020-06-05 09:15:14.850000,28828.23,28765,23406,28770,5000,28750,25035,28745,15000
2020-06-05 09:15:16.960000,28828.23,28765,23406,28770,5000,28750,25035,28745,15000
2020-06-05 09:15:17.460000,28828.23,28765,23406,28770,5000,28750,25035,28745,15000
2020-06-05 09:15:20.100000,28828.23,28765,23406,28770,5000,28750,25035,28745,15000
2020-06-05 09:15:23.250000,28832.97,28760,23406,28765,5000,28745,25048,28740,14584
2020-06-05 09:15:25.350000,28832.97,28765,23406,28770,5000,28750,25035,28745,15000
2020-06-05 09:15:26.690000,28832.97,28760,23406,28765,5000,28745,25048,28740,14584
2020-06-05 09:15:29.530000,28832.97,28760,18406,28765,5000,28750,4987,28745,25048
2020-06-05 09:15:30.050000,28832.97,28760,23406,28765,5000,28745,25048,28740,14584
2020-06-05 09:15:33.190000,28826.13,28755,23406,28760,5000,28740,25035,28735,14999
2020-06-05 09:15:34.250000,28826.13,28750,23406,28755,5000,28735,25048,28730,14987
2020-06-05 09:15:35.630000,28826.13,28750,23406,28755,5000,28735,25048,28730,14987
2020-06-05 09:15:36.450000,28826.13,28745,23406,28750,5000,28730,25035,28725,13995
2020-06-05 09:15:38.450000,28826.13,28740,23406,28745,5000,28725,25048,28720,14987
2020-06-05 09:15:39.720000,28826.13,28745,23406,28750,5000,28730,25035,28725,13995
2020-06-05 09:15:42.850000,28821.58,28745,23406,28750,5000,28730,25035,28725,13995
2020-06-05 09:15:46.930000,28821.58,28750,23406,28755,5000,28735,25048,28730,14987
2020-06-05 09:15:47.990000,28821.58,28745,23406,28750,5000,28730,25035,28725,13995
2020-06-05 09:15:49.570000,28821.58,28745,23406,28750,5000,28730,25035,28725,13995
2020-06-05 09:15:54.660000,28800.35,28740,23406,28745,5000,28725,25048,28720,14987
2020-06-05 09:15:57.550000,28800.35,28735,23406,28740,5000,28720,25035,28715,14597
2020-06-05 09:15:58.520000,28800.35,28735,23406,28740,5000,28720,25035,28715,14597
2020-06-05 09:15:59.550000,28800.35,28735,23406,28740,5000,28720,25035,28715,14597
2020-06-05 09:16:02.700000,28796.28,28735,23406,28740,5000,28720,25035,28715,14597
2020-06-05 09:16:04.810000,28796.28,28740,23406,28745,5000,28725,25048,28720,14987
2020-06-05 09:16:07.860000,28796.28,28740,23406,28745,5000,28725,25048,28720,14987
2020-06-05 09:16:09.030000,28796.28,28735,23406,28740,5000,28720,25035,28715,14597
2020-06-05 09:16:09.510000,28796.28,28740,23406,28745,5000,28725,25048,28720,14987
2020-06-05 09:16:10.620000,28796.28,28750,23406,28755,5000,28735,25048,28730,14987
2020-06-05 09:16:11.260000,28796.28,28755,23406,28760,5000,28740,25035,28735,14999
2020-06-05 09:16:13.260000,28766.94,28765,23406,28770,5000,28750,25035,28745,15000
2020-06-05 09:16:14.290000,28766.94,28765,23406,28770,5000,28750,25035,28745,15000
2020-06-05 09:16:18.000000,28766.94,28760,23406,28765,5000,28745,25048,28740,14584
2020-06-05 09:16:21.530000,28766.94,28760,23406,28765,5000,28745,25048,28740,14584
2020-06-05 09:16:22.700000,28777.09,28755,23406,28760,5000,28740,25035,28735,14999
2020-06-05 09:16:25.060000,28777.09,28750,23406,28755,5000,28735,5000,28730,25035
2020-06-05 09:16:25.960000,28777.09,28745,23406,28750,5000,28730,25035,28725,13995
2020-06-05 09:16:26.960000,28777.09,28745,23406,28750,5000,28730,25035,28725,13995
2020-06-05 09:16:28.020000,28777.09,28745,23406,28750,5000,28730,25035,28725,13995
2020-06-05 09:16:28.400000,28777.09,28740,23406,28745,5000,28725,25048,28720,15027
2020-06-05 09:16:29.590000,28777.09,28740,23406,28745,5000,28725,25048,28720,15027
2020-06-05 09:16:31.200000,28777.09,28735,23406,28740,5000,28720,25075,28715,14597
2020-06-05 09:16:32.460000,28771.89,28730,23406,28735,5000,28720,40,28715,25048
2020-06-05 09:16:33.300000,28771.89,28735,23406,28740,5000,28720,25075,28715,14597
2020-06-05 09:16:33.910000,28771.89,28730,23406,28735,5000,28720,40,28715,25048
2020-06-05 09:16:37.760000,28771.89,28735,23406,28740,5000,28720,25075,28715,14597
2020-06-05 09:16:39.580000,28771.89,28730,23406,28735,5000,28720,40,28715,25048
2020-06-05 09:16:39.930000,28771.89,28730,23406,28735,5000,28720,40,28715,25048
2020-06-05 09:16:40.680000,28771.89,28730,23406,28735,5000,28720,40,28715,25048
2020-06-05 09:16:43.520000,28767.56,28730,23406,28735,5000,28720,40,28715,25048
2020-06-05 09:16:46.850000,28767.56,28725,23406,28730,5000,28710,25035,28705,15000
2020-06-05 09:16:48.600000,28767.56,28720,23406,28725,5000,28705,25048,28700,13982
2020-06-05 09:16:49.610000,28767.56,28725,23406,28730,5000,28710,25035,28705,15000
2020-06-05 09:16:49.950000,28767.56,28720,23406,28725,5000,28705,25048,28700,13982
2020-06-05 09:16:51.240000,28767.56,28715,23406,28720,5000,28700,25035,28695,16600
2020-06-05 09:16:53.160000,28764.72,28710,23406,28715,5000,28695,26648,28690,14584
2020-06-05 09:16:53.890000,28764.72,28715,23406,28720,5000,28700,25035,28695,16600
2020-06-05 09:16:54.950000,28764.72,28705,23406,28710,5000,28695,1600,28690,25035
2020-06-05 09:16:55.360000,28764.72,28710,23406,28715,5000,28695,26648,28690,14584
2020-06-05 09:16:56.500000,28764.72,28710,23406,28715,5000,28695,26648,28690,14584
2020-06-05 09:16:56.800000,28764.72,28710,23406,28715,5000,28695,26648,28690,14584
2020-06-05 09:17:00.760000,28764.72,28705,23406,28710,5000,28690,25035,28685,14999
2020-06-05 09:17:01.810000,28764.72,28710,23406,28715,5000,28695,25048,28690,14584
2020-06-05 09:17:03.390000,28752.88,28710,23406,28715,5000,28695,25048,28690,14584
2020-06-05 09:17:03.700000,28752.88,28705,23406,28710,5000,28690,25035,28685,14999
2020-06-05 09:17:07.360000,28752.88,28700,23406,28705,5000,28685,25048,28680,14987
2020-06-05 09:17:08.180000,28752.88,28700,23406,28705,5000,28685,25048,28680,14987
2020-06-05 09:17:09.710000,28752.88,28695,23406,28700,5000,28680,25035,28675,13995
2020-06-05 09:17:10.790000,28752.88,28695,23406,28700,5000,28680,25035,28675,13995
2020-06-05 09:17:16.170000,28734.99,28700,23406,28705,5000,28685,25048,28680,14987
2020-06-05 09:17:18.120000,28734.99,28700,23406,28705,5000,28685,25048,28680,14987
2020-06-05 09:17:18.310000,28734.99,28700,23406,28705,5000,28685,25048,28680,14987
2020-06-05 09:17:21.300000,28734.99,28700,23406,28705,5000,28685,25048,28680,14987
2020-06-05 09:17:22.480000,28729.23,28705,23406,28710,5000,28690,25035,28685,14999
2020-06-05 09:17:23.410000,28729.23,28705,23406,28710,5000,28690,4987,28685,25048
2020-06-05 09:17:23.880000,28729.23,28705,23406,28710,5000,28690,4987,28685,25048
2020-06-05 09:17:24.490000,28729.23,28705,23406,28710,5000,28690,25035,28685,14999
2020-06-05 09:17:25.520000,28729.23,28700,23406,28705,5000,28685,25048,28680,14987
2020-06-05 09:17:25.760000,28729.23,28705,23406,28710,5000,28690,25035,28685,14999
2020-06-05 09:17:26.570000,28729.23,28700,23406,28705,5000,28685,25048,28680,14987
2020-06-05 09:17:27.580000,28729.23,28705,23406,28710,5000,28690,25035,28685,14999
2020-06-05 09:17:27.790000,28729.23,28705,23406,28710,5000,28690,25035,28685,14999
2020-06-05 09:17:28.660000,28729.23,28700,23406,28705,5000,28685,25048,28680,14987
2020-06-05 09:17:29.160000,28729.23,28705,23406,28710,5000,28690,25035,28685,14999
2020-06-05 09:17:30.610000,28729.23,28710,23406,28715,5000,28695,25048,28690,14584
2020-06-05 09:17:32.160000,28729.23,28710,23406,28715,5000,28695,25048,28690,14584
2020-06-05 09:17:33.390000,28728.59,28710,23406,28715,5000,28695,25048,28690,14584
2020-06-05 09:17:36.310000,28728.59,28715,23406,28720,5000,28700,25035,28695,15000
2020-06-05 09:17:39.660000,28728.59,28720,23406,28725,5000,28705,25048,28700,13982
2020-06-05 09:17:40.450000,28728.59,28715,5000,28720,23406,28700,25035,28695,15000
2020-06-05 09:17:41.310000,28728.59,28720,23406,28725,5000,28705,25048,28700,13982
2020-06-05 09:17:45.000000,28747.31,28725,23406,28730,5000,28710,25035,28705,15000
2020-06-05 09:17:45.360000,28747.31,28720,23406,28725,5000,28705,25048,28700,13982
2020-06-05 09:17:46.580000,28747.31,28720,23406,28725,5000,28705,25048,28700,13982
2020-06-05 09:17:46.950000,28747.31,28720,23406,28725,5000,28705,25048,28700,13982
2020-06-05 09:17:51.290000,28747.31,28720,23406,28725,5000,28705,5000,28700,25035
2020-06-05 09:17:52.360000,28747.31,28715,23406,28720,5000,28700,25035,28695,15000
2020-06-05 09:17:52.860000,28746.7,28715,23406,28720,5000,28700,25035,28695,15000
2020-06-05 09:17:54.200000,28746.7,28720,23406,28725,5000,28705,25048,28700,13982
2020-06-05 09:17:54.980000,28746.7,28715,18406,28720,5000,28705,5000,28700,25035
2020-06-05 09:17:56.040000,28746.7,28715,23406,28720,5000,28700,25035,28695,15000
2020-06-05 09:17:56.530000,28746.7,28715,23406,28720,5000,28700,25035,28695,15000
2020-06-05 09:17:57.640000,28746.7,28710,18406,28715,5000,28700,4987,28695,25048
2020-06-05 09:17:57.920000,28746.7,28715,23406,28720,5000,28700,25035,28695,15000
2020-06-05 09:17:59.760000,28746.7,28715,23406,28720,5000,28700,25035,28695,15000
2020-06-05 09:18:02.380000,28760.15,28705,23406,28710,5000,28690,25035,28685,14999
2020-06-05 09:18:02.810000,28760.15,28710,23406,28715,5000,28695,25048,28690,14584
2020-06-05 09:18:05.480000,28760.15,28715,23406,28720,5000,28700,25035,28695,15000
2020-06-05 09:18:07.680000,28760.15,28720,23406,28725,5000,28705,25048,28700,13982
2020-06-05 09:18:08.960000,28760.15,28720,23406,28725,5000,28705,25048,28700,13982
2020-06-05 09:18:09.770000,28760.15,28725,23406,28730,5000,28710,25035,28705,15000
2020-06-05 09:18:11.870000,28760.15,28720,23406,28725,5000,28705,25048,28700,13982
2020-06-05 09:18:21.850000,28763.96,28720,23406,28725,5000,28705,25048,28700,13982
2020-06-05 09:18:23.220000,28766.72,28725,23406,28730,5000,28710,25035,28705,15000
2020-06-05 09:18:27.310000,28766.72,28725,23406,28730,5000,28710,25035,28705,15000
2020-06-05 09:18:28.060000,28766.72,28725,23406,28730,5000,28710,25035,28705,15000
2020-06-05 09:18:31.020000,28766.72,28720,23406,28725,5000,28705,25048,28700,13982
2020-06-05 09:18:31.780000,28766.72,28730,23406,28735,5000,28715,25048,28710,14986
2020-06-05 09:18:32.810000,28781.64,28725,23406,28730,5000,28710,25035,28705,15000
2020-06-05 09:18:33.280000,28781.64,28730,23406,28735,5000,28715,25048,28710,14986
2020-06-05 09:18:36.290000,28781.64,28725,23406,28730,5000,28710,25035,28705,15000
2020-06-05 09:18:36.950000,28781.64,28730,23406,28735,5000,28715,25048,28710,14986
2020-06-05 09:18:39.190000,28781.64,28725,5000,28730,23406,28715,20048,28710,4987
2020-06-05 09:18:40.210000,28781.64,28725,23406,28730,5000,28710,25035,28705,15000
2020-06-05 09:18:40.460000,28781.64,28725,23406,28730,5000,28710,25028,28705,15000
2020-06-05 09:18:41.760000,28781.64,28725,23406,28730,5000,28710,25028,28705,15000
2020-06-05 09:18:43.050000,28765.63,28720,23406,28725,5000,28705,25048,28700,13975
2020-06-05 09:18:43.970000,28765.63,28725,23406,28730,5000,28710,25028,28705,15000
2020-06-05 09:18:51.890000,28765.63,28725,23406,28730,5000,28710,4980,28705,25048
2020-06-05 09:18:52.160000,28770.99,28725,23406,28730,5000,28710,25028,28705,15000
2020-06-05 09:18:56.630000,28770.99,28720,23406,28725,5000,28705,25048,28700,13975
2020-06-05 09:18:56.850000,28770.99,28720,23406,28725,5000,28705,25048,28700,13975
2020-06-05 09:18:57.670000,28770.99,28720,23406,28725,5000,28705,25048,28700,13975
2020-06-05 09:18:59.800000,28770.99,28720,23406,28725,5000,28705,25048,28700,13975
2020-06-05 09:19:00.220000,28770.99,28715,23406,28720,5000,28700,25028,28695,15000
2020-06-05 09:19:00.860000,28770.99,28720,23406,28725,5000,28705,25048,28700,13975
2020-06-05 09:19:03.450000,28772.91,28720,23406,28725,5000,28705,25048,28700,13975
2020-06-05 09:19:06.610000,28772.91,28720,23406,28725,5000,28705,25048,28700,13975
2020-06-05 09:19:07.670000,28772.91,28725,23406,28730,5000,28710,25028,28705,15000
2020-06-05 09:19:08.060000,28772.91,28730,23406,28735,5000,28715,25048,28710,14979
2020-06-05 09:19:10.860000,28772.91,28725,23406,28730,5000,28710,25028,28705,15000
2020-06-05 09:19:12.710000,28774.63,28730,23406,28735,5000,28715,25048,28710,14979
2020-06-05 09:19:13.510000,28774.63,28725,23406,28730,5000,28710,25028,28705,15000
2020-06-05 09:19:14.570000,28774.63,28720,23406,28725,5000,28705,25048,28700,13975
2020-06-05 09:19:17.200000,28774.63,28715,23406,28720,5000,28700,25028,28695,15000
2020-06-05 09:19:17.680000,28774.63,28720,23406,28725,5000,28705,25048,28700,13975
2020-06-05 09:19:19.010000,28774.63,28715,23406,28720,5000,28700,25028,28695,15000
2020-06-05 09:19:21.590000,28755.11,28710,23406,28715,5000,28695,25048,28690,14577
2020-06-05 09:19:22.490000,28755.11,28710,23406,28715,5000,28695,25048,28690,14577
2020-06-05 09:19:23.560000,28755.11,28705,23406,28710,5000,28690,25028,28685,14999
2020-06-05 09:19:28.850000,28755.11,28705,23406,28710,5000,28690,25028,28685,14999
2020-06-05 09:19:29.900000,28755.11,28705,23406,28710,5000,28690,25028,28685,14999
2020-06-05 09:19:39.110000,28746.9,28705,23406,28710,5000,28690,25028,28685,14999
2020-06-05 09:19:39.870000,28746.9,28705,23406,28710,5000,28690,25028,28685,14999
2020-06-05 09:19:41.970000,28750.26,28700,23406,28705,5000,28685,25048,28680,14980
2020-06-05 09:19:43.360000,28750.26,28705,23406,28710,5000,28690,25028,28685,14999
2020-06-05 09:19:44.570000,28750.26,28705,23406,28710,5000,28690,4980,28685,25048
2020-06-05 09:19:44.790000,28750.26,28700,23406,28705,5000,28685,25048,28680,14980
2020-06-05 09:19:45.920000,28750.26,28705,23406,28710,5000,28690,25028,28685,14999
2020-06-05 09:19:46.710000,28750.26,28700,23406,28705,5000,28685,25048,28680,14980
2020-06-05 09:19:47.260000,28750.26,28705,23406,28710,5000,28690,25028,28685,14999
2020-06-05 09:19:51.430000,28750.26,28710,23406,28715,5000,28695,25048,28690,14577
2020-06-05 09:19:52.030000,28750.26,28705,23406,28710,5000,28690,25028,28685,14999
2020-06-05 09:19:52.990000,28750.69,28710,23406,28715,5000,28695,25048,28690,14577
2020-06-05 09:19:54.130000,28750.69,28715,23406,28720,5000,28700,25028,28695,15000
2020-06-05 09:19:55.450000,28750.69,28720,23406,28725,5000,28705,25048,28700,13975
2020-06-05 09:19:56.850000,28750.69,28715,23397,28720,5000,28700,25028,28695,15000
2020-06-05 09:19:57.710000,28750.69,28715,23397,28720,5000,28700,25028,28695,15000
2020-06-05 09:19:58.180000,28750.69,28715,23397,28720,5000,28700,25028,28695,15000
2020-06-05 09:19:59.290000,28750.69,28715,23397,28720,5000,28700,4980,28695,25048
2020-06-05 09:20:00.300000,28750.69,28710,23397,28715,5000,28695,25048,28690,14577
2020-06-05 09:20:01.900000,28750.69,28705,23397,28710,5000,28690,25028,28685,14999
2020-06-05 09:20:07.220000,28748.75,28710,23397,28715,5000,28695,25048,28690,14577
2020-06-05 09:20:08.520000,28748.75,28710,23397,28715,5000,28695,25048,28690,14577
2020-06-05 09:20:09.250000,28748.75,28705,5000,28710,23397,28695,20048,28690,4980
2020-06-05 09:20:10.300000,28748.75,28705,23397,28710,5000,28690,25028,28685,14999
2020-06-05 09:20:11.280000,28748.75,28710,23397,28715,5000,28695,25048,28690,14577
2020-06-05 09:20:11.580000,28748.75,28710,23397,28715,5000,28695,25048,28690,14577
2020-06-05 09:20:13.420000,28750.48,28715,23397,28720,5000,28700,25028,28695,15000
2020-06-05 09:20:14.470000,28750.48,28715,5000,28720,23397,28700,25028,28695,15000
2020-06-05 09:20:15.110000,28750.48,28720,23397,28725,5000,28705,25048,28700,13975
2020-06-05 09:20:17.140000,28750.48,28715,23397,28720,5000,28700,25028,28695,15000
2020-06-05 09:20:19.780000,28750.48,28710,23397,28715,5000,28695,25048,28690,14577
2020-06-05 09:20:29.770000,28769.44,28705,23397,28710,5000,28690,25028,28685,14999
2020-06-05 09:20:31.210000,28769.44,28700,23397,28705,5000,28685,25048,28680,14980
2020-06-05 09:20:34.460000,28752.79,28695,18397,28700,5000,28685,5000,28680,25028
2020-06-05 09:20:35.190000,28752.79,28705,23397,28710,5000,28690,25028,28685,14999
2020-06-05 09:20:36.190000,28752.79,28700,23397,28705,5000,28685,25048,28680,14980
2020-06-05 09:20:37.220000,28752.79,28700,23397,28705,5000,28685,25048,28680,14980
2020-06-05 09:20:40.190000,28752.79,28705,23397,28710,5000,28690,25028,28685,14999
2020-06-05 09:20:42.350000,28748.34,28705,23397,28710,5000,28690,4980,28685,35047
2020-06-05 09:20:43.080000,28748.34,28705,23397,28710,5000,28690,25028,28685,14999
2020-06-05 09:20:46.250000,28748.34,28710,23397,28715,5000,28695,25048,28690,14577
2020-06-05 09:20:46.660000,28748.34,28710,23397,28715,5000,28695,25048,28690,14577
2020-06-05 09:20:48.420000,28748.34,28715,23397,28720,5000,28700,25028,28695,15000
2020-06-05 09:20:51.970000,28748.34,28710,23397,28715,5000,28695,25048,28690,14577
2020-06-05 09:20:53.420000,28756.97,28715,23397,28720,5000,28700,25028,28695,15000
2020-06-05 09:20:54.110000,28756.97,28715,23397,28720,5000,28700,25028,28695,15000
2020-06-05 09:20:58.370000,28756.97,28720,23397,28725,5000,28705,25048,28700,13975
2020-06-05 09:20:58.860000,28756.97,28715,23397,28720,5000,28700,25028,28695,15000
2020-06-05 09:21:01.580000,28756.97,28720,23397,28725,5000,28705,25048,28700,13975
2020-06-05 09:21:01.950000,28756.97,28715,23397,28720,5000,28700,25028,28695,15000
2020-06-05 09:21:03.180000,28762.6,28710,23397,28715,5000,28695,25048,28690,14577
2020-06-05 09:21:04.460000,28762.6,28705,23397,28710,5000,28690,25028,28685,14999
2020-06-05 09:21:09.520000,28762.6,28710,23397,28715,5000,28695,25048,28690,14577
2020-06-05 09:21:09.780000,28762.6,28710,23397,28715,5000,28695,25048,28690,14577
2020-06-05 09:21:10.580000,28762.6,28710,23397,28715,5000,28695,5000,28690,25028
2020-06-05 09:21:11.630000,28762.6,28710,23397,28715,5000,28695,25048,28690,14577
2020-06-05 09:21:12.050000,28761.84,28705,23397,28710,5000,28690,25028,28685,14999
2020-06-05 09:21:14.520000,28761.84,28700,23397,28705,5000,28685,25048,28680,14980
2020-06-05 09:21:16.840000,28761.84,28700,23397,28705,5000,28685,25048,28680,14980
2020-06-05 09:21:23.120000,28746.75,28695,23397,28700,5000,28680,25028,28675,13995
2020-06-05 09:21:27.840000,28746.75,28700,23397,28705,5000,28685,25048,28680,14980
2020-06-05 09:21:29.930000,28746.75,28700,23397,28705,5000,28685,25048,28680,14980
2020-06-05 09:21:31.810000,28746.75,28695,23397,28700,5000,28680,25028,28675,13995
2020-06-05 09:21:34.750000,28742.71,28700,23397,28705,5000,28685,25048,28680,14980
2020-06-05 09:21:36.010000,28742.71,28695,23397,28700,5000,28680,25028,28675,13995
2020-06-05 09:21:38.040000,28742.71,28695,23397,28700,5000,28680,25028,28675,13995
2020-06-05 09:21:38.870000,28742.71,28695,23397,28700,5000,28680,25028,28675,13995
2020-06-05 09:21:39.850000,28742.71,28690,23397,28695,5000,28675,25048,28670,14980
2020-06-05 09:21:41.510000,28742.71,28685,5000,28690,23397,28675,20048,28670,14980
2020-06-05 09:21:41.960000,28742.71,28695,23397,28700,5000,28680,25028,28675,5000
2020-06-05 09:21:43.100000,28755.12,28690,23397,28695,5000,28675,25048,28670,14980
2020-06-05 09:21:44.150000,28755.12,28695,23397,28700,5000,28680,25028,28675,13995
2020-06-05 09:21:44.480000,28755.12,28695,5000,28700,23397,28680,25028,28675,13995
2020-06-05 09:21:45.700000,28755.12,28700,23397,28705,5000,28685,25048,28680,14980
2020-06-05 09:21:45.960000,28755.12,28705,23397,28710,5000,28690,25028,28685,14999
2020-06-05 09:21:49.150000,28755.12,28700,23397,28705,5000,28685,25048,28680,14980
2020-06-05 09:21:52.010000,28755.12,28700,23397,28705,5000,28685,25048,28680,14980
2020-06-05 09:21:52.990000,28737.77,28695,23397,28700,5000,28680,25028,28675,13995
2020-06-05 09:21:53.220000,28737.77,28695,23397,28700,5000,28680,25028,28675,5000
2020-06-05 09:21:54.100000,28737.77,28695,23397,28700,5000,28680,25028,28675,13995
2020-06-05 09:21:55.110000,28737.77,28695,23397,28700,5000,28680,4980,28675,25048
2020-06-05 09:21:55.380000,28737.77,28685,23397,28690,5000,28670,25028,28665,14597
2020-06-05 09:22:00.390000,28737.77,28675,23397,28680,5000,28660,25028,28655,15000
2020-06-05 09:22:00.850000,28737.77,28670,23397,28675,5000,28655,25048,28650,13975
2020-06-05 09:22:02.440000,28739.87,28670,23397,28675,5000,28655,25048,28650,13975
2020-06-05 09:22:04.660000,28739.87,28665,23397,28670,5000,28650,25028,28645,15001
2020-06-05 09:22:05.630000,28739.87,28675,23397,28680,5000,28660,25028,28655,15000
2020-06-05 09:22:07.480000,28739.87,28675,23397,28680,5000,28660,25028,28655,15000
2020-06-05 09:22:10.390000,28739.87,28670,23397,28675,5000,28655,25048,28650,13975
2020-06-05 09:22:11.450000,28739.87,28675,23397,28680,5000,28660,25028,28655,15000
2020-06-05 09:22:15.450000,28722.98,28670,23397,28675,5000,28655,25048,28650,13975
2020-06-05 09:22:17.780000,28722.98,28665,23397,28670,5000,28650,25028,28645,15001
2020-06-05 09:22:20.450000,28722.98,28670,23397,28675,5000,28655,25048,28650,13975
2020-06-05 09:22:21.530000,28722.98,28665,18397,28670,5000,28655,5000,28650,25028
2020-06-05 09:22:21.820000,28722.98,28665,23397,28670,5000,28650,25028,28645,15001
2020-06-05 09:22:22.560000,28717.61,28665,23397,28670,5000,28650,25022,28645,15001
2020-06-05 09:22:23.060000,28717.61,28665,23397,28670,5000,28650,25022,28645,15001
2020-06-05 09:22:24.420000,28717.61,28665,23397,28670,5000,28650,25022,28645,15001
2020-06-05 09:22:26.870000,28717.61,28665,23397,28670,5000,28650,25021,28645,15001
2020-06-05 09:22:27.850000,28717.61,28665,23397,28670,5000,28650,25021,28645,15001
2020-06-05 09:22:31.550000,28717.61,28665,23397,28670,5000,28650,25021,28645,15001
2020-06-05 09:22:31.940000,28714.15,28660,23397,28665,5000,28645,25049,28640,14570
2020-06-05 09:22:33.150000,28714.15,28665,23397,28670,5000,28650,25021,28645,15001
2020-06-05 09:22:34.580000,28714.15,28665,23397,28670,5000,28650,25021,28645,15001
2020-06-05 09:22:35.820000,28714.15,28660,23397,28665,5000,28645,25049,28640,14570
2020-06-05 09:22:44.320000,28694.33,28655,23397,28660,5000,28645,1,28640,25021
2020-06-05 09:22:45.210000,28694.33,28655,23397,28660,5000,28640,25021,28635,14999
2020-06-05 09:22:46.250000,28694.33,28650,23397,28655,5000,28635,25048,28630,14973
2020-06-05 09:22:48.680000,28694.33,28645,18397,28650,5000,28635,5000,28630,25021
2020-06-05 09:22:49.480000,28694.33,28650,23397,28655,5000,28635,25048,28630,14973
2020-06-05 09:22:50.500000,28694.33,28655,23397,28660,5000,28640,25021,28635,14999
2020-06-05 09:22:51.540000,28694.33,28650,23397,28655,5000,28635,25048,28630,14973
2020-06-05 09:22:51.820000,28692.39,28655,23397,28660,5000,28640,25021,28635,14999
2020-06-05 09:22:52.570000,28692.39,28655,23397,28660,5000,28640,25021,28635,14999
2020-06-05 09:22:53.640000,28692.39,28655,23397,28660,5000,28640,25021,28635,14999
2020-06-05 09:22:58.580000,28692.39,28650,23397,28655,5000,28635,25048,28630,14973
2020-06-05 09:22:59.940000,28692.39,28645,23397,28650,5000,28630,25021,28625,13995
2020-06-05 09:23:00.320000,28692.39,28640,23397,28645,5000,28625,25048,28620,14974
2020-06-05 09:23:01.520000,28692.39,28645,23397,28650,5000,28630,25021,28625,13995
2020-06-05 09:23:01.960000,28685.6,28645,23397,28650,5000,28630,25021,28625,13995
2020-06-05 09:23:03.100000,28685.6,28640,23397,28645,5000,28625,25048,28620,14974
2020-06-05 09:23:03.520000,28685.6,28640,23397,28645,5000,28625,25048,28620,14974
2020-06-05 09:23:05.610000,28685.6,28635,23397,28640,5000,28620,25022,28615,14597
2020-06-05 09:23:07.020000,28685.6,28635,23397,28640,5000,28620,25022,28615,14597
2020-06-05 09:23:07.800000,28685.6,28640,23397,28645,5000,28625,25048,28620,14974
2020-06-05 09:23:08.840000,28685.6,28635,23397,28640,5000,28620,25022,28615,14597
2020-06-05 09:23:09.890000,28685.6,28630,23397,28635,5000,28620,1,28615,25048
2020-06-05 09:23:10.940000,28685.6,28625,18397,28630,5000,28620,1,28615,5000
2020-06-05 09:23:11.480000,28685.6,28625,23397,28630,5000,28610,25021,28605,15000
2020-06-05 09:23:14.560000,28678.59,28630,23397,28635,5000,28615,25048,28610,14972
2020-06-05 09:23:15.650000,28678.59,28625,5000,28630,23397,28610,25021,28605,15000
2020-06-05 09:23:15.940000,28678.59,28620,23397,28625,5000,28605,25048,28600,13968
2020-06-05 09:23:16.860000,28678.59,28615,23397,28620,5000,28600,25021,28595,15000
2020-06-05 09:23:17.860000,28678.59,28625,23397,28630,5000,28610,25021,28605,15000
2020-06-05 09:23:18.810000,28678.59,28630,23397,28635,5000,28615,25048,28610,14972
2020-06-05 09:23:23.510000,28665.62,28625,23397,28630,5000,28610,25021,28605,15000
2020-06-05 09:23:23.850000,28665.62,28630,23397,28635,5000,28615,25048,28610,14972
2020-06-05 09:23:25.590000,28665.62,28630,23397,28635,5000,28615,25048,28610,14972
2020-06-05 09:23:25.840000,28665.62,28625,5000,28630,23397,28615,20048,28610,14972
2020-06-05 09:23:26.670000,28665.62,28630,23397,28635,5000,28615,25048,28610,14972
2020-06-05 09:23:28.590000,28665.62,28630,23397,28635,5000,28615,25048,28610,14972
2020-06-05 09:23:29.770000,28665.62,28630,23397,28635,5000,28615,25048,28610,14972
2020-06-05 09:23:30.120000,28665.62,28630,23397,28635,5000,28620,1,28615,25048
2020-06-05 09:23:32.210000,28665.62,28625,23397,28630,5000,28610,25021,28605,15000
2020-06-05 09:23:33.450000,28676.04,28625,23397,28630,5000,28610,25021,28605,15000
2020-06-05 09:23:34.590000,28676.04,28620,23397,28625,5000,28605,25048,28600,13968
2020-06-05 09:23:34.770000,28676.04,28625,23397,28630,5000,28610,25021,28605,15000
2020-06-05 09:23:35.680000,28676.04,28620,23397,28625,5000,28605,25048,28600,13968
2020-06-05 09:23:38.870000,28676.04,28620,23397,28625,5000,28605,25048,28600,13968
2020-06-05 09:23:39.940000,28676.04,28615,23397,28620,5000,28600,25021,28595,15000
2020-06-05 09:23:41.290000,28676.04,28620,23397,28625,5000,28605,25048,28600,13968
2020-06-05 09:23:42.050000,28676.04,28615,23397,28620,5000,28600,25021,28595,15000
2020-06-05 09:23:42.570000,28645.33,28620,23397,28625,5000,28605,25048,28600,13968
2020-06-05 09:23:43.990000,28645.33,28625,23397,28630,5000,28610,25021,28605,15000
2020-06-05 09:23:46.290000,28645.33,28620,23397,28625,5000,28605,25048,28600,13968
2020-06-05 09:23:46.720000,28645.33,28625,23397,28630,5000,28610,25021,28605,15000
2020-06-05 09:23:47.410000,28645.33,28630,23397,28635,5000,28615,25048,28610,14972
2020-06-05 09:23:48.850000,28645.33,28630,23397,28635,5000,28615,25048,28610,14972
2020-06-05 09:23:50.000000,28645.33,28635,23397,28640,5000,28620,25021,28615,14597
2020-06-05 09:23:50.350000,28645.33,28630,23397,28635,5000,28615,25048,28610,14972
2020-06-05 09:23:53.610000,28641.24,28620,23397,28625,5000,28605,25048,28600,13968
2020-06-05 09:23:58.730000,28641.24,28615,23397,28620,5000,28600,25021,28595,15000
2020-06-05 09:24:00.590000,28641.24,28620,23397,28625,5000,28605,5000,28600,25021
2020-06-05 09:24:00.950000,28641.24,28615,23397,28620,5000,28600,25021,28595,15000
2020-06-05 09:24:01.620000,28641.24,28620,23397,28625,5000,28605,25048,28600,13968
2020-06-05 09:24:02.700000,28650.45,28610,23397,28615,5000,28595,25048,28590,14570
2020-06-05 09:24:04.780000,28650.45,28610,23397,28615,5000,28595,25048,28590,14570
2020-06-05 09:24:05.120000,28650.45,28615,23397,28620,5000,28600,25021,28595,15000
2020-06-05 09:24:09.010000,28650.45,28620,23397,28625,5000,28605,25048,28600,13968
2020-06-05 09:24:10.060000,28650.45,28615,23397,28620,5000,28600,25021,28595,15000
2020-06-05 09:24:11.620000,28650.45,28620,23397,28625,5000,28605,25048,28600,13968
2020-06-05 09:24:14.420000,28641.66,28620,23397,28625,5000,28605,25048,28600,13968
2020-06-05 09:24:16.350000,28641.66,28620,23397,28625,5000,28605,25048,28600,13968
2020-06-05 09:24:17.400000,28641.66,28615,23397,28620,5000,28600,25021,28595,15000
2020-06-05 09:24:18.510000,28641.66,28620,23397,28625,5000,28605,25048,28600,13968
2020-06-05 09:24:20.560000,28641.66,28620,23397,28625,5000,28605,25048,28600,13968
2020-06-05 09:24:21.590000,28641.66,28615,23397,28620,5000,28600,25021,28595,15000
2020-06-05 09:24:22.660000,28628.5,28620,23397,28625,5000,28605,5000,28600,25021
2020-06-05 09:24:22.850000,28628.5,28620,23397,28625,5000,28605,25048,28600,13968
2020-06-05 09:24:25.050000,28628.5,28625,23397,28630,5000,28610,25021,28605,15000
2020-06-05 09:24:25.990000,28628.5,28630,23397,28635,5000,28615,25048,28610,14972
2020-06-05 09:24:27.050000,28628.5,28625,18397,28630,5000,28610,25021,28605,15000
2020-06-05 09:24:28.000000,28628.5,28630,23397,28635,5000,28615,25048,28610,14972
2020-06-05 09:24:29.080000,28628.5,28635,23397,28640,5000,28620,25021,28615,14597
2020-06-05 09:24:30.120000,28628.5,28635,23397,28640,5000,28620,25021,28615,14597
2020-06-05 09:24:30.580000,28628.5,28635,23397,28640,5000,28620,25021,28615,14597
2020-06-05 09:24:31.670000,28628.5,28635,23397,28640,5000,28620,25021,28615,14597
2020-06-05 09:24:31.860000,28628.5,28640,23397,28645,5000,28625,25048,28620,14973
2020-06-05 09:24:32.760000,28655.04,28635,23397,28640,5000,28620,25021,28615,14597
2020-06-05 09:24:33.810000,28655.04,28635,23397,28640,5000,28620,25021,28615,14597
2020-06-05 09:24:35.440000,28655.04,28645,23397,28650,5000,28630,25021,28625,13995
2020-06-05 09:24:36.470000,28655.04,28650,23397,28655,5000,28635,25048,28630,14973
2020-06-05 09:24:36.830000,28655.04,28650,23397,28655,5000,28635,25048,28630,14973
2020-06-05 09:24:37.470000,28655.04,28645,23397,28650,5000,28630,25021,28625,13995
2020-06-05 09:24:38.010000,28655.04,28650,23397,28655,5000,28635,25048,28630,14973
2020-06-05 09:24:39.250000,28655.04,28650,23397,28655,5000,28635,25048,28630,14973
2020-06-05 09:24:48.260000,28693.19,28650,23397,28655,5000,28635,25048,28630,14973
2020-06-05 09:24:50.560000,28693.19,28645,23397,28650,5000,28630,25021,28625,13995
2020-06-05 09:24:53.760000,28691.84,28650,23397,28655,5000,28635,25048,28630,14973
2020-06-05 09:24:54.820000,28691.84,28650,23397,28655,5000,28635,25048,28630,14973
2020-06-05 09:24:54.980000,28691.84,28645,23397,28650,5000,28630,25021,28625,13995
2020-06-05 09:25:00.080000,28691.84,28645,23397,28650,5000,28630,4973,28625,25048
2020-06-05 09:25:00.300000,28691.84,28635,5000,28640,23397,28625,20048,28620,4973
2020-06-05 09:25:01.160000,28691.84,28635,23397,28640,5000,28620,25021,28615,14597
2020-06-05 09:25:02.210000,28691.84,28630,5000,28635,23397,28620,20048,28615,5000
2020-06-05 09:25:03.270000,28713.3,28625,23397,28630,5000,28610,25021,28605,15000
2020-06-05 09:25:04.860000,28713.3,28620,23397,28625,5000,28605,25048,28600,13968
2020-06-05 09:25:06.490000,28713.3,28625,23397,28630,5000,28610,25021,28605,15000
2020-06-05 09:25:08.550000,28713.3,28630,23397,28635,5000,28615,25048,28610,14972
2020-06-05 09:25:09.020000,28713.3,28630,23397,28635,5000,28615,25048,28610,14972
2020-06-05 09:25:10.130000,28713.3,28635,23397,28640,5000,28620,25021,28615,14597
2020-06-05 09:25:10.550000,28713.3,28630,23397,28635,5000,28615,25048,28610,14972
2020-06-05 09:25:11.700000,28713.3,28635,23397,28640,5000,28620,4973,28615,25048
2020-06-05 09:25:12.020000,28713.3,28635,23397,28640,5000,28620,25021,28615,14597
2020-06-05 09:25:13.250000,28689.84,28630,23397,28635,5000,28615,25048,28610,14972
2020-06-05 09:25:16.310000,28689.84,28630,18397,28635,5000,28620,4973,28615,34645
2020-06-05 09:25:16.950000,28689.84,28630,23397,28635,5000,28615,25048,28610,14972
2020-06-05 09:25:18.200000,28689.84,28630,23397,28635,5000,28615,25048,28610,14972
2020-06-05 09:25:19.550000,28689.84,28625,23397,28630,5000,28610,25021,28605,15000
2020-06-05 09:25:20.690000,28689.84,28620,23397,28625,5000,28605,25048,28600,13968
2020-06-05 09:25:21.750000,28689.84,28625,23397,28630,5000,28610,25021,28605,15000
2020-06-05 09:25:22.800000,28672.59,28620,23397,28625,5000,28605,25048,28600,13968
2020-06-05 09:25:27.560000,28672.59,28620,23397,28625,5000,28605,35048,28600,13968
2020-06-05 09:25:27.810000,28672.59,28625,23397,28630,5000,28610,25021,28605,15000
2020-06-05 09:25:29.620000,28672.59,28625,18397,28630,5000,28615,5000,28610,25021
2020-06-05 09:25:29.790000,28672.59,28625,23397,28630,5000,28610,25021,28605,15000
2020-06-05 09:25:30.710000,28672.59,28630,23397,28635,5000,28615,25048,28610,14972
2020-06-05 09:25:30.980000,28672.59,28630,23397,28635,5000,28615,25048,28610,14972
2020-06-05 09:25:32.250000,28672.59,28630,23397,28635,5000,28615,25048,28610,14972
2020-06-05 09:25:33.340000,28664.24,28625,23397,28630,5000,28610,25021,28605,15000
2020-06-05 09:25:34.850000,28664.24,28625,23397,28630,5000,28610,25021,28605,15000
2020-06-05 09:25:35.930000,28664.24,28620,23397,28625,5000,28605,25048,28600,13978
2020-06-05 09:25:36.980000,28664.24,28625,23397,28630,5000,28610,25021,28605,15000
2020-06-05 09:25:37.320000,28664.24,28625,23397,28630,5000,28610,25021,28605,15000
2020-06-05 09:25:40.630000,28664.24,28620,23397,28625,5000,28605,25048,28600,13978
2020-06-05 09:25:44.520000,28672.32,28615,18397,28620,5000,28605,5000,28600,25031
2020-06-05 09:25:45.350000,28672.32,28615,23397,28620,5000,28600,25031,28595,15000
2020-06-05 09:25:45.650000,28672.32,28620,23397,28625,5000,28605,25048,28600,13978
2020-06-05 09:25:47.020000,28672.32,28625,23397,28630,5000,28610,25021,28605,15000
2020-06-05 09:25:48.180000,28672.32,28625,18397,28630,5000,28615,5000,28610,25021
2020-06-05 09:25:49.040000,28672.32,28620,23397,28625,5000,28605,25048,28600,13978
2020-06-05 09:25:53.660000,28643.09,28615,23397,28620,5000,28600,25031,28595,15000
2020-06-05 09:25:54.800000,28643.09,28615,23397,28620,5000,28600,25031,28595,15000
2020-06-05 09:25:55.160000,28643.09,28620,23397,28625,5000,28605,25048,28600,13978
2020-06-05 09:25:55.830000,28643.09,28615,23397,28620,5000,28600,25031,28595,15000
2020-06-05 09:25:56.890000,28643.09,28610,23397,28615,5000,28600,10,28595,25048
2020-06-05 09:25:57.240000,28643.09,28610,23397,28615,5000,28600,10,28595,25048
2020-06-05 09:25:57.960000,28643.09,28605,23397,28610,5000,28600,10,28590,25021
2020-06-05 09:25:58.990000,28643.09,28605,23397,28610,5000,28600,10,28590,25021
2020-06-05 09:25:59.350000,28643.09,28610,23397,28615,5000,28600,10,28595,25048
2020-06-05 09:26:00.520000,28643.09,28615,23397,28620,5000,28600,25031,28595,15000
2020-06-05 09:26:01.600000,28643.09,28615,23397,28620,5000,28600,25031,28595,15000
2020-06-05 09:26:01.990000,28658.09,28620,23397,28625,5000,28605,25048,28600,13978
2020-06-05 09:26:02.750000,28658.09,28620,23397,28625,5000,28605,25048,28600,13978
2020-06-05 09:26:03.690000,28658.09,28615,23397,28620,5000,28600,25031,28595,15000
2020-06-05 09:26:04.700000,28658.09,28620,23397,28625,5000,28605,25041,28600,13978
2020-06-05 09:26:06.800000,28658.09,28615,23397,28620,5000,28600,25024,28595,15000
2020-06-05 09:26:07.020000,28658.09,28610,23397,28615,5000,28600,10,28595,25041
2020-06-05 09:26:09.030000,28658.09,28610,23397,28615,5000,28600,10,28595,5000
2020-06-05 09:26:10.000000,28658.09,28605,23397,28610,5000,28600,10,28590,25014
2020-06-05 09:26:10.250000,28658.09,28610,23397,28615,5000,28600,10,28595,25041
2020-06-05 09:26:12.280000,28658.09,28605,23397,28610,5000,28590,25014,28585,14999
2020-06-05 09:26:13.140000,28647.96,28600,23397,28605,5000,28585,25041,28580,14973
2020-06-05 09:26:14.680000,28647.96,28605,23397,28610,5000,28590,25014,28585,14999
2020-06-05 09:26:16.150000,28647.96,28605,23397,28610,5000,28590,21181,28585,14999
2020-06-05 09:26:22.620000,28655.13,28600,23397,28605,5000,28585,21208,28580,14973
2020-06-05 09:26:24.010000,28655.13,28605,23397,28610,5000,28590,21181,28585,14999
2020-06-05 09:26:27.880000,28655.13,28605,23397,28610,5000,28590,21181,28585,14999
2020-06-05 09:26:31.590000,28655.13,28610,23397,28615,5000,28595,21208,28590,14570
2020-06-05 09:26:34.240000,28631.29,28605,23397,28610,5000,28590,21181,28585,14999
2020-06-05 09:26:35.300000,28631.29,28610,23397,28615,5000,28595,21208,28590,14570
2020-06-05 09:26:37.430000,28631.29,28615,23397,28620,5000,28600,21181,28595,15000
2020-06-05 09:26:37.790000,28631.29,28620,23397,28625,5000,28605,21208,28600,13968
2020-06-05 09:26:40.080000,28631.29,28620,23397,28625,5000,28605,21208,28600,13968
2020-06-05 09:26:41.130000,28631.29,28625,23397,28630,5000,28610,21181,28605,15000
2020-06-05 09:26:41.750000,28631.29,28630,23397,28635,5000,28615,21208,28610,14972
2020-06-05 09:26:43.740000,28633.35,28635,23397,28640,5000,28620,21181,28615,14597
2020-06-05 09:26:45.800000,28633.35,28640,23397,28645,5000,28625,21208,28620,14973
2020-06-05 09:26:46.160000,28633.35,28635,23397,28640,5000,28620,21181,28615,14597
2020-06-05 09:26:47.650000,28633.35,28630,23397,28635,5000,28615,21208,28610,14972
2020-06-05 09:26:49.480000,28633.35,28625,23397,28630,5000,28610,21181,28605,15000
2020-06-05 09:26:49.720000,28633.35,28620,23397,28625,5000,28605,21208,28600,13968
2020-06-05 09:26:54.450000,28681.52,28620,23396,28625,5000,28605,21208,28600,13968
2020-06-05 09:26:58.980000,28681.52,28625,23396,28630,5000,28610,21181,28605,15000
2020-06-05 09:26:59.210000,28681.52,28620,23396,28625,5000,28605,21208,28600,13968
2020-06-05 09:27:01.120000,28681.52,28620,23396,28625,5000,28605,21208,28600,13968
2020-06-05 09:27:01.410000,28681.52,28615,23396,28620,5000,28600,21181,28595,15000
2020-06-05 09:27:04.270000,28661.0,28610,23396,28615,5000,28595,21208,28590,14570
2020-06-05 09:27:08.510000,28661.0,28610,23396,28615,5000,28595,21208,28590,14570
2020-06-05 09:27:11.350000,28661.0,28610,23396,28615,5000,28595,21208,28590,14570
2020-06-05 09:27:18.990000,28662.21,28600,23396,28605,5000,28585,21208,28580,14973
2020-06-05 09:27:20.210000,28662.21,28595,23396,28600,5000,28580,21181,28575,13995
2020-06-05 09:27:21.100000,28662.21,28590,23396,28595,5000,28575,21208,28570,14973
2020-06-05 09:27:24.240000,28642.54,28590,18396,28595,5000,28580,4973,28575,21208
2020-06-05 09:27:24.420000,28642.54,28585,18396,28590,5000,28575,5000,28570,21181
2020-06-05 09:27:25.280000,28642.54,28590,23396,28595,5000,28575,21208,28570,14973
2020-06-05 09:27:26.200000,28642.54,28585,23396,28590,5000,28570,21181,28565,14597
2020-06-05 09:27:26.910000,28642.54,28590,23396,28595,5000,28575,21208,28570,14973
2020-06-05 09:27:27.890000,28642.54,28590,23396,28595,5000,28575,21208,28570,14973
2020-06-05 09:27:30.500000,28642.54,28595,23396,28600,5000,28580,21181,28575,13995
2020-06-05 09:27:30.840000,28642.54,28590,23396,28595,5000,28575,21208,28570,14973
2020-06-05 09:27:33.610000,28637.37,28595,23396,28600,5000,28580,21181,28575,13995
2020-06-05 09:27:34.670000,28637.37,28590,23396,28595,5000,28575,21208,28570,14973
2020-06-05 09:27:34.900000,28637.37,28590,23396,28595,5000,28575,21208,28570,14973
2020-06-05 09:27:37.570000,28637.37,28585,23396,28590,5000,28570,21181,28565,14597
2020-06-05 09:27:38.400000,28637.37,28590,23396,28595,5000,28575,21208,28570,14973
2020-06-05 09:27:40.540000,28637.37,28585,23396,28590,5000,28570,21181,28565,14597
2020-06-05 09:27:41.920000,28637.37,28590,23396,28595,5000,28575,21208,28570,14973
2020-06-05 09:27:42.650000,28637.82,28585,23396,28590,5000,28570,21181,28565,14597
2020-06-05 09:27:43.710000,28637.82,28580,23396,28585,5000,28565,21208,28560,14972
2020-06-05 09:27:44.240000,28637.82,28575,18396,28580,5000,28565,5000,28560,21181
2020-06-05 09:27:45.290000,28637.82,28580,23396,28585,5000,28565,21208,28560,14972
2020-06-05 09:27:46.650000,28637.82,28575,23396,28580,5000,28560,21181,28555,15000
2020-06-05 09:27:47.400000,28637.82,28570,23396,28575,5000,28555,21208,28550,13968
2020-06-05 09:27:48.460000,28637.82,28575,23396,28580,5000,28560,21181,28555,15000
2020-06-05 09:27:48.950000,28637.82,28580,23396,28585,5000,28565,21208,28560,14972
2020-06-05 09:27:52.180000,28637.82,28575,23396,28580,5000,28560,21181,28555,15000
2020-06-05 09:27:52.410000,28610.21,28580,23396,28585,5000,28565,21208,28560,14972
2020-06-05 09:27:55.370000,28610.21,28575,23396,28580,5000,28560,21181,28555,15000
2020-06-05 09:27:59.600000,28610.21,28565,23396,28570,5000,28550,21181,28545,15000
2020-06-05 09:28:00.080000,28610.21,28570,23396,28575,5000,28555,21208,28550,13968
2020-06-05 09:28:01.190000,28610.21,28570,23396,28575,5000,28555,21208,28550,13968
2020-06-05 09:28:01.540000,28610.21,28575,5000,28580,23396,28565,16208,28560,14972
2020-06-05 09:28:02.290000,28625.98,28580,23396,28585,5000,28565,21208,28560,14972
2020-06-05 09:28:04.820000,28625.98,28585,23396,28590,5000,28570,21181,28565,14597
2020-06-05 09:28:06.030000,28625.98,28595,23396,28600,5000,28580,21181,28575,13995
2020-06-05 09:28:06.940000,28625.98,28595,23396,28600,5000,28580,21181,28575,13995
2020-06-05 09:28:07.460000,28625.98,28600,23396,28605,5000,28585,21208,28580,14973
2020-06-05 09:28:08.520000,28625.98,28595,23396,28600,5000,28580,21181,28575,13995
2020-06-05 09:28:08.850000,28625.98,28600,23396,28605,5000,28585,21208,28580,14973
2020-06-05 09:28:09.580000,28625.98,28605,23396,28610,5000,28590,21181,28585,14999
2020-06-05 09:28:11.670000,28625.98,28600,23396,28605,5000,28585,21208,28580,14973
2020-06-05 09:28:12.720000,28625.98,28595,23396,28600,5000,28580,21181,28575,13995
2020-06-05 09:28:14.520000,28622.26,28600,23396,28605,5000,28585,21208,28580,14973
2020-06-05 09:28:15.860000,28622.26,28595,23396,28600,5000,28580,21181,28575,13995
2020-06-05 09:28:16.940000,28622.26,28600,23396,28605,5000,28585,21208,28580,14973
2020-06-05 09:28:18.640000,28622.26,28595,23396,28600,5000,28580,21181,28575,13995
2020-06-05 09:28:19.580000,28622.26,28590,23396,28595,5000,28575,21208,28570,14973
2020-06-05 09:28:20.050000,28622.26,28585,23396,28590,5000,28570,21181,28565,14597
2020-06-05 09:28:23.750000,28624.26,28590,23396,28595,5000,28575,21208,28570,14973
2020-06-05 09:28:27.340000,28624.26,28585,23396,28590,5000,28570,21181,28565,14597
2020-06-05 09:28:31.090000,28624.26,28575,23396,28580,5000,28560,21181,28555,15000
2020-06-05 09:28:32.140000,28624.26,28580,23396,28585,5000,28565,21208,28560,14972
2020-06-05 09:28:41.380000,28602.0,28575,23396,28580,5000,28560,21181,28555,15000
2020-06-05 09:28:43.080000,28602.23,28570,23396,28575,5000,28555,21208,28550,13968
2020-06-05 09:28:43.300000,28602.23,28570,23396,28575,5000,28555,21208,28550,13968
2020-06-05 09:28:44.190000,28602.23,28565,23396,28570,5000,28550,21181,28545,15000
2020-06-05 09:28:45.240000,28602.23,28565,23396,28570,5000,28550,21181,28545,15000
2020-06-05 09:28:46.290000,28602.23,28570,23396,28575,5000,28555,21208,28550,13968
