time,nav,sell1,sell1_cnt,sell2,sell2_cnt,buy1,buy1_cnt,buy2,buy2_cnt
2020-06-08 09:24:25.690000,0.0,29255,5000,29260,25027,29245,10021,29240,5000
2020-06-08 09:24:27.340000,0.0,29255,5000,29260,25027,29245,10021,29240,5000
2020-06-08 09:24:28.780000,0.0,29250,5000,29255,25027,29240,10021,29235,5000
2020-06-08 09:24:29.540000,0.0,29250,5000,29255,25027,29240,10021,29235,5000
2020-06-08 09:24:30.280000,0.0,29255,5000,29260,25027,29245,10021,29240,5000
2020-06-08 09:24:33.440000,0.0,29255,5000,29260,25027,29245,10021,29240,5000
2020-06-08 09:24:34.040000,0.0,29260,5000,29265,25027,29250,10021,29245,5000
2020-06-08 09:24:34.240000,0.0,29260,5000,29265,25027,29250,10021,29245,5000
2020-06-08 09:24:35.110000,29286.0,29265,5000,29270,5000,29255,10021,29250,5000
2020-06-08 09:24:36.160000,29286.0,29270,5000,29275,25027,29260,10021,29255,5000
2020-06-08 09:24:37.190000,29286.0,29280,5000,29285,25027,29270,10020,29265,5000
2020-06-08 09:24:38.240000,29286.0,29280,5000,29285,25027,29270,10020,29265,5000
2020-06-08 09:24:39.280000,29286.0,29280,25027,29285,5000,29265,15020,29260,5000
2020-06-08 09:24:40.320000,29286.0,29270,5000,29275,25027,29260,10020,29255,5000
2020-06-08 09:24:40.840000,29286.0,29275,5000,29280,25027,29260,15020,29255,5000
2020-06-08 09:24:41.880000,29286.0,29275,5000,29280,25027,29265,10020,29260,5000
2020-06-08 09:24:43.450000,29286.0,29270,5000,29275,25027,29260,10020,29255,5000
2020-06-08 09:24:46.590000,29319.41,29270,5000,29275,25027,29260,10020,29255,5000
2020-06-08 09:24:47.640000,29319.41,29270,5000,29275,25027,29260,10020,29255,5000
2020-06-08 09:24:49.200000,29319.41,29270,25027,29275,5000,29255,15020,29250,5000
2020-06-08 09:24:49.610000,29319.41,29270,5000,29275,25027,29260,10020,29255,5000
2020-06-08 09:24:50.340000,29319.41,29265,5000,29270,25027,29255,10020,29250,5000
2020-06-08 09:24:51.310000,29319.41,29270,5000,29275,25027,29260,10020,29255,5000
2020-06-08 09:24:52.810000,29319.41,29275,5000,29280,25027,29265,10020,29260,5000
2020-06-08 09:24:53.940000,29319.41,29270,5000,29275,25027,29260,10020,29255,5000
2020-06-08 09:24:56.010000,29296.5,29265,5000,29270,25027,29255,10020,29250,5000
2020-06-08 09:24:58.090000,29296.5,29265,5000,29270,25027,29255,10020,29250,5000
2020-06-08 09:24:58.410000,29296.5,29260,5000,29265,25027,29250,10020,29245,5000
2020-06-08 09:24:59.160000,29296.5,29265,5000,29270,25027,29255,10020,29250,5000
2020-06-08 09:25:00.220000,29296.5,29265,5000,29270,25027,29255,10020,29250,5000
2020-06-08 09:25:00.740000,29296.5,29260,5000,29265,25027,29250,10020,29245,5000
2020-06-08 09:25:01.800000,29296.5,29260,5000,29265,25027,29250,10020,29245,5000
2020-06-08 09:25:02.850000,29296.5,29255,5000,29260,25027,29245,10020,29240,5000
2020-06-08 09:25:03.340000,29296.5,29255,5000,29260,25027,29245,10020,29240,5000
2020-06-08 09:25:04.410000,29296.5,29260,5000,29265,25127,29250,10020,29245,5000
2020-06-08 09:25:04.900000,29298.05,29265,5100,29270,25027,29255,10020,29250,5000
2020-06-08 09:25:05.980000,29298.05,29265,5100,29270,25027,29255,10020,29250,5000
2020-06-08 09:25:06.440000,29298.05,29265,100,29270,5000,29255,15020,29250,5000
2020-06-08 09:25:07.350000,29298.05,29265,5100,29270,25027,29255,10020,29250,5000
2020-06-08 09:25:08.610000,29298.05,29260,5000,29265,25127,29250,10020,29245,5000
2020-06-08 09:25:08.950000,29298.05,29265,5100,29270,25027,29255,10020,29250,5000
2020-06-08 09:25:10.180000,29298.05,29265,5099,29270,25027,29255,10020,29250,5000
2020-06-08 09:25:10.540000,29298.05,29265,99,29270,25027,29255,15020,29250,5000
2020-06-08 09:25:11.770000,29298.05,29260,5000,29265,25126,29250,10020,29245,5000
2020-06-08 09:25:12.820000,29298.05,29265,5099,29270,25027,29255,10020,29250,5000
2020-06-08 09:25:14.420000,29298.05,29260,4999,29265,25126,29250,10020,29245,5000
2020-06-08 09:25:15.520000,29313.92,29265,5099,29270,25026,29255,10020,29250,5000
2020-06-08 09:25:16.490000,29313.92,29260,4999,29265,25126,29250,10020,29245,5000
2020-06-08 09:25:17.540000,29313.92,29255,5000,29260,25023,29245,10020,29240,5000
2020-06-08 09:25:18.580000,29313.92,29255,5000,29260,25023,29245,10020,29240,5000
2020-06-08 09:25:19.140000,29313.92,29255,5000,29260,4996,29250,10020,29240,5000
2020-06-08 09:25:20.120000,29313.92,29260,4996,29265,25126,29255,5000,29250,10020
2020-06-08 09:25:20.510000,29313.92,29260,4996,29265,25126,29255,5000,29250,10021
2020-06-08 09:25:21.700000,29313.92,29265,5099,29270,25023,29255,15020,29250,5001
2020-06-08 09:25:22.120000,29313.92,29265,5095,29270,20027,29255,10020,29250,8801
2020-06-08 09:25:23.270000,29313.92,29265,99,29270,25023,29255,10020,29250,8801
2020-06-08 09:25:24.320000,29313.92,29265,25622,29275,10000,29250,13821,29245,5001
2020-06-08 09:25:25.330000,29312.49,29265,599,29270,25023,29255,10020,29250,8801
2020-06-08 09:25:25.680000,29312.49,29265,25622,29275,10000,29250,13821,29245,5001
2020-06-08 09:25:26.450000,29312.49,29265,599,29270,25023,29255,10020,29250,8801
2020-06-08 09:25:27.490000,29312.49,29265,599,29270,25023,29255,13920,29250,8801
2020-06-08 09:25:28.540000,29312.49,29265,25726,29270,4996,29250,13821,29245,5001
2020-06-08 09:25:28.910000,29312.49,29265,699,29270,25023,29255,10020,29250,8801
2020-06-08 09:25:30.090000,29312.49,29265,699,29270,25023,29255,11720,29250,8801
2020-06-08 09:25:30.420000,29312.49,29265,99,29275,25027,29260,10020,29255,6700
2020-06-08 09:25:31.240000,29312.49,29265,99,29275,25027,29255,16720,29250,8801
2020-06-08 09:25:32.230000,29312.49,29265,99,29270,4996,29260,10020,29255,1700
2020-06-08 09:25:33.340000,29312.49,29265,99,29270,4996,29260,10020,29255,1700
2020-06-08 09:25:34.320000,29315.73,29275,25827,29280,4996,29260,10420,29255,6700
2020-06-08 09:25:34.570000,29315.73,29275,25827,29280,4996,29260,10420,29255,6700
2020-06-08 09:25:36.760000,29315.73,29275,25827,29280,4996,29260,10420,29255,6700
2020-06-08 09:25:37.450000,29315.73,29280,25023,29285,5000,29265,10020,29260,5400
2020-06-08 09:25:38.490000,29315.73,29275,5000,29280,25823,29265,10020,29260,400
2020-06-08 09:25:38.950000,29315.73,29275,5800,29280,25023,29265,10020,29260,400
2020-06-08 09:25:40.180000,29315.73,29280,25023,29285,5000,29265,10020,29260,5400
2020-06-08 09:25:40.480000,29315.73,29280,5796,29285,25027,29270,10020,29260,5400
2020-06-08 09:25:41.250000,29315.73,29280,800,29285,25027,29270,10020,29265,5000
2020-06-08 09:25:42.230000,29315.73,29290,25023,29295,5000,29275,10020,29270,5000
2020-06-08 09:25:43.270000,29315.73,29280,200,29285,25027,29270,10020,29265,5000
2020-06-08 09:25:43.650000,29315.73,29285,25027,29290,4996,29270,10020,29265,5000
2020-06-08 09:25:44.450000,29301.19,29285,25827,29290,4996,29270,10020,29265,5000
2020-06-08 09:25:45.410000,29301.19,29285,25827,29290,4996,29270,10020,29265,5000
2020-06-08 09:25:46.440000,29301.19,29290,25023,29295,5000,29275,10020,29270,5000
2020-06-08 09:25:46.680000,29301.19,29290,25823,29295,5000,29275,10020,29270,5000
2020-06-08 09:25:47.480000,29301.19,29285,25027,29290,5796,29270,10020,29265,5000
2020-06-08 09:25:48.540000,29301.19,29285,25827,29290,4996,29270,10020,29265,5000
2020-06-08 09:25:50.110000,29301.19,29285,25827,29290,4996,29270,10020,29265,5000
2020-06-08 09:25:50.470000,29301.19,29285,25827,29290,4996,29270,10020,29265,5000
2020-06-08 09:25:51.710000,29301.19,29285,25827,29290,4996,29270,10020,29265,5000
2020-06-08 09:25:52.760000,29301.19,29295,25027,29300,4996,29275,15020,29270,5000
2020-06-08 09:25:53.810000,29301.19,29295,25827,29300,4996,29280,10020,29275,5000
2020-06-08 09:25:54.310000,29317.44,29295,20827,29300,4996,29280,15020,29275,5000
2020-06-08 09:25:55.380000,29317.44,29300,25023,29305,5000,29285,10020,29280,5000
2020-06-08 09:25:56.390000,29317.44,29300,25723,29305,5000,29280,15020,29275,5000
2020-06-08 09:25:56.740000,29317.44,29295,20027,29300,5696,29280,15020,29275,5000
2020-06-08 09:25:57.980000,29317.44,29295,25727,29300,4996,29280,10020,29275,5000
2020-06-08 09:25:58.380000,29317.44,29295,25727,29300,4996,29280,10020,29275,5000
2020-06-08 09:25:59.580000,29317.44,29295,25627,29300,4996,29280,10020,29275,5000
2020-06-08 09:26:00.680000,29317.44,29300,25023,29305,5000,29285,10020,29280,5000
2020-06-08 09:26:01.700000,29317.44,29300,25623,29305,5000,29285,10020,29280,5000
2020-06-08 09:26:02.740000,29317.44,29305,25027,29310,4996,29290,10020,29285,5000
2020-06-08 09:26:03.770000,29317.44,29305,25627,29310,4996,29290,10020,29285,5000
2020-06-08 09:26:05.750000,29326.09,29310,25023,29315,5000,29295,10020,29290,5000
2020-06-08 09:26:06.540000,29326.09,29310,25623,29315,5000,29295,10020,29290,5000
2020-06-08 09:26:07.490000,29326.09,29305,25027,29310,5596,29290,10020,29285,5000
2020-06-08 09:26:08.530000,29326.09,29305,25627,29310,4996,29290,10020,29285,5000
2020-06-08 09:26:09.140000,29326.09,29300,25023,29305,5600,29285,10020,29280,5000
2020-06-08 09:26:10.100000,29326.09,29295,5000,29300,25523,29285,10020,29275,5000
2020-06-08 09:26:11.170000,29326.09,29295,25627,29300,4996,29280,10020,29275,5000
2020-06-08 09:26:14.270000,29326.09,29295,5600,29300,25023,29285,10020,29275,5000
2020-06-08 09:26:15.290000,29301.36,29295,25627,29300,4996,29280,10020,29275,5000
2020-06-08 09:26:16.460000,29301.36,29290,25023,29295,5600,29275,10020,29270,5000
2020-06-08 09:26:17.310000,29301.36,29290,25523,29295,5000,29275,10020,29270,5000
2020-06-08 09:26:18.510000,29301.36,29290,4996,29295,25027,29280,10020,29270,5000
2020-06-08 09:26:19.050000,29301.36,29290,25523,29295,5000,29275,10020,29270,5000
2020-06-08 09:26:21.100000,29301.36,29290,25523,29295,5000,29275,10020,29270,5000
2020-06-08 09:26:21.370000,29301.36,29285,25027,29290,5496,29270,10020,29265,5000
2020-06-08 09:26:22.180000,29301.36,29295,25027,29300,4996,29280,10020,29275,5000
2020-06-08 09:26:23.220000,29301.36,29295,25527,29300,4996,29280,10020,29275,5000
2020-06-08 09:26:23.690000,29301.36,29300,25023,29305,5000,29285,10020,29280,5000
2020-06-08 09:26:24.800000,29332.98,29295,25027,29300,5496,29280,10020,29275,5000
2020-06-08 09:26:25.340000,29332.98,29295,25527,29300,4996,29280,10020,29275,5000
2020-06-08 09:26:26.420000,29332.98,29300,25023,29305,5000,29285,10020,29280,5000
2020-06-08 09:26:26.840000,29332.98,29290,25023,29295,5000,29275,10020,29270,5000
2020-06-08 09:26:27.960000,29332.98,29295,25027,29300,4996,29280,10020,29275,5000
2020-06-08 09:26:28.350000,29332.98,29290,4996,29295,25427,29275,10020,29270,5000
2020-06-08 09:26:29.530000,29332.98,29290,25523,29295,5400,29275,10020,29270,5000
2020-06-08 09:26:29.820000,29332.98,29295,25427,29300,4996,29280,10020,29275,5000
2020-06-08 09:26:30.620000,29332.98,29295,5400,29300,25023,29285,10020,29275,5000
2020-06-08 09:26:31.580000,29332.98,29300,25023,29305,5000,29285,10020,29280,5000
2020-06-08 09:26:32.210000,29332.98,29300,25423,29305,5000,29285,10020,29280,5000
2020-06-08 09:26:35.290000,29337.71,29295,5000,29300,25423,29285,10020,29275,5000
2020-06-08 09:26:36.320000,29337.71,29295,500,29300,25423,29285,10020,29280,5000
2020-06-08 09:26:37.870000,29337.71,29295,25527,29300,5396,29280,10020,29275,5000
2020-06-08 09:26:38.990000,29337.71,29295,5500,29300,25423,29285,10020,29275,5000
2020-06-08 09:26:39.440000,29337.71,29300,25423,29305,5000,29285,10020,29280,5000
2020-06-08 09:26:40.550000,29337.71,29300,5496,29305,25027,29290,10020,29280,5000
2020-06-08 09:26:41.580000,29337.71,29295,25027,29300,5496,29280,10020,29275,5000
2020-06-08 09:26:42.000000,29337.71,29300,25023,29305,5000,29285,10020,29280,5000
2020-06-08 09:26:43.140000,29337.71,29300,25523,29305,5000,29285,10020,29280,5000
2020-06-08 09:26:44.180000,29337.71,29300,25523,29305,5000,29285,10020,29280,5000
2020-06-08 09:26:44.540000,29337.71,29305,25027,29310,4996,29290,10020,29285,5000
2020-06-08 09:26:45.770000,29316.61,29300,4996,29305,25527,29290,10020,29280,5000
2020-06-08 09:26:46.180000,29316.61,29300,500,29305,25027,29290,10020,29285,5000
2020-06-08 09:26:47.320000,29316.61,29300,500,29305,25027,29290,10020,29285,5000
2020-06-08 09:26:47.710000,29316.61,29300,25523,29305,5000,29285,10020,29280,5000
2020-06-08 09:26:48.890000,29316.61,29300,25523,29305,5000,29285,10020,29280,5000
2020-06-08 09:26:49.160000,29316.61,29300,500,29305,25027,29285,15020,29280,5000
2020-06-08 09:26:50.400000,29316.61,29300,25523,29305,5000,29285,10020,29280,5000
2020-06-08 09:26:51.670000,29316.61,29295,25027,29300,5496,29280,10020,29275,5000
2020-06-08 09:26:52.610000,29316.61,29290,25023,29295,5500,29275,10020,29270,5000
2020-06-08 09:26:53.720000,29316.61,29290,25523,29295,5000,29275,10020,29270,5000
2020-06-08 09:26:54.240000,29316.61,29290,25523,29295,5000,29275,10020,29270,5000
2020-06-08 09:26:55.290000,29336.01,29300,25023,29305,5000,29285,10020,29280,5000
2020-06-08 09:26:56.300000,29336.01,29300,25523,29305,5000,29285,10020,29280,5000
2020-06-08 09:26:56.610000,29336.01,29300,25523,29305,5000,29285,10020,29280,5000
2020-06-08 09:26:58.390000,29336.01,29300,25523,29305,5000,29285,10020,29280,5000
2020-06-08 09:26:58.770000,29336.01,29300,25523,29305,5000,29285,10020,29280,5000
2020-06-08 09:26:59.470000,29336.01,29300,25023,29305,5000,29285,10020,29280,5000
2020-06-08 09:27:00.460000,29336.01,29300,25023,29305,5000,29285,10020,29280,5000
2020-06-08 09:27:00.850000,29336.01,29305,25027,29310,4996,29290,10020,29285,5000
2020-06-08 09:27:01.750000,29336.01,29305,25027,29310,4996,29290,10020,29285,5000
2020-06-08 09:27:02.670000,29336.01,29305,25527,29310,4996,29290,10020,29285,5000
2020-06-08 09:27:03.520000,29336.01,29300,25023,29305,5500,29285,10020,29280,5000
2020-06-08 09:27:04.660000,29336.01,29305,25027,29310,4996,29290,10020,29285,5000
2020-06-08 09:27:05.110000,29336.17,29300,4996,29305,25427,29290,10020,29280,5000
2020-06-08 09:27:06.260000,29336.17,29300,25423,29305,5400,29285,10020,29280,5000
2020-06-08 09:27:06.740000,29336.17,29300,400,29305,25427,29290,10020,29285,5000
2020-06-08 09:27:07.830000,29336.17,29300,25523,29305,5400,29285,10020,29280,5000
2020-06-08 09:27:09.390000,29336.17,29295,5000,29300,25523,29285,10020,29275,5000
2020-06-08 09:27:09.830000,29336.17,29295,5500,29300,25423,29285,10020,29275,5000
2020-06-08 09:27:10.960000,29336.17,29295,25527,29300,5396,29280,10020,29275,5000
2020-06-08 09:27:11.410000,29336.17,29295,5500,29300,25423,29285,10020,29275,5000
2020-06-08 09:27:12.530000,29336.17,29295,25527,29300,5396,29280,10020,29275,5000
2020-06-08 09:27:13.560000,29336.17,29300,25423,29305,5000,29285,10020,29280,5000
2020-06-08 09:27:14.590000,29336.17,29295,25027,29300,5496,29280,10020,29275,5000
2020-06-08 09:27:14.940000,29337.66,29295,25527,29300,5396,29280,10020,29275,5000
2020-06-08 09:27:15.650000,29337.66,29295,5000,29300,25423,29285,10020,29275,5000
2020-06-08 09:27:16.690000,29337.66,29295,25527,29300,5396,29280,10020,29275,5000
2020-06-08 09:27:16.890000,29337.66,29295,25527,29300,4996,29280,10020,29275,5000
2020-06-08 09:27:17.730000,29337.66,29295,5500,29300,25023,29285,10020,29275,5000
2020-06-08 09:27:18.340000,29337.66,29305,25027,29310,4996,29290,10020,29285,5000
2020-06-08 09:27:19.290000,29337.66,29300,25023,29305,5500,29285,10020,29280,5000
2020-06-08 09:27:20.350000,29337.66,29300,25423,29305,5000,29285,10020,29280,5000
2020-06-08 09:27:24.240000,29337.66,29300,4996,29305,25027,29290,10020,29280,5000
2020-06-08 09:27:25.040000,29338.39,29300,5396,29305,25027,29290,10020,29280,5000
2020-06-08 09:27:26.070000,29338.39,29305,25027,29310,4996,29290,10020,29285,5000
2020-06-08 09:27:26.320000,29338.39,29300,20027,29305,5400,29285,15020,29280,5000
2020-06-08 09:27:27.150000,29338.39,29305,25427,29310,4996,29290,10020,29285,5000
2020-06-08 09:27:28.490000,29338.39,29300,25023,29305,5400,29285,10020,29280,5000
2020-06-08 09:27:29.250000,29338.39,29300,4996,29305,25427,29290,10020,29280,5000
2020-06-08 09:27:30.260000,29338.39,29300,5396,29305,25427,29290,10020,29280,5000
2020-06-08 09:27:30.540000,29338.39,29295,25027,29300,5396,29280,10020,29275,5000
2020-06-08 09:27:31.340000,29338.39,29295,25027,29300,5396,29280,10020,29275,5000
2020-06-08 09:27:32.390000,29338.39,29295,5000,29300,25423,29285,10020,29275,5000
2020-06-08 09:27:32.880000,29338.39,29295,5400,29300,25423,29285,10020,29275,5000
2020-06-08 09:27:33.980000,29338.39,29295,25427,29300,5396,29280,10020,29275,5000
2020-06-08 09:27:34.350000,29338.39,29295,25427,29300,5396,29280,10020,29275,5000
2020-06-08 09:27:35.170000,29326.04,29295,25427,29300,5396,29280,10020,29275,5000
2020-06-08 09:27:37.310000,29326.04,29290,20027,29295,5400,29275,15020,29270,5000
2020-06-08 09:27:38.170000,29326.04,29295,25427,29300,4996,29280,10020,29275,5000
2020-06-08 09:27:39.750000,29326.04,29290,25023,29295,5400,29275,10020,29270,5000
2020-06-08 09:27:40.050000,29326.04,29285,25027,29290,5396,29270,10020,29265,5000
2020-06-08 09:27:41.290000,29326.04,29285,25427,29290,5396,29270,10020,29265,5000
2020-06-08 09:27:43.600000,29326.04,29285,25427,29290,5396,29270,10020,29265,5000
2020-06-08 09:27:45.550000,29341.78,29285,25427,29290,5396,29270,10020,29265,5000
2020-06-08 09:27:52.040000,29341.78,29285,25427,29290,5396,29270,10020,29265,5000
2020-06-08 09:27:53.930000,29341.78,29280,25023,29285,5400,29265,10020,29260,5400
2020-06-08 09:27:54.180000,29341.78,29280,25423,29285,5400,29265,10020,29260,5400
2020-06-08 09:27:58.170000,29341.24,29280,100,29285,25427,29270,10020,29265,5000
2020-06-08 09:27:58.580000,29341.24,29280,400,29285,25427,29270,10020,29265,5000
2020-06-08 09:27:59.240000,29341.24,29280,400,29285,25427,29270,10020,29265,5000
2020-06-08 09:28:00.250000,29341.24,29285,25427,29290,4996,29270,10020,29265,5000
2020-06-08 09:28:00.710000,29341.24,29290,25023,29295,5000,29275,10020,29270,5000
2020-06-08 09:28:01.860000,29341.24,29290,25423,29295,5000,29275,10020,29270,5000
2020-06-08 09:28:02.960000,29341.24,29290,5396,29295,25027,29280,10020,29270,5000
2020-06-08 09:28:03.650000,29341.24,29295,20027,29300,4996,29280,15020,29275,5000
2020-06-08 09:28:04.350000,29334.21,29295,25327,29300,4996,29280,10019,29275,5000
2020-06-08 09:28:07.580000,29334.21,29290,25023,29295,5300,29275,10019,29270,5000
2020-06-08 09:28:08.040000,29334.21,29290,25323,29295,5300,29275,10019,29270,5000
2020-06-08 09:28:09.690000,29334.21,29295,25327,29300,4996,29280,10019,29275,5000
2020-06-08 09:28:10.740000,29334.21,29290,25023,29295,5300,29275,10019,29270,5000
2020-06-08 09:28:10.990000,29334.21,29290,25323,29295,5300,29275,10019,29270,5000
2020-06-08 09:28:11.790000,29334.21,29285,25027,29290,5296,29270,10019,29265,5000
2020-06-08 09:28:12.830000,29334.21,29290,25323,29295,5000,29275,10019,29270,5000
2020-06-08 09:28:13.320000,29334.21,29290,25323,29295,5000,29275,10019,29270,5000
2020-06-08 09:28:19.640000,29336.31,29290,5296,29295,25027,29275,10019,29270,5000
2020-06-08 09:28:19.950000,29336.31,29290,25023,29295,5000,29275,10019,29270,5000
2020-06-08 09:28:20.680000,29336.31,29295,25027,29300,4996,29280,10019,29275,5000
2020-06-08 09:28:21.750000,29336.31,29295,25327,29300,4996,29280,10019,29275,5000
2020-06-08 09:28:22.790000,29336.31,29300,25023,29305,5000,29285,10019,29280,5000
2020-06-08 09:28:23.130000,29336.31,29300,25323,29305,5000,29285,10019,29280,5000
2020-06-08 09:28:25.450000,29316.76,29305,25027,29310,4996,29290,10019,29285,5000
2020-06-08 09:28:26.500000,29316.76,29300,25023,29305,5200,29285,10019,29280,5000
2020-06-08 09:28:26.770000,29316.76,29300,25223,29305,5200,29285,10019,29280,5000
2020-06-08 09:28:30.040000,29316.76,29300,20027,29305,5200,29285,15019,29280,5000
2020-06-08 09:28:30.790000,29316.76,29305,25227,29310,4996,29290,10019,29285,5000
2020-06-08 09:28:31.810000,29316.76,29300,20027,29305,5200,29285,15019,29280,5000
2020-06-08 09:28:32.020000,29316.76,29300,25223,29305,5200,29285,10019,29280,5000
2020-06-08 09:28:37.930000,29337.05,29300,4996,29305,25227,29290,10019,29280,5000
2020-06-08 09:28:38.440000,29337.05,29300,200,29305,25227,29285,15019,29280,5000
2020-06-08 09:28:39.630000,29337.05,29300,25223,29305,5200,29285,10019,29280,5000
2020-06-08 09:28:44.330000,29337.05,29300,25223,29305,5200,29285,10019,29280,5000
2020-06-08 09:28:45.350000,29345.95,29300,25223,29305,5200,29285,10019,29280,5000
2020-06-08 09:28:46.410000,29345.95,29300,25223,29305,5200,29285,10019,29280,5000
2020-06-08 09:28:48.500000,29345.95,29300,5196,29305,25227,29290,10019,29280,5000
2020-06-08 09:28:49.680000,29345.95,29300,25223,29305,5200,29285,10019,29280,5000
2020-06-08 09:28:50.590000,29345.95,29300,25223,29305,5200,29285,10019,29280,5000
2020-06-08 09:28:51.610000,29345.95,29300,25223,29305,5200,29285,10019,29280,5000
2020-06-08 09:28:51.780000,29345.95,29305,25227,29310,4996,29290,10019,29285,5000
2020-06-08 09:28:53.710000,29345.95,29305,25027,29310,4996,29290,10019,29285,5000
2020-06-08 09:28:54.150000,29345.95,29300,25023,29305,5200,29285,10019,29280,5000
2020-06-08 09:28:55.320000,29339.39,29305,25227,29310,4996,29290,10019,29285,5000
2020-06-08 09:28:57.950000,29339.39,29305,25227,29310,4996,29290,10019,29285,5000
2020-06-08 09:29:00.400000,29339.39,29305,25027,29310,4996,29290,10019,29285,5000
2020-06-08 09:29:02.660000,29339.39,29310,25023,29315,5000,29295,10019,29290,5000
2020-06-08 09:29:03.640000,29339.39,29310,25223,29315,5000,29295,10019,29290,5000
2020-06-08 09:29:03.940000,29339.39,29315,25027,29320,4997,29300,10019,29295,5000
2020-06-08 09:29:04.750000,29342.7,29315,25127,29320,4997,29300,10019,29295,5000
2020-06-08 09:29:05.800000,29342.7,29320,25024,29325,5000,29305,10019,29300,5000
2020-06-08 09:29:06.330000,29342.7,29315,20027,29320,5097,29300,15019,29295,5000
2020-06-08 09:29:07.380000,29342.7,29315,25127,29320,5097,29300,10019,29295,5000
2020-06-08 09:29:07.830000,29342.7,29315,25128,29320,5097,29300,10019,29295,5000
2020-06-08 09:29:08.400000,29342.7,29315,25128,29320,5097,29300,10019,29295,5000
2020-06-08 09:29:09.710000,29342.7,29315,25128,29320,5097,29300,10019,29295,5000
2020-06-08 09:29:10.530000,29342.7,29315,20128,29320,5097,29300,15019,29295,5000
2020-06-08 09:29:11.820000,29342.7,29315,101,29320,25124,29305,10019,29300,5000
2020-06-08 09:29:12.650000,29342.7,29315,101,29320,25124,29305,10019,29300,5000
2020-06-08 09:29:14.210000,29342.7,29315,101,29320,25124,29305,10019,29300,5000
2020-06-08 09:29:16.500000,29344.9,29315,101,29320,25124,29305,10019,29300,5000
2020-06-08 09:29:17.370000,29344.9,29315,25128,29320,5097,29300,10019,29295,5000
2020-06-08 09:29:18.700000,29344.9,29310,25023,29315,5101,29295,10019,29290,5000
2020-06-08 09:29:19.510000,29344.9,29310,25123,29315,5101,29295,10019,29290,5000
2020-06-08 09:29:20.510000,29344.9,29305,5000,29310,25123,29290,10019,29285,5000
2020-06-08 09:29:21.580000,29344.9,29305,25127,29310,5096,29290,10019,29285,5000
2020-06-08 09:29:21.940000,29344.9,29305,25127,29310,5096,29290,10019,29285,5000
2020-06-08 09:29:22.700000,29344.9,29305,100,29310,25123,29295,10019,29290,5000
2020-06-08 09:29:23.700000,29344.9,29300,25023,29305,5100,29285,10019,29280,5000
2020-06-08 09:29:24.750000,29344.78,29300,25023,29305,5100,29285,10019,29280,5000
2020-06-08 09:29:25.010000,29344.78,29300,25123,29305,5100,29285,10019,29280,5000
2020-06-08 09:29:26.790000,29344.78,29300,25023,29305,5100,29285,10019,29280,5000
2020-06-08 09:29:27.140000,29344.78,29305,5100,29310,25123,29295,10019,29285,5000
2020-06-08 09:29:28.370000,29344.78,29300,25023,29305,5100,29285,10019,29280,5000
2020-06-08 09:29:28.740000,29344.78,29300,25023,29305,5100,29285,10019,29280,5000
2020-06-08 09:29:29.440000,29344.78,29300,25123,29305,5100,29285,10019,29280,5000
2020-06-08 09:29:30.480000,29344.78,29300,25023,29305,5100,29285,10019,29280,5000
2020-06-08 09:29:30.810000,29344.78,29300,25123,29305,5100,29285,10019,29280,5000
2020-06-08 09:29:31.530000,29344.78,29295,20027,29300,5096,29280,15019,29275,5000
2020-06-08 09:29:32.570000,29344.78,29300,25123,29305,5100,29285,10019,29280,5000
2020-06-08 09:29:34.430000,29344.78,29295,25027,29300,5096,29280,10019,29275,5000
2020-06-08 09:29:34.800000,29345.47,29285,25027,29290,4996,29270,10019,29265,5000
2020-06-08 09:29:35.740000,29345.47,29285,25027,29290,4996,29270,10019,29265,5000
2020-06-08 09:29:36.780000,29345.47,29290,25023,29295,5000,29275,10019,29270,5000
2020-06-08 09:29:40.980000,29345.47,29290,25023,29295,5000,29275,10019,29270,5000
2020-06-08 09:29:42.400000,29345.47,29285,25027,29290,4996,29270,10019,29265,5000
2020-06-08 09:29:46.640000,29333.8,29290,25023,29295,5000,29275,10019,29270,5000
2020-06-08 09:29:47.300000,29333.8,29295,25027,29300,5096,29280,10019,29275,5000
2020-06-08 09:29:48.300000,29333.8,29290,25023,29295,5000,29275,10019,29270,5000
2020-06-08 09:29:48.710000,29333.8,29295,25027,29300,5096,29280,10019,29275,5000
2020-06-08 09:29:50.390000,29333.8,29295,20027,29300,5096,29280,15019,29275,5000
2020-06-08 09:29:50.780000,29333.8,29300,25123,29305,5100,29285,10019,29280,5000
2020-06-08 09:29:51.440000,29333.8,29300,25123,29305,5100,29285,10019,29280,5000
2020-06-08 09:29:52.490000,29333.8,29295,25027,29300,5096,29280,10019,29275,5000
2020-06-08 09:29:54.040000,29333.8,29300,25123,29305,5100,29285,10019,29280,5000
2020-06-08 09:29:55.120000,29324.43,29305,25127,29310,5096,29290,10019,29285,5000
2020-06-08 09:29:55.430000,29324.43,29305,100,29310,25123,29295,10019,29290,5000
2020-06-08 09:29:56.680000,29324.43,29300,25023,29305,5000,29285,10019,29280,5000
2020-06-08 09:29:56.950000,29324.43,29295,25027,29300,4996,29280,10019,29275,5000
2020-06-08 09:29:58.800000,29324.43,29300,25023,29305,5000,29285,10019,29280,5000
2020-06-08 09:29:59.900000,29324.43,29290,25023,29295,5000,29275,10019,29270,5000
2020-06-08 09:30:00.920000,29324.43,29290,25023,29295,5000,29270,15019,29265,5000
2020-06-08 09:30:01.960000,29324.43,29290,25023,29295,5000,29275,10019,29270,5000
2020-06-08 09:30:02.420000,29324.43,29290,25023,29295,5000,29275,10019,29270,5000
2020-06-08 09:30:03.530000,29324.43,29290,25023,29295,5000,29275,10019,29270,5000
2020-06-08 09:30:04.540000,29340.96,29290,25023,29295,5000,29275,10019,29270,5000
2020-06-08 09:30:07.670000,29340.96,29285,25027,29290,4996,29270,10019,29265,5000
2020-06-08 09:30:14.960000,29340.56,29280,25023,29285,5000,29265,10019,29260,5400
2020-06-08 09:30:16.490000,29340.56,29275,20027,29280,4996,29260,15419,29255,6700
2020-06-08 09:30:16.840000,29340.56,29270,25023,29275,5000,29255,11719,29250,8801
2020-06-08 09:30:18.090000,29340.56,29270,25023,29275,5000,29255,11719,29250,8801
2020-06-08 09:30:19.150000,29340.56,29265,25027,29270,4996,29250,13820,29245,5001
2020-06-08 09:30:20.200000,29340.56,29265,20027,29270,4996,29250,18820,29245,5001
2020-06-08 09:30:20.640000,29340.56,29270,25023,29275,5000,29255,10019,29250,8801
2020-06-08 09:30:21.750000,29340.56,29265,25027,29270,4996,29250,13820,29245,5001
2020-06-08 09:30:25.460000,29315.06,29270,25023,29275,5000,29255,10019,29250,8801
2020-06-08 09:30:25.850000,29315.06,29260,25023,29265,5000,29250,3801,29245,10020
2020-06-08 09:30:27.040000,29315.06,29260,25023,29265,5000,29250,1,29245,10020
2020-06-08 09:30:27.360000,29315.06,29255,25027,29260,4996,29245,1,29240,10020
2020-06-08 09:30:30.690000,29315.06,29250,25023,29255,5000,29240,1,29235,10020
2020-06-08 09:30:32.780000,29315.06,29250,25023,29255,5000,29235,10020,29230,5001
2020-06-08 09:30:33.850000,29315.06,29245,25027,29250,4996,29235,1,29230,10020
2020-06-08 09:30:34.310000,29315.06,29250,25023,29255,5000,29235,10020,29230,5001
2020-06-08 09:30:35.390000,29312.6,29255,25027,29260,4996,29240,10019,29235,5001
2020-06-08 09:30:36.560000,29312.6,29250,25023,29255,5000,29235,10020,29230,5001
2020-06-08 09:30:37.510000,29312.6,29250,25023,29255,5000,29235,10020,29230,5001
2020-06-08 09:30:38.590000,29312.6,29255,25027,29260,4996,29240,10019,29235,5001
2020-06-08 09:30:39.650000,29312.6,29255,25027,29260,4996,29240,10019,29235,5001
2020-06-08 09:30:39.900000,29312.6,29250,25023,29255,5000,29235,10020,29230,5001
2020-06-08 09:30:43.120000,29312.6,29250,25023,29255,5000,29235,10020,29230,5001
2020-06-08 09:30:44.900000,29290.02,29250,25023,29255,5000,29235,10020,29230,5001
2020-06-08 09:30:48.040000,29290.02,29245,25027,29250,4996,29235,1,29230,10020
2020-06-08 09:30:48.570000,29290.02,29250,25023,29255,5000,29235,10020,29230,5001
2020-06-08 09:30:49.590000,29290.02,29255,25027,29260,4996,29240,10019,29235,5001
2020-06-08 09:30:56.540000,29304.52,29260,25023,29265,5000,29245,10019,29240,5000
2020-06-08 09:30:58.840000,29304.52,29260,20027,29265,5000,29245,15019,29240,5000
2020-06-08 09:30:59.590000,29304.52,29260,25023,29265,5000,29245,10019,29240,5000
2020-06-08 09:31:00.930000,29304.52,29250,4996,29255,25027,29240,10019,29235,1
2020-06-08 09:31:02.180000,29304.52,29255,25027,29260,4996,29240,10019,29235,5001
2020-06-08 09:31:03.250000,29304.52,29265,25027,29270,4996,29250,10019,29245,5000
2020-06-08 09:31:03.650000,29304.52,29260,25023,29265,5000,29245,10019,29240,5000
2020-06-08 09:31:04.800000,29288.01,29255,25027,29260,4996,29240,10019,29235,5001
2020-06-08 09:31:05.210000,29288.01,29255,25027,29260,4996,29240,10019,29235,5001
2020-06-08 09:31:06.900000,29288.01,29255,25027,29260,4996,29240,10019,29235,5001
2020-06-08 09:31:07.180000,29288.01,29255,25027,29260,4996,29240,10019,29235,5001
2020-06-08 09:31:08.500000,29288.01,29250,25023,29255,5000,29235,10020,29230,5001
2020-06-08 09:31:12.650000,29288.01,29245,5000,29250,25023,29235,10020,29230,1
2020-06-08 09:31:13.670000,29288.01,29250,25023,29255,5000,29235,10020,29230,5001
2020-06-08 09:31:16.790000,29287.51,29245,25027,29250,4996,29235,1,29230,10020
2020-06-08 09:31:18.280000,29287.51,29240,25023,29245,5000,29230,1,29225,10121
2020-06-08 09:31:19.510000,29287.51,29235,25027,29240,4996,29225,102,29220,10021
2020-06-08 09:31:20.040000,29287.51,29235,25027,29240,4996,29225,102,29220,10021
2020-06-08 09:31:21.100000,29287.51,29235,25027,29240,4996,29225,102,29220,10021
2020-06-08 09:31:22.670000,29287.51,29230,25023,29235,5000,29220,2,29215,10021
2020-06-08 09:31:23.730000,29287.51,29230,25018,29235,5000,29215,10021,29210,5001
2020-06-08 09:31:25.840000,29295.61,29225,20022,29230,4996,29215,2,29210,15020
2020-06-08 09:31:26.840000,29295.61,29225,25022,29230,4996,29210,10020,29205,5001
2020-06-08 09:31:27.880000,29295.61,29225,25022,29230,4996,29210,10020,29205,5001
2020-06-08 09:31:28.950000,29295.61,29220,25018,29225,5000,29210,1,29205,10020
2020-06-08 09:31:29.450000,29295.61,29230,25018,29235,5000,29215,10019,29210,5000
2020-06-08 09:31:30.910000,29295.61,29230,25018,29235,5000,29215,10018,29210,5000
2020-06-08 09:31:32.120000,29295.61,29225,25022,29230,4996,29210,10018,29205,5001
2020-06-08 09:31:34.200000,29295.61,29230,25018,29235,5000,29215,10018,29210,5000
2020-06-08 09:31:34.800000,29269.29,29230,25018,29235,5000,29215,10018,29210,5000
2020-06-08 09:31:41.560000,29269.29,29230,25018,29235,5000,29215,10018,29210,5000
2020-06-08 09:31:44.180000,29269.29,29225,25022,29230,4996,29210,10018,29205,5001
2020-06-08 09:31:45.210000,29263.64,29225,5000,29230,25018,29215,10018,29205,5001
2020-06-08 09:31:45.450000,29263.64,29225,25022,29230,4996,29210,10018,29205,5001
2020-06-08 09:31:46.250000,29263.64,29220,25018,29225,5000,29205,10019,29200,5002
2020-06-08 09:31:46.740000,29263.64,29220,25018,29225,5000,29205,10019,29200,5002
2020-06-08 09:31:47.830000,29263.64,29225,25022,29230,4996,29210,10018,29205,5001
2020-06-08 09:31:48.850000,29263.64,29225,25022,29230,4996,29210,10018,29205,5001
2020-06-08 09:31:49.930000,29263.64,29215,25022,29220,4996,29205,1,29200,10020
2020-06-08 09:31:52.030000,29263.64,29215,25022,29220,4996,29205,1,29200,10020
2020-06-08 09:31:53.090000,29263.64,29215,25022,29220,4996,29200,10020,29195,5001
2020-06-08 09:31:54.310000,29278.47,29210,25018,29215,5000,29200,2,29195,10019
2020-06-08 09:31:56.230000,29278.47,29210,25018,29215,5000,29195,10019,29190,5001
2020-06-08 09:31:57.260000,29278.47,29205,25022,29210,4996,29195,1,29190,10019
2020-06-08 09:31:58.280000,29278.47,29205,25022,29210,4996,29190,10019,29185,5001
2020-06-08 09:31:58.750000,29278.47,29200,25018,29205,5000,29190,1,29185,10019
2020-06-08 09:31:59.890000,29278.47,29200,25018,29205,5000,29185,10019,29180,5001
2020-06-08 09:32:00.950000,29278.47,29205,20022,29210,4996,29190,15018,29185,5001
2020-06-08 09:32:01.970000,29278.47,29200,20022,29205,5000,29185,15019,29180,5001
2020-06-08 09:32:02.480000,29278.47,29205,25022,29210,4996,29190,10018,29185,5001
2020-06-08 09:32:04.600000,29278.47,29205,25022,29210,4996,29190,10018,29185,5001
2020-06-08 09:32:05.690000,29256.42,29210,25018,29215,5000,29195,10018,29190,5000
2020-06-08 09:32:06.740000,29256.42,29210,25018,29215,5000,29195,10018,29190,5000
2020-06-08 09:32:08.200000,29256.42,29205,25022,29210,4996,29190,10018,29185,5001
2020-06-08 09:32:09.900000,29256.42,29205,25022,29210,4996,29190,8190,29185,5001
2020-06-08 09:32:11.900000,29256.42,29205,5000,29210,25018,29195,8190,29185,5001
2020-06-08 09:32:12.280000,29256.42,29210,25018,29215,5000,29195,8190,29190,5000
2020-06-08 09:32:13.490000,29256.42,29205,25022,29210,4996,29190,8190,29185,5001
2020-06-08 09:32:14.540000,29229.81,29210,25018,29215,5000,29195,8190,29190,5000
2020-06-08 09:32:16.010000,29229.81,29210,25018,29215,5000,29195,8190,29190,5000
2020-06-08 09:32:17.200000,29229.81,29210,25018,29215,5000,29195,8190,29190,5000
2020-06-08 09:32:17.550000,29229.81,29210,25018,29215,5000,29195,8190,29190,5000
2020-06-08 09:32:20.010000,29229.81,29215,25022,29220,4996,29200,8190,29195,5000
2020-06-08 09:32:20.880000,29229.81,29215,25022,29220,4996,29200,8190,29195,5000
2020-06-08 09:32:21.890000,29229.81,29210,25018,29215,5000,29195,8190,29190,5000
2020-06-08 09:32:25.570000,29222.36,29215,25022,29220,4996,29200,8190,29195,5000
2020-06-08 09:32:26.680000,29222.36,29210,20022,29215,5000,29195,13190,29190,5000
2020-06-08 09:32:26.880000,29222.36,29210,25018,29215,5000,29195,8190,29190,5000
2020-06-08 09:32:30.340000,29222.36,29210,25018,29215,5000,29195,8190,29190,5000
2020-06-08 09:32:30.640000,29222.36,29210,25018,29215,5000,29195,8190,29190,5000
2020-06-08 09:32:32.270000,29222.36,29205,25022,29210,4996,29190,8190,29185,5001
2020-06-08 09:32:33.490000,29222.36,29210,25018,29215,5000,29195,8190,29190,5000
2020-06-08 09:32:36.160000,29251.34,29215,25022,29220,4996,29200,8190,29195,5000
2020-06-08 09:32:37.750000,29251.34,29215,25022,29220,4996,29200,8190,29195,5000
2020-06-08 09:32:39.840000,29251.34,29220,25018,29225,5000,29205,8190,29200,5000
2020-06-08 09:32:41.170000,29251.34,29220,25018,29225,5000,29205,8190,29200,5000
2020-06-08 09:32:42.000000,29251.34,29220,25018,29225,5000,29205,8190,29200,5000
2020-06-08 09:32:42.990000,29251.34,29225,25022,29230,4996,29210,8190,29205,5000
2020-06-08 09:32:44.310000,29229.46,29225,25022,29230,4996,29210,8190,29205,5000
2020-06-08 09:32:46.110000,29229.46,29230,25018,29235,5000,29215,8190,29210,5000
2020-06-08 09:32:46.430000,29229.46,29230,25018,29235,5000,29215,8190,29210,5000
2020-06-08 09:32:47.160000,29229.46,29230,25018,29235,5000,29215,8190,29210,5000
2020-06-08 09:32:50.270000,29229.46,29225,25022,29230,4996,29210,8190,29205,5000
2020-06-08 09:32:51.290000,29229.46,29230,25018,29235,5000,29215,8190,29210,5000
2020-06-08 09:33:00.800000,29244.24,29225,25022,29230,4996,29210,8190,29205,5000
2020-06-08 09:33:03.900000,29244.24,29220,25018,29225,5000,29205,8190,29200,5000
2020-06-08 09:33:04.930000,29239.2,29225,25022,29230,4996,29210,8190,29205,5000
2020-06-08 09:33:14.240000,29247.0,29220,25018,29225,5000,29205,8190,29200,5000
2020-06-08 09:33:17.420000,29247.0,29215,25022,29220,4996,29200,8190,29195,5000
2020-06-08 09:33:20.140000,29247.0,29215,25022,29220,4996,29200,8190,29195,5000
2020-06-08 09:33:25.710000,29248.34,29215,25022,29220,4996,29200,8190,29195,5000
2020-06-08 09:33:26.450000,29248.34,29210,25018,29215,5000,29195,8190,29190,5000
2020-06-08 09:33:27.510000,29248.34,29210,20022,29215,5000,29195,13190,29190,5000
2020-06-08 09:33:29.570000,29248.34,29210,25018,29215,5000,29195,8190,29190,5000
2020-06-08 09:33:29.780000,29248.34,29210,25018,29215,5000,29195,8190,29190,5000
2020-06-08 09:33:31.010000,29248.34,29210,25018,29215,5000,29195,8190,29190,5000
2020-06-08 09:33:32.480000,29248.34,29205,25022,29210,4996,29190,8190,29185,5001
2020-06-08 09:33:34.320000,29248.34,29195,20022,29200,4996,29185,1,29180,13191
2020-06-08 09:33:34.740000,29231.78,29200,25018,29205,5000,29185,8191,29180,5001
2020-06-08 09:33:35.880000,29231.78,29195,25022,29200,4996,29185,1,29180,8191
2020-06-08 09:33:36.890000,29231.78,29195,25022,29200,4996,29180,8191,29175,5001
2020-06-08 09:33:37.980000,29231.78,29190,20022,29195,5000,29180,1,29175,13191
2020-06-08 09:33:39.020000,29231.78,29190,25018,29195,5000,29180,1,29175,8191
2020-06-08 09:33:40.090000,29231.78,29190,100,29195,25022,29180,8240,29175,5001
2020-06-08 09:33:40.500000,29231.78,29190,25118,29195,5000,29180,50,29175,8191
2020-06-08 09:33:41.650000,29231.78,29190,25118,29195,5000,29175,8191,29170,5001
2020-06-08 09:33:44.260000,29231.78,29185,25022,29190,5096,29175,1,29170,8191
2020-06-08 09:33:45.320000,29239.17,29185,25122,29190,5096,29175,1,29170,8191
2020-06-08 09:33:45.640000,29239.17,29185,25222,29190,5096,29170,8191,29165,5001
2020-06-08 09:33:46.380000,29239.17,29180,25018,29185,5200,29170,1,29165,8191
2020-06-08 09:33:47.390000,29239.17,29180,25218,29185,5200,29170,1,29165,8191
2020-06-08 09:33:47.840000,29239.17,29180,25218,29185,5200,29165,8191,29160,5001
2020-06-08 09:33:48.970000,29239.17,29175,25022,29180,5196,29165,1,29160,8191
2020-06-08 09:33:49.980000,29239.17,29170,300,29175,25322,29160,8191,29155,5001
2020-06-08 09:33:50.320000,29239.17,29175,300,29180,25018,29165,8190,29160,5001
2020-06-08 09:33:51.070000,29239.17,29175,25322,29180,4996,29160,8191,29155,5001
2020-06-08 09:33:52.110000,29239.17,29175,300,29180,25018,29165,8190,29160,5001
2020-06-08 09:33:52.340000,29239.17,29175,20422,29180,4996,29160,13191,29155,5001
2020-06-08 09:33:53.160000,29239.17,29175,400,29180,25018,29165,8190,29160,5001
2020-06-08 09:33:54.220000,29223.28,29175,25422,29180,4996,29160,8191,29155,5001
2020-06-08 09:33:55.250000,29223.28,29175,5400,29180,25018,29165,8190,29160,1
2020-06-08 09:33:55.640000,29223.28,29175,20422,29180,4996,29160,13191,29155,5001
2020-06-08 09:33:56.460000,29223.28,29175,400,29180,25018,29165,8190,29160,5001
2020-06-08 09:33:57.410000,29223.28,29175,400,29180,25018,29165,8190,29160,5001
2020-06-08 09:33:58.980000,29223.28,29175,400,29180,25018,29165,8190,29160,5001
2020-06-08 09:34:00.580000,29223.28,29175,400,29185,25022,29165,13190,29160,5001
2020-06-08 09:34:00.980000,29223.28,29185,25022,29190,4996,29170,8190,29165,5000
2020-06-08 09:34:02.140000,29223.28,29180,25018,29185,5400,29165,8190,29160,5001
2020-06-08 09:34:02.740000,29223.28,29185,25422,29190,4996,29170,8190,29165,5000
2020-06-08 09:34:03.700000,29223.28,29185,400,29190,25018,29175,8190,29170,5000
2020-06-08 09:34:04.180000,29223.28,29185,400,29190,25018,29175,8190,29170,5000
2020-06-08 09:34:05.640000,29220.81,29195,25022,29200,4996,29180,8190,29175,5000
2020-06-08 09:34:06.420000,29220.81,29195,25422,29200,4996,29180,8190,29175,5000
2020-06-08 09:34:07.390000,29220.81,29195,25422,29200,4996,29180,8190,29175,5000
2020-06-08 09:34:08.420000,29220.81,29195,25422,29200,4996,29180,8190,29175,5000
2020-06-08 09:34:09.480000,29220.81,29195,25422,29200,4996,29180,8190,29175,5000
2020-06-08 09:34:10.650000,29220.81,29195,25422,29200,4996,29180,8190,29175,5000
2020-06-08 09:34:11.580000,29220.81,29195,25422,29200,4996,29180,8190,29175,5000
2020-06-08 09:34:12.560000,29220.81,29195,25422,29200,4996,29180,8190,29175,5000
2020-06-08 09:34:12.870000,29220.81,29190,20022,29195,5400,29175,13190,29170,5000
2020-06-08 09:34:13.670000,29220.81,29190,5396,29195,25422,29180,8190,29170,5000
2020-06-08 09:34:14.720000,29220.81,29190,5396,29195,25422,29180,8190,29170,5000
2020-06-08 09:34:15.010000,29219.83,29190,400,29195,25422,29180,8190,29175,5000
2020-06-08 09:34:15.780000,29219.83,29185,25022,29190,5496,29170,8190,29165,5000
2020-06-08 09:34:16.840000,29219.83,29190,25418,29195,5000,29175,8190,29170,5000
2020-06-08 09:34:17.110000,29219.83,29190,25518,29195,5000,29175,8190,29170,5000
2020-06-08 09:34:18.940000,29219.83,29185,25022,29190,5496,29170,8190,29165,5000
2020-06-08 09:34:19.470000,29219.83,29185,25522,29190,4996,29170,8190,29165,5000
2020-06-08 09:34:25.370000,29200.04,29190,25018,29195,5000,29175,8190,29170,5000
2020-06-08 09:34:26.230000,29200.04,29190,25518,29195,5000,29175,8190,29170,5000
2020-06-08 09:34:26.570000,29200.04,29190,500,29195,25022,29180,8190,29175,5000
2020-06-08 09:34:27.760000,29200.04,29195,25022,29200,4996,29180,8190,29175,5000
2020-06-08 09:34:28.000000,29200.04,29195,25522,29200,4996,29180,8190,29175,5000
2020-06-08 09:34:29.880000,29200.04,29200,25018,29205,5000,29185,8190,29180,5000
2020-06-08 09:34:30.150000,29200.04,29200,20522,29205,5000,29185,13190,29180,5000
2020-06-08 09:34:30.990000,29200.04,29200,500,29205,25022,29190,8190,29185,5000
2020-06-08 09:34:32.040000,29200.04,29200,500,29205,25022,29190,8190,29185,5000
2020-06-08 09:34:32.570000,29200.04,29200,500,29205,25022,29190,8190,29185,5000
2020-06-08 09:34:33.600000,29200.04,29200,500,29210,25018,29195,8190,29190,5000
2020-06-08 09:34:34.640000,29200.04,29210,25018,29215,5000,29195,8190,29190,5000
2020-06-08 09:34:35.670000,29205.35,29205,25022,29210,5496,29190,8190,29185,5000
2020-06-08 09:34:36.160000,29205.35,29205,25522,29210,4996,29190,8190,29185,5000
2020-06-08 09:34:39.870000,29205.35,29200,4996,29205,25522,29190,8190,29180,5000
2020-06-08 09:34:40.240000,29205.35,29200,25518,29205,5000,29185,8190,29180,5000
2020-06-08 09:34:41.410000,29205.35,29200,25518,29205,5000,29185,8190,29180,5000
2020-06-08 09:34:41.600000,29205.35,29200,500,29205,25022,29185,13190,29180,5000
2020-06-08 09:34:42.460000,29205.35,29200,500,29205,25022,29190,8190,29185,5000
2020-06-08 09:34:42.950000,29205.35,29200,600,29205,25022,29190,8190,29185,5000
2020-06-08 09:34:44.240000,29205.35,29200,25618,29205,5000,29185,8190,29180,5000
2020-06-08 09:34:45.070000,29226.84,29200,600,29205,25022,29190,8190,29185,5000
2020-06-08 09:34:46.110000,29226.84,29195,20022,29200,5596,29180,13190,29175,5000
2020-06-08 09:34:46.480000,29226.84,29195,5600,29200,25018,29180,8190,29175,5000
2020-06-08 09:34:47.700000,29226.84,29195,25622,29200,4996,29180,8190,29175,5000
2020-06-08 09:34:49.280000,29226.84,29190,25018,29195,5600,29175,8190,29170,5000
2020-06-08 09:34:49.740000,29226.84,29190,25618,29195,5000,29175,8190,29170,5000
2020-06-08 09:34:53.220000,29226.84,29180,25018,29185,5000,29165,8190,29160,5001
2020-06-08 09:34:54.200000,29226.84,29185,25022,29190,4996,29170,8190,29165,5000
2020-06-08 09:34:55.130000,29241.98,29185,25622,29190,4996,29170,8190,29165,5000
2020-06-08 09:34:56.190000,29241.98,29185,25622,29190,4996,29170,8190,29165,5000
2020-06-08 09:34:56.560000,29241.98,29190,25018,29195,5000,29175,8190,29170,5000
2020-06-08 09:34:57.240000,29241.98,29190,600,29195,25022,29180,8190,29175,5000
2020-06-08 09:34:58.310000,29241.98,29180,1,29190,20622,29175,13190,29170,5000
2020-06-08 09:34:58.770000,29241.98,29190,20622,29195,5000,29175,13190,29170,5000
2020-06-08 09:35:00.340000,29241.98,29190,25618,29195,5000,29175,8190,29170,5000
2020-06-08 09:35:01.840000,29241.98,29185,5000,29190,25618,29175,8190,29165,5000
2020-06-08 09:35:02.980000,29241.98,29185,20622,29190,4996,29170,13190,29165,5000
2020-06-08 09:35:03.330000,29241.98,29185,600,29190,25018,29175,8190,29170,5000
2020-06-08 09:35:05.560000,29224.16,29185,25622,29190,4996,29170,8190,29165,5000
2020-06-08 09:35:06.670000,29224.16,29180,25018,29185,5600,29165,8190,29160,5001
2020-06-08 09:35:07.040000,29224.16,29180,25618,29185,5000,29165,8190,29160,5001
2020-06-08 09:35:09.790000,29224.16,29175,25022,29180,5596,29160,8191,29155,5001
2020-06-08 09:35:10.030000,29224.16,29175,25622,29180,4996,29160,8191,29155,5001
2020-06-08 09:35:11.910000,29224.16,29175,600,29180,25018,29160,13191,29155,5001
2020-06-08 09:35:12.530000,29224.16,29175,700,29180,25018,29165,8190,29160,5001
2020-06-08 09:35:13.490000,29224.16,29170,25018,29175,5700,29160,1,29155,8191
2020-06-08 09:35:14.530000,29224.16,29170,25718,29175,5000,29155,8191,29150,5001
2020-06-08 09:35:17.690000,29216.48,29170,5696,29175,25022,29160,8190,29155,1
2020-06-08 09:35:18.170000,29216.48,29170,700,29175,25022,29160,8190,29155,5001
2020-06-08 09:35:19.280000,29216.48,29180,25018,29185,5000,29165,8190,29160,5000
2020-06-08 09:35:19.520000,29216.48,29175,20022,29180,5696,29160,13190,29155,5001
2020-06-08 09:35:20.330000,29216.48,29175,25722,29180,4996,29160,8190,29155,5001
2020-06-08 09:35:21.460000,29216.48,29180,25018,29185,5000,29165,8190,29160,5000
2020-06-08 09:35:22.450000,29216.48,29180,25718,29185,5000,29165,8190,29160,5000
2020-06-08 09:35:23.510000,29216.48,29180,700,29185,25022,29170,8190,29165,5000
2020-06-08 09:35:24.610000,29216.15,29180,700,29185,25022,29170,8190,29165,5000
2020-06-08 09:35:25.650000,29216.15,29180,25718,29185,5000,29165,8190,29160,5000
2020-06-08 09:35:27.770000,29216.15,29180,5696,29185,25022,29170,8190,29160,5000
2020-06-08 09:35:28.260000,29216.15,29180,25718,29185,5000,29165,8190,29160,5000
2020-06-08 09:35:29.640000,29216.15,29175,25022,29180,5696,29160,8190,29155,5001
2020-06-08 09:35:30.910000,29216.15,29175,25722,29180,4996,29160,8190,29155,5001
2020-06-08 09:35:32.010000,29216.15,29175,700,29180,25018,29165,8190,29160,5000
2020-06-08 09:35:33.000000,29216.15,29175,25822,29180,4996,29160,8190,29155,5001
2020-06-08 09:35:33.400000,29216.15,29175,100,29180,25018,29165,8190,29160,5000
2020-06-08 09:35:33.930000,29216.15,29175,800,29180,25018,29165,8190,29160,5000
2020-06-08 09:35:35.760000,29203.23,29175,800,29185,25022,29165,13190,29160,5000
2020-06-08 09:35:36.660000,29203.23,29185,25022,29190,4996,29170,8190,29165,5000
2020-06-08 09:35:38.400000,29203.23,29185,25922,29190,4996,29165,13190,29160,5000
2020-06-08 09:35:39.270000,29203.23,29180,20022,29185,5900,29165,13190,29160,5000
2020-06-08 09:35:40.280000,29203.23,29180,25818,29185,5000,29165,8190,29160,5000
2020-06-08 09:35:41.360000,29203.23,29180,20822,29185,5000,29165,8190,29160,5000
2020-06-08 09:35:41.840000,29203.23,29180,25818,29185,5000,29165,8190,29160,5000
2020-06-08 09:35:43.240000,29203.23,29180,5796,29185,25022,29165,8190,29160,5000
2020-06-08 09:35:43.900000,29203.23,29180,20822,29185,5000,29165,13190,29160,5000
2020-06-08 09:35:45.020000,29211.2,29180,25818,29185,5000,29165,8190,29160,5000
2020-06-08 09:35:51.810000,29211.2,29185,25022,29190,4996,29170,8190,29165,5000
2020-06-08 09:35:52.880000,29211.2,29180,25018,29185,5800,29165,8190,29160,5000
2020-06-08 09:35:53.340000,29211.2,29180,25818,29185,5000,29165,8190,29160,5000
2020-06-08 09:35:53.970000,29213.11,29175,25022,29180,5796,29160,8190,29155,5001
2020-06-08 09:35:55.010000,29213.11,29175,25822,29180,4996,29160,8190,29155,5001
2020-06-08 09:35:57.110000,29213.11,29180,25018,29185,5000,29165,8190,29160,5000
2020-06-08 09:35:57.380000,29213.11,29180,800,29185,25022,29165,13190,29160,5000
2020-06-08 09:35:58.170000,29213.11,29180,25818,29185,5000,29165,8190,29160,5000
2020-06-08 09:35:59.500000,29213.11,29175,25022,29180,5796,29160,8190,29155,5001
2020-06-08 09:36:00.270000,29213.11,29175,25822,29180,4996,29160,8190,29155,5001
2020-06-08 09:36:01.320000,29213.11,29180,25018,29185,5000,29165,8190,29160,5000
2020-06-08 09:36:01.630000,29213.11,29180,25818,29185,5000,29165,8190,29160,5000
2020-06-08 09:36:02.360000,29213.11,29175,25022,29180,5796,29160,8190,29155,5001
2020-06-08 09:36:03.400000,29213.11,29175,25822,29180,4996,29160,8190,29155,5001
2020-06-08 09:36:03.770000,29213.11,29180,25018,29185,5000,29165,8190,29160,5000
2020-06-08 09:36:04.970000,29196.78,29180,25818,29185,5000,29165,8190,29160,5000
2020-06-08 09:36:05.220000,29196.78,29175,20022,29180,5796,29160,13190,29155,5001
2020-06-08 09:36:06.040000,29196.78,29175,25822,29180,4996,29160,8190,29155,5001
2020-06-08 09:36:07.500000,29196.78,29180,25018,29185,5000,29165,8190,29160,5000
2020-06-08 09:36:08.700000,29196.78,29180,25718,29185,5000,29160,13190,29155,5001
2020-06-08 09:36:08.900000,29196.78,29180,25718,29185,5000,29160,13190,29155,5001
2020-06-08 09:36:09.730000,29196.78,29180,25718,29185,5000,29165,8190,29160,5000
2020-06-08 09:36:10.180000,29196.78,29175,5000,29180,25718,29165,8190,29160,5000
2020-06-08 09:36:11.280000,29196.78,29175,700,29180,25018,29165,8190,29160,5000
2020-06-08 09:36:12.850000,29196.78,29175,25722,29180,4996,29160,8190,29155,5001
2020-06-08 09:36:15.510000,29195.22,29170,25018,29175,5700,29155,8191,29150,5001
2020-06-08 09:36:15.930000,29195.22,29170,25718,29175,5000,29155,8191,29150,5001
2020-06-08 09:36:19.740000,29195.22,29170,100,29175,25022,29160,8190,29155,5001
2020-06-08 09:36:19.930000,29195.22,29170,800,29175,25022,29160,8190,29155,5001
2020-06-08 09:36:21.140000,29195.22,29170,800,29175,25022,29160,8190,29155,5001
2020-06-08 09:36:22.810000,29195.22,29170,25818,29175,5000,29155,8191,29150,5001
2020-06-08 09:36:23.890000,29195.22,29165,25022,29170,5796,29155,1,29150,8191
2020-06-08 09:36:24.160000,29195.22,29165,25822,29170,4996,29155,1,29150,8191
2020-06-08 09:36:26.240000,29216.59,29165,20822,29170,4996,29155,1,29150,13191
2020-06-08 09:36:27.050000,29216.59,29165,25822,29170,4996,29155,1,29150,8191
2020-06-08 09:36:30.180000,29216.59,29165,25822,29170,4996,29150,8191,29145,5001
2020-06-08 09:36:31.220000,29216.59,29160,25018,29165,5800,29150,1,29145,8191
2020-06-08 09:36:32.270000,29216.59,29155,900,29160,20022,29145,13191,29140,5001
2020-06-08 09:36:32.710000,29216.59,29155,900,29165,25022,29150,8190,29145,5001
2020-06-08 09:36:34.310000,29216.59,29155,900,29165,25022,29150,8190,29145,5001
2020-06-08 09:36:35.430000,29191.98,29165,25022,29170,4996,29150,8190,29145,5001
2020-06-08 09:36:35.940000,29191.98,29165,26022,29170,4996,29150,8190,29145,5001
2020-06-08 09:36:36.980000,29191.98,29160,20022,29165,6000,29145,13191,29140,5001
2020-06-08 09:36:37.240000,29191.98,29160,26018,29165,5000,29145,8191,29140,5001
2020-06-08 09:36:39.910000,29191.98,29155,25022,29160,5996,29145,1,29140,8191
2020-06-08 09:36:40.630000,29191.98,29155,1000,29160,25018,29145,8191,29140,5001
2020-06-08 09:36:41.670000,29191.98,29155,1000,29160,25018,29145,1,29140,13191
2020-06-08 09:36:42.730000,29191.98,29155,1000,29160,25018,29145,8191,29140,5001
2020-06-08 09:36:43.760000,29191.98,29155,1100,29160,25018,29145,8191,29140,5001
2020-06-08 09:36:48.990000,29185.1,29165,25022,29170,4996,29150,8190,29145,5001
2020-06-08 09:36:49.230000,29185.1,29170,25018,29175,5000,29155,8190,29150,5000
2020-06-08 09:36:50.080000,29185.1,29170,26118,29175,5000,29155,8190,29150,5000
2020-06-08 09:36:52.160000,29185.1,29170,6096,29175,25022,29160,8190,29150,5000
2020-06-08 09:36:53.210000,29185.1,29170,1100,29175,25022,29160,8190,29155,5000
2020-06-08 09:36:54.260000,29202.62,29170,6096,29175,25022,29160,8190,29150,5000
2020-06-08 09:36:55.320000,29202.62,29170,6096,29175,25022,29160,8190,29150,5000
2020-06-08 09:36:55.750000,29202.62,29170,26118,29175,5000,29155,8190,29150,5000
2020-06-08 09:36:57.390000,29202.62,29170,1100,29175,25022,29160,8190,29155,5000
2020-06-08 09:36:59.350000,29202.62,29185,25022,29190,4996,29170,8190,29165,5000
2020-06-08 09:37:00.120000,29202.62,29185,25022,29190,4996,29170,8190,29165,5000
2020-06-08 09:37:01.100000,29202.62,29185,26122,29190,4996,29165,13190,29160,5000
2020-06-08 09:37:01.740000,29202.62,29185,26122,29190,4996,29170,8190,29165,5000
2020-06-08 09:37:02.700000,29202.62,29180,25018,29185,6100,29165,8190,29160,5000
2020-06-08 09:37:03.270000,29202.62,29185,25022,29190,4996,29170,8190,29165,5000
2020-06-08 09:37:04.290000,29202.62,29185,26122,29190,4996,29170,8190,29165,5000
2020-06-08 09:37:06.540000,29184.16,29190,25018,29195,5000,29175,8190,29170,5000
2020-06-08 09:37:07.430000,29184.16,29190,26118,29195,5000,29175,8190,29170,5000
2020-06-08 09:37:08.470000,29184.16,29190,1100,29195,25022,29180,8190,29175,5000
2020-06-08 09:37:09.540000,29184.16,29190,1100,29195,20022,29180,13190,29175,5000
2020-06-08 09:37:10.130000,29184.16,29200,25018,29205,5000,29185,8190,29180,5000
2020-06-08 09:37:11.080000,29184.16,29200,26118,29205,5000,29185,8190,29180,5000
2020-06-08 09:37:12.120000,29184.16,29200,26118,29205,5000,29185,8190,29180,5000
2020-06-08 09:37:12.700000,29184.16,29200,26118,29205,5000,29185,8190,29180,5000
2020-06-08 09:37:13.700000,29184.16,29200,26118,29205,5000,29185,8190,29180,5000
2020-06-08 09:37:14.720000,29184.16,29200,26118,29205,5000,29185,8190,29180,5000
2020-06-08 09:37:14.970000,29203.7,29200,26118,29205,5000,29185,8190,29180,5000
2020-06-08 09:37:15.800000,29203.7,29195,25022,29200,6096,29180,8190,29175,5000
2020-06-08 09:37:16.300000,29203.7,29195,25022,29200,4996,29180,8190,29175,5000
2020-06-08 09:37:17.400000,29203.7,29200,25018,29205,5000,29185,8190,29180,5000
2020-06-08 09:37:17.670000,29203.7,29200,26118,29205,5000,29185,8190,29180,5000
2020-06-08 09:37:18.440000,29203.7,29200,26118,29205,5000,29185,8190,29180,5000
2020-06-08 09:37:19.650000,29203.7,29195,25022,29200,6096,29180,8190,29175,5000
2020-06-08 09:37:20.550000,29203.7,29195,26122,29200,4996,29180,8190,29175,5000
2020-06-08 09:37:23.660000,29203.7,29195,26122,29200,4996,29180,8190,29175,5000
2020-06-08 09:37:28.940000,29222.93,29190,25018,29195,6100,29175,8190,29170,5000
2020-06-08 09:37:29.450000,29222.93,29185,25022,29190,6096,29170,8190,29165,5000
2020-06-08 09:37:30.510000,29222.93,29185,26122,29190,4996,29170,8190,29165,5000
2020-06-08 09:37:32.090000,29222.93,29180,25018,29185,6100,29165,8190,29160,5000
2020-06-08 09:37:33.130000,29222.93,29175,25022,29180,6096,29160,8190,29155,5000
2020-06-08 09:37:33.510000,29222.93,29170,25018,29175,6100,29155,8190,29150,5000
2020-06-08 09:37:34.710000,29222.93,29170,26118,29175,5000,29155,8190,29150,5000
2020-06-08 09:37:39.080000,29211.39,29175,25022,29180,4996,29160,8190,29155,5000
2020-06-08 09:37:39.930000,29211.39,29175,26122,29180,4996,29160,8190,29155,5000
2020-06-08 09:37:41.520000,29211.39,29180,25018,29185,5000,29165,8190,29160,5000
2020-06-08 09:37:42.000000,29211.39,29185,25022,29190,4996,29170,8190,29165,5000
2020-06-08 09:37:43.100000,29211.39,29185,26122,29190,4996,29170,8190,29165,5000
2020-06-08 09:37:43.530000,29211.39,29190,25018,29195,5000,29175,8190,29170,5000
2020-06-08 09:37:44.150000,29211.39,29185,5000,29190,26118,29175,8190,29165,5000
2020-06-08 09:37:45.240000,29210.45,29185,1100,29190,25018,29175,8190,29170,5000
2020-06-08 09:37:46.840000,29210.45,29185,26122,29190,4996,29170,8190,29165,5000
2020-06-08 09:37:51.020000,29210.45,29185,26122,29190,4996,29170,8190,29165,5000
2020-06-08 09:37:52.330000,29210.45,29180,25018,29185,6100,29165,8190,29160,5000
2020-06-08 09:37:53.180000,29210.45,29180,26118,29185,5000,29165,8190,29160,5000
2020-06-08 09:37:53.870000,29210.45,29175,25022,29180,6096,29160,8190,29155,5000
2020-06-08 09:37:55.230000,29215.08,29175,26122,29180,4996,29160,8190,29155,5000
2020-06-08 09:37:56.270000,29215.08,29170,25018,29175,6100,29155,8190,29150,5000
2020-06-08 09:37:57.320000,29215.08,29175,25022,29180,4996,29160,8190,29155,5000
2020-06-08 09:37:58.410000,29215.08,29180,25018,29185,5000,29165,8190,29160,5000
2020-06-08 09:37:59.380000,29215.08,29180,26118,29185,5000,29165,8190,29160,5000
2020-06-08 09:37:59.860000,29215.08,29185,25022,29190,4996,29170,8190,29165,5000
2020-06-08 09:38:00.990000,29215.08,29180,25018,29185,6100,29165,8190,29160,5000
2020-06-08 09:38:01.300000,29215.08,29175,25022,29180,6096,29160,8190,29155,5000
2020-06-08 09:38:02.110000,29215.08,29175,26022,29180,4996,29160,8190,29155,5000
2020-06-08 09:38:03.090000,29215.08,29175,1000,29180,25018,29165,8190,29160,5000
2020-06-08 09:38:04.150000,29223.13,29175,21122,29180,4996,29160,13190,29155,5000
2020-06-08 09:38:04.530000,29223.13,29175,1100,29180,25018,29165,8190,29160,5000
2020-06-08 09:38:05.690000,29223.13,29175,26122,29180,4996,29160,8190,29155,5000
2020-06-08 09:38:05.940000,29223.13,29170,25018,29175,6100,29155,8190,29150,5000
2020-06-08 09:38:06.740000,29223.13,29170,26118,29175,5000,29155,8190,29150,5000
2020-06-08 09:38:09.310000,29223.13,29165,25022,29170,6096,29150,8190,29145,5001
2020-06-08 09:38:10.370000,29223.13,29165,26122,29170,4996,29150,8190,29145,5001
2020-06-08 09:38:10.650000,29223.13,29170,25018,29175,5000,29155,8190,29150,5000
2020-06-08 09:38:11.420000,29223.13,29170,26018,29175,5000,29155,8190,29150,5000
2020-06-08 09:38:11.960000,29223.13,29165,25022,29170,5996,29150,8190,29145,5001
2020-06-08 09:38:12.990000,29223.13,29165,26022,29170,4996,29150,8190,29145,5001
2020-06-08 09:38:15.340000,29223.62,29170,25018,29175,5000,29155,8190,29150,5000
2020-06-08 09:38:16.140000,29223.62,29160,25018,29165,5000,29145,8191,29140,5001
2020-06-08 09:38:18.140000,29223.62,29160,26018,29165,5000,29145,8191,29140,5001
2020-06-08 09:38:18.540000,29223.62,29160,26018,29165,5000,29145,8191,29140,5001
2020-06-08 09:38:19.790000,29223.62,29160,26018,29165,5000,29145,1,29140,13191
2020-06-08 09:38:20.840000,29223.62,29150,26118,29155,5000,29140,1,29135,8191
2020-06-08 09:38:21.870000,29223.62,29150,26118,29155,5000,29135,8191,29130,5001
2020-06-08 09:38:23.340000,29223.62,29140,4996,29145,25022,29135,1,29130,8191
2020-06-08 09:38:24.510000,29205.1,29140,1100,29145,25022,29130,8191,29125,5037
2020-06-08 09:38:25.570000,29205.1,29150,25018,29155,5000,29135,8190,29130,5001
2020-06-08 09:38:26.620000,29205.1,29145,25022,29150,6196,29130,8190,29125,5037
2020-06-08 09:38:27.000000,29205.1,29145,26222,29150,4996,29130,8190,29125,5037
2020-06-08 09:38:30.540000,29205.1,29145,26222,29150,4996,29130,8190,29125,5037
2020-06-08 09:38:32.500000,29205.1,29150,25018,29155,5000,29135,8189,29130,5001
2020-06-08 09:38:33.370000,29205.1,29150,26218,29155,5000,29135,8189,29130,5001
2020-06-08 09:38:33.830000,29205.1,29150,1200,29155,25022,29140,8189,29135,5000
2020-06-08 09:38:34.850000,29205.1,29155,25022,29160,4996,29140,8189,29135,5000
2020-06-08 09:38:34.990000,29205.12,29150,20022,29155,6200,29135,13189,29130,5001
2020-06-08 09:38:35.980000,29205.12,29150,21222,29155,5000,29135,13189,29130,5001
2020-06-08 09:38:36.330000,29205.12,29150,21222,29155,5000,29135,13189,29130,5001
2020-06-08 09:38:36.940000,29205.12,29150,26118,29155,5000,29135,8189,29130,5001
2020-06-08 09:38:38.740000,29205.12,29145,25022,29150,6096,29130,8190,29125,5037
2020-06-08 09:38:39.630000,29205.12,29145,1100,29150,25418,29135,8189,29130,5001
2020-06-08 09:38:40.110000,29205.12,29145,5000,29150,25418,29135,8189,29130,1
2020-06-08 09:38:41.190000,29205.12,29145,1100,29150,25418,29135,8189,29130,5001
2020-06-08 09:38:42.270000,29205.12,29150,400,29155,25022,29140,8189,29135,5000
2020-06-08 09:38:43.300000,29205.12,29150,26218,29155,5000,29135,8189,29130,5001
2020-06-08 09:38:45.390000,29184.44,29145,25022,29150,6196,29130,8190,29125,5037
2020-06-08 09:38:45.640000,29184.44,29150,25018,29155,5000,29135,8189,29130,5001
2020-06-08 09:38:46.470000,29184.44,29145,25022,29150,6196,29130,8190,29125,5037
2020-06-08 09:38:47.520000,29184.44,29140,25018,29145,6200,29130,1,29125,8226
2020-06-08 09:38:47.930000,29184.44,29140,26218,29145,5000,29125,8226,29120,5000
2020-06-08 09:38:48.600000,29184.44,29145,25022,29150,4996,29130,8189,29125,5037
2020-06-08 09:38:49.610000,29184.44,29145,26222,29150,4996,29130,8189,29125,5037
2020-06-08 09:38:50.650000,29184.44,29140,25018,29145,6200,29125,8226,29120,5000
2020-06-08 09:38:51.730000,29184.44,29140,26218,29145,5000,29125,8226,29120,5000
2020-06-08 09:38:55.370000,29194.86,29135,25022,29140,6196,29125,37,29120,8189
2020-06-08 09:38:55.590000,29194.86,29135,26222,29140,4996,29125,37,29120,8189
2020-06-08 09:38:56.950000,29194.86,29135,26222,29140,4996,29120,8189,29115,5000
2020-06-08 09:38:57.990000,29194.86,29135,26222,29140,4996,29120,8189,29115,5000
2020-06-08 09:38:59.030000,29194.86,29135,26222,29140,4996,29120,8189,29115,5000
2020-06-08 09:39:02.170000,29194.86,29140,25018,29145,5000,29125,8189,29120,5000
2020-06-08 09:39:02.580000,29194.86,29140,26218,29145,5000,29125,8189,29120,5000
2020-06-08 09:39:03.710000,29194.86,29135,25022,29140,6196,29120,8189,29115,5000
2020-06-08 09:39:04.100000,29194.86,29135,26222,29140,4996,29120,8189,29115,5000
2020-06-08 09:39:05.280000,29194.58,29130,25018,29135,6200,29115,8189,29110,5000
2020-06-08 09:39:05.700000,29194.58,29130,21222,29135,5000,29115,13189,29110,5000
2020-06-08 09:39:06.830000,29194.58,29130,26218,29135,5000,29115,8189,29110,5000
2020-06-08 09:39:07.440000,29194.58,29130,1200,29135,25022,29120,8189,29115,5000
2020-06-08 09:39:08.390000,29194.58,29130,26218,29135,5000,29115,8189,29110,5000
2020-06-08 09:39:09.000000,29194.58,29130,1200,29135,25022,29120,8189,29115,5000
2020-06-08 09:39:11.010000,29194.58,29130,1200,29135,25022,29120,8189,29115,5000
2020-06-08 09:39:11.250000,29194.58,29140,25018,29145,5000,29125,8189,29120,5000
2020-06-08 09:39:12.070000,29194.58,29140,1200,29145,25022,29130,8189,29125,5000
2020-06-08 09:39:13.130000,29194.58,29145,25022,29150,4996,29130,8189,29125,5000
2020-06-08 09:39:13.610000,29194.58,29145,26222,29150,4996,29130,8189,29125,5000
2020-06-08 09:39:15.040000,29169.89,29155,25022,29160,4996,29140,8189,29135,5000
2020-06-08 09:39:15.780000,29169.89,29150,25018,29155,6200,29135,8189,29130,5000
2020-06-08 09:39:16.780000,29169.89,29150,26218,29155,5000,29135,8189,29130,5000
2020-06-08 09:39:17.790000,29169.89,29155,25022,29160,4996,29140,8189,29135,5000
2020-06-08 09:39:18.080000,29169.89,29155,26222,29160,4996,29140,8189,29135,5000
2020-06-08 09:39:20.140000,29169.89,29150,25018,29155,6200,29135,8189,29130,5000
2020-06-08 09:39:20.950000,29169.89,29155,25022,29160,4996,29140,8189,29135,5000
2020-06-08 09:39:21.460000,29169.89,29155,26222,29160,4996,29140,8189,29135,5000
2020-06-08 09:39:24.640000,29183.11,29160,25018,29165,5000,29145,8189,29140,5000
2020-06-08 09:39:25.680000,29183.11,29155,25022,29160,6196,29135,13189,29130,5000
2020-06-08 09:39:25.990000,29183.11,29150,25018,29155,6200,29135,8189,29130,5000
2020-06-08 09:39:26.700000,29183.11,29145,25022,29150,6096,29130,8189,29125,5000
2020-06-08 09:39:27.780000,29183.11,29145,6100,29150,25018,29135,8189,29125,5000
2020-06-08 09:39:28.240000,29183.11,29145,26122,29150,4996,29130,8189,29125,5000
2020-06-08 09:39:29.360000,29183.11,29145,26122,29150,4996,29130,8189,29125,5000
2020-06-08 09:39:29.800000,29183.11,29145,26122,29150,4996,29130,8189,29125,5000
2020-06-08 09:39:31.970000,29183.11,29140,4996,29145,26122,29130,8189,29120,5000
2020-06-08 09:39:33.020000,29183.11,29140,26118,29145,5000,29125,8189,29120,5000
2020-06-08 09:39:33.500000,29183.11,29135,25022,29140,6096,29120,8189,29115,5000
2020-06-08 09:39:34.590000,29183.11,29135,26122,29140,4996,29120,8189,29115,5000
2020-06-08 09:39:35.640000,29178.18,29130,25018,29135,6100,29115,8189,29110,5000
2020-06-08 09:39:36.650000,29178.18,29130,26118,29135,5000,29115,8189,29110,5000
2020-06-08 09:39:43.770000,29178.18,29125,20022,29130,6096,29110,13189,29105,5000
2020-06-08 09:39:44.980000,29163.61,29125,26122,29130,4996,29110,8189,29105,5000
2020-06-08 09:39:47.220000,29163.61,29125,26122,29130,4996,29110,8189,29105,5000
2020-06-08 09:39:48.180000,29163.61,29120,20022,29125,6100,29105,13189,29100,5000
2020-06-08 09:39:48.600000,29163.61,29120,26118,29125,5000,29105,8189,29100,5000
2020-06-08 09:39:49.740000,29163.61,29115,25022,29120,6096,29100,8189,29095,5000
2020-06-08 09:39:50.240000,29163.61,29115,26122,29120,4996,29100,8189,29095,5000
2020-06-08 09:39:51.320000,29163.61,29110,4996,29115,26122,29100,8189,29090,5000
2020-06-08 09:39:52.360000,29163.61,29110,1000,29115,25022,29100,8189,29095,5000
2020-06-08 09:39:53.400000,29163.61,29110,26018,29115,5000,29095,8189,29090,5000
2020-06-08 09:39:54.930000,29184.75,29105,20022,29110,5996,29090,13189,29085,5000
2020-06-08 09:39:56.030000,29184.75,29105,1100,29110,25018,29095,8189,29090,5000
2020-06-08 09:39:57.070000,29184.75,29105,26122,29110,4996,29090,8189,29085,5000
2020-06-08 09:40:00.240000,29184.75,29110,25018,29115,5000,29095,8189,29090,5000
2020-06-08 09:40:00.650000,29184.75,29105,25022,29110,6096,29090,8189,29085,5000
2020-06-08 09:40:01.800000,29184.75,29105,26122,29110,4996,29090,8189,29085,5000
2020-06-08 09:40:02.220000,29184.75,29105,26122,29110,4996,29090,8189,29085,5000
2020-06-08 09:40:03.360000,29184.75,29105,26122,29110,4996,29090,8189,29085,5000
2020-06-08 09:40:03.750000,29184.75,29105,26122,29110,4996,29090,8189,29085,5000
2020-06-08 09:40:04.950000,29134.01,29110,25018,29115,5000,29095,8189,29090,5000
2020-06-08 09:40:05.280000,29134.01,29115,25022,29120,4996,29100,8189,29095,5000
2020-06-08 09:40:06.490000,29134.01,29120,25018,29125,5000,29105,8189,29100,5000
2020-06-08 09:40:06.830000,29134.01,29120,1100,29125,25022,29110,8189,29105,5000
2020-06-08 09:40:08.030000,29134.01,29130,25018,29135,5000,29115,8189,29110,5000
2020-06-08 09:40:08.340000,29134.01,29130,1100,29135,25022,29120,8189,29115,5000
2020-06-08 09:40:09.070000,29134.01,29130,1100,29135,25022,29120,8189,29115,5000
2020-06-08 09:40:10.150000,29134.01,29130,26118,29135,5000,29115,8189,29110,5000
2020-06-08 09:40:10.510000,29134.01,29135,5000,29140,25018,29125,8189,29115,5000
2020-06-08 09:40:11.720000,29134.01,29135,26122,29140,4996,29120,8189,29115,5000
2020-06-08 09:40:13.290000,29134.01,29140,25018,29145,5000,29125,8189,29120,5000
2020-06-08 09:40:14.340000,29134.01,29135,25022,29140,6096,29120,8189,29115,5000
2020-06-08 09:40:14.700000,29139.33,29130,25018,29135,6100,29115,8189,29110,5000
2020-06-08 09:40:15.880000,29139.33,29135,25022,29140,4996,29120,8189,29115,5000
2020-06-08 09:40:16.940000,29139.33,29130,25018,29135,6100,29115,8189,29110,5000
2020-06-08 09:40:17.300000,29139.33,29130,25018,29135,5000,29115,8189,29110,5000
2020-06-08 09:40:18.510000,29139.33,29135,25022,29140,4996,29120,8189,29115,5000
2020-06-08 09:40:18.800000,29139.33,29135,26122,29140,4996,29120,8189,29115,5000
2020-06-08 09:40:19.550000,29139.33,29140,25018,29145,5000,29125,8189,29120,5000
2020-06-08 09:40:20.600000,29139.33,29140,26118,29145,5000,29125,8189,29120,5000
2020-06-08 09:40:20.940000,29139.33,29140,26118,29145,5000,29125,8189,29120,5000
2020-06-08 09:40:22.180000,29139.33,29140,21122,29145,5000,29125,13189,29120,5000
2020-06-08 09:40:22.570000,29139.33,29140,1000,29145,25022,29130,8189,29125,5000
2020-06-08 09:40:23.760000,29139.33,29140,21122,29145,5000,29125,13189,29120,5000
2020-06-08 09:40:24.100000,29139.33,29140,21122,29145,5000,29125,13189,29120,5000
2020-06-08 09:40:24.730000,29140.74,29140,26118,29145,5000,29125,8189,29120,5000
2020-06-08 09:40:25.850000,29140.74,29135,25022,29140,6096,29120,8189,29115,5000
2020-06-08 09:40:26.140000,29140.74,29135,1000,29140,25018,29125,8189,29120,5000
2020-06-08 09:40:26.890000,29140.74,29145,25022,29150,4996,29130,8189,29125,5000
2020-06-08 09:40:27.950000,29140.74,29140,25018,29145,6100,29125,8189,29120,5000
2020-06-08 09:40:28.340000,29140.74,29140,26118,29145,5000,29125,8189,29120,5000
2020-06-08 09:40:29.520000,29140.74,29145,25022,29150,4996,29130,8189,29125,5000
2020-06-08 09:40:29.990000,29140.74,29145,26022,29150,4996,29130,8189,29125,5000
2020-06-08 09:40:31.070000,29140.74,29145,26022,29150,4996,29130,8189,29125,5000
2020-06-08 09:40:31.500000,29140.74,29140,25018,29145,6000,29125,8189,29120,5000
2020-06-08 09:40:32.660000,29140.74,29145,25022,29150,4996,29130,8189,29125,5000
2020-06-08 09:40:33.090000,29140.74,29140,25018,29145,6000,29125,8189,29120,5000
2020-06-08 09:40:33.740000,29140.74,29140,26018,29145,5000,29125,8189,29120,5000
2020-06-08 09:40:36.500000,29157.68,29135,20022,29140,5996,29120,13189,29115,5000
2020-06-08 09:40:37.370000,29157.68,29135,21022,29140,4996,29120,13189,29115,5000
2020-06-08 09:40:37.840000,29157.68,29135,26022,29140,4996,29120,8189,29115,5000
2020-06-08 09:40:38.500000,29157.68,29130,25018,29135,6000,29115,8189,29110,5000
2020-06-08 09:40:39.500000,29157.68,29125,25022,29130,5996,29110,8189,29105,5000
2020-06-08 09:40:39.870000,29157.68,29125,26022,29130,4996,29110,8189,29105,5000
2020-06-08 09:40:41.600000,29157.68,29115,25022,29120,4996,29100,8189,29095,5000
2020-06-08 09:40:42.200000,29157.68,29115,26022,29120,4996,29100,8189,29095,5000
2020-06-08 09:40:43.180000,29157.68,29115,26022,29120,4996,29100,8189,29095,5000
2020-06-08 09:40:44.240000,29157.68,29105,25022,29110,4996,29090,8189,29085,5000
2020-06-08 09:40:45.270000,29172.1,29105,25022,29110,4996,29090,8189,29085,5000
2020-06-08 09:40:46.410000,29172.1,29110,25018,29115,5000,29095,8189,29090,5000
2020-06-08 09:40:47.360000,29172.1,29110,25918,29115,5000,29095,8189,29090,5000
2020-06-08 09:40:51.040000,29172.1,29115,25022,29120,4996,29100,8189,29095,5000
2020-06-08 09:40:52.070000,29172.1,29110,4996,29115,25922,29100,8189,29090,5000
2020-06-08 09:40:52.500000,29172.1,29110,900,29115,25022,29100,8189,29095,5000
2020-06-08 09:40:53.930000,29172.1,29115,25022,29120,4996,29100,8189,29095,5000
2020-06-08 09:40:54.710000,29150.17,29115,26022,29120,4996,29100,8189,29095,5000
2020-06-08 09:40:56.010000,29150.17,29110,20022,29115,6000,29095,13189,29090,5000
2020-06-08 09:40:56.780000,29150.17,29110,26018,29115,5000,29095,8189,29090,5000
2020-06-08 09:40:57.830000,29150.17,29105,25022,29110,5996,29090,8189,29085,5000
2020-06-08 09:40:58.340000,29150.17,29100,20022,29105,5900,29085,13189,29080,5000
2020-06-08 09:40:59.400000,29150.17,29105,25022,29110,4996,29090,8189,29085,5000
2020-06-08 09:41:00.450000,29150.17,29100,25018,29105,5000,29085,8189,29080,5000
2020-06-08 09:41:00.800000,29150.17,29100,25918,29105,5000,29085,8189,29080,5000
2020-06-08 09:41:02.010000,29150.17,29105,25022,29110,4996,29090,13189,29085,5000
2020-06-08 09:41:03.080000,29150.17,29105,25922,29110,4996,29090,13189,29085,5000
2020-06-08 09:41:07.780000,29151.46,29110,25018,29115,5000,29095,13189,29090,5000
2020-06-08 09:41:08.140000,29151.46,29115,25022,29120,4996,29100,13189,29095,5000
2020-06-08 09:41:08.950000,29151.46,29125,25022,29130,4996,29110,13189,29105,5000
2020-06-08 09:41:09.870000,29151.46,29130,25018,29135,5000,29115,13189,29110,5000
2020-06-08 09:41:10.880000,29151.46,29130,25818,29135,5000,29115,13189,29110,5000
2020-06-08 09:41:11.430000,29151.46,29130,800,29135,25022,29120,13189,29115,5000
2020-06-08 09:41:12.470000,29151.46,29140,25018,29145,5000,29125,13189,29120,5000
2020-06-08 09:41:13.500000,29151.46,29150,25018,29155,5000,29135,13189,29130,5000
2020-06-08 09:41:14.600000,29149.08,29145,25022,29150,5696,29130,13189,29125,5000
2020-06-08 09:41:15.610000,29149.08,29150,25018,29155,5000,29135,13189,29130,5000
2020-06-08 09:41:16.610000,29149.08,29150,25718,29155,5000,29135,13189,29130,5000
2020-06-08 09:41:17.660000,29149.08,29150,25718,29155,5000,29135,13189,29130,5000
2020-06-08 09:41:18.100000,29149.08,29145,25022,29150,5696,29130,13189,29125,5000
2020-06-08 09:41:19.210000,29149.08,29145,25622,29150,4996,29130,13189,29125,5000
2020-06-08 09:41:19.540000,29149.08,29145,600,29150,25018,29135,13189,29130,5000
2020-06-08 09:41:20.310000,29149.08,29150,25018,29155,5000,29135,13189,29130,5000
2020-06-08 09:41:21.310000,29149.08,29145,25022,29150,5596,29130,13189,29125,5000
2020-06-08 09:41:21.750000,29149.08,29145,600,29150,25018,29135,13189,29130,5000
2020-06-08 09:41:22.450000,29149.08,29145,25622,29150,4996,29130,13189,29125,5000
2020-06-08 09:41:24.530000,29187.05,29150,25018,29155,5000,29135,13189,29130,5000
2020-06-08 09:41:25.570000,29187.05,29145,25022,29150,5596,29130,13189,29125,5000
2020-06-08 09:41:26.040000,29187.05,29145,25622,29150,4996,29130,13189,29125,5000
2020-06-08 09:41:28.810000,29187.05,29145,500,29150,25018,29135,13189,29130,5000
2020-06-08 09:41:29.790000,29187.05,29145,500,29150,25018,29135,13189,29130,5000
2020-06-08 09:41:31.740000,29187.05,29145,500,29150,25018,29135,13189,29130,5000
2020-06-08 09:41:32.940000,29187.05,29155,25022,29160,4996,29140,13189,29135,5000
2020-06-08 09:41:33.340000,29187.05,29155,25522,29160,4996,29140,13189,29135,5000
2020-06-08 09:41:34.830000,29187.05,29150,25018,29155,5500,29135,13189,29130,5000
2020-06-08 09:41:35.550000,29187.05,29150,25518,29155,5000,29135,13189,29130,5000
2020-06-08 09:41:37.630000,29187.05,29150,500,29155,25022,29140,13189,29135,5000
2020-06-08 09:41:38.170000,29187.05,29150,500,29155,25022,29140,13189,29135,5000
2020-06-08 09:41:42.820000,29187.05,29150,500,29155,25022,29140,13189,29135,5000
2020-06-08 09:41:43.300000,29187.05,29160,25018,29165,5000,29145,13189,29140,5000
2020-06-08 09:41:44.140000,29182.56,29165,25022,29170,4996,29150,13189,29145,5000
2020-06-08 09:41:44.930000,29182.56,29165,25422,29170,4996,29150,13189,29145,5000
2020-06-08 09:41:45.970000,29182.56,29160,25018,29165,5400,29145,13189,29140,5000
2020-06-08 09:41:46.460000,29182.56,29165,400,29170,25018,29155,13189,29150,5000
2020-06-08 09:41:47.520000,29182.56,29170,25018,29175,5000,29155,13189,29150,5000
2020-06-08 09:41:47.940000,29182.56,29170,25418,29175,5000,29155,13189,29150,5000
2020-06-08 09:41:51.170000,29182.56,29170,400,29175,25022,29160,13189,29155,5000
2020-06-08 09:41:51.630000,29182.56,29160,4996,29165,25022,29150,8189,29145,5000
2020-06-08 09:41:52.730000,29182.56,29160,400,29165,25022,29150,13189,29145,5000
2020-06-08 09:41:53.260000,29182.56,29160,25518,29165,5000,29145,13188,29140,5000
2020-06-08 09:41:54.290000,29182.56,29155,25022,29160,5496,29140,13188,29135,5000
2020-06-08 09:41:54.930000,29192.14,29155,25422,29160,4996,29140,13188,29135,5000
2020-06-08 09:41:56.930000,29192.14,29160,25018,29165,5000,29145,13188,29140,5000
2020-06-08 09:41:57.240000,29192.14,29155,25022,29160,5396,29140,13188,29135,5000
2020-06-08 09:41:57.940000,29192.14,29155,25422,29160,5396,29140,13188,29135,5000
2020-06-08 09:41:59.270000,29192.14,29155,25322,29160,4996,29140,13188,29135,5000
2020-06-08 09:42:01.090000,29192.14,29150,25018,29155,5300,29135,13188,29130,5000
2020-06-08 09:42:01.340000,29192.14,29145,25022,29150,5296,29130,13188,29125,5001
2020-06-08 09:42:02.100000,29192.14,29150,25318,29155,5000,29135,13188,29130,5000
2020-06-08 09:42:07.900000,29191.11,29150,300,29155,25022,29140,13188,29135,5000
2020-06-08 09:42:08.240000,29191.11,29150,300,29155,25022,29140,13188,29135,5000
2020-06-08 09:42:09.000000,29191.11,29150,25318,29155,5000,29135,13188,29130,5001
2020-06-08 09:42:11.070000,29191.11,29150,300,29155,25022,29140,13188,29135,5000
2020-06-08 09:42:12.060000,29191.11,29150,20322,29155,5000,29140,5000,29135,13188
2020-06-08 09:42:13.110000,29191.11,29150,25318,29155,5000,29135,13188,29130,5001
2020-06-08 09:42:15.730000,29188.7,29150,300,29155,25022,29140,13188,29135,5000
2020-06-08 09:42:16.780000,29188.7,29150,25318,29155,5000,29135,13188,29130,5001
2020-06-08 09:42:18.890000,29188.7,29150,20322,29155,5000,29140,5000,29135,13188
2020-06-08 09:42:19.200000,29188.7,29150,300,29155,25022,29140,13188,29135,5000
2020-06-08 09:42:19.900000,29188.7,29150,300,29155,25022,29140,13188,29135,5000
2020-06-08 09:42:20.500000,29188.7,29150,300,29160,25018,29145,5000,29140,13188
2020-06-08 09:42:21.510000,29188.7,29160,25018,29165,5000,29145,13188,29140,5000
2020-06-08 09:42:21.910000,29188.7,29160,25418,29165,5000,29145,13188,29140,5000
2020-06-08 09:42:23.100000,29188.7,29155,25022,29160,5396,29140,13188,29135,5000
2020-06-08 09:42:23.540000,29188.7,29155,25322,29160,5396,29140,13188,29135,5000
2020-06-08 09:42:24.690000,29188.98,29155,25322,29160,5396,29140,13188,29135,5000
2020-06-08 09:42:24.960000,29188.98,29155,20322,29160,5396,29145,5000,29140,13188
2020-06-08 09:42:26.250000,29188.98,29155,25322,29160,5396,29140,13188,29135,5000
2020-06-08 09:42:28.330000,29188.98,29145,20022,29150,4996,29135,5000,29130,13189
2020-06-08 09:42:29.430000,29188.98,29145,300,29150,25018,29135,13188,29130,5001
2020-06-08 09:42:30.490000,29188.98,29155,25322,29160,4996,29140,13188,29135,5000
2020-06-08 09:42:30.860000,29188.98,29155,25322,29160,4996,29140,13188,29135,5000
2020-06-08 09:42:31.640000,29188.98,29145,25022,29150,4996,29130,13189,29125,5001
2020-06-08 09:42:32.610000,29188.98,29145,25322,29150,4996,29130,13189,29125,5001
2020-06-08 09:42:34.200000,29188.98,29140,25018,29145,5300,29130,1,29125,13189
2020-06-08 09:42:34.500000,29188.98,29140,25318,29145,5300,29130,1,29125,13189
2020-06-08 09:42:35.230000,29188.12,29135,25022,29140,5296,29125,1,29120,13188
2020-06-08 09:42:36.280000,29188.12,29135,25322,29140,5296,29125,1,29120,13188
2020-06-08 09:42:37.280000,29188.12,29135,400,29140,25318,29125,13189,29120,5000
2020-06-08 09:42:37.610000,29188.12,29140,300,29145,25022,29130,13188,29125,5001
2020-06-08 09:42:38.380000,29188.12,29140,400,29145,25022,29130,13188,29125,5001
2020-06-08 09:42:39.390000,29188.12,29135,20022,29140,5496,29125,5001,29120,13188
2020-06-08 09:42:39.650000,29188.12,29135,25522,29140,4996,29125,1,29120,13188
2020-06-08 09:42:40.470000,29188.12,29130,25518,29135,5000,29115,13188,29110,5000
2020-06-08 09:42:41.510000,29188.12,29125,5000,29130,25518,29115,8188,29110,5000
2020-06-08 09:42:42.580000,29188.12,29130,4996,29135,25022,29120,8188,29115,5000
2020-06-08 09:42:43.010000,29188.12,29130,500,29135,25022,29120,13188,29115,5000
2020-06-08 09:42:44.150000,29188.12,29135,25022,29140,4996,29120,13188,29115,5000
2020-06-08 09:42:44.600000,29176.21,29135,400,29140,25018,29125,13188,29120,5000
2020-06-08 09:42:45.720000,29176.21,29135,600,29140,25018,29125,13188,29120,5000
2020-06-08 09:42:46.090000,29176.21,29140,25018,29145,5000,29125,13188,29120,5000
2020-06-08 09:42:46.800000,29176.21,29140,25618,29145,5000,29125,13188,29120,5000
2020-06-08 09:42:47.790000,29176.21,29145,25022,29150,4996,29130,13188,29125,5000
2020-06-08 09:42:48.140000,29176.21,29145,25522,29150,4996,29130,13188,29125,5000
2020-06-08 09:42:48.840000,29176.21,29145,500,29150,25018,29135,13188,29130,5000
2020-06-08 09:42:49.910000,29176.21,29150,25018,29155,5000,29135,13188,29130,5000
2020-06-08 09:42:50.150000,29176.21,29150,25518,29155,5000,29135,13188,29130,5000
2020-06-08 09:42:51.430000,29176.21,29155,25022,29160,4996,29140,13188,29135,5000
2020-06-08 09:42:52.570000,29176.21,29155,25522,29160,4996,29140,13188,29135,5000
2020-06-08 09:42:52.810000,29176.21,29155,25522,29160,4996,29140,13188,29135,5000
2020-06-08 09:42:54.230000,29176.21,29155,500,29160,25018,29145,13188,29140,5000
2020-06-08 09:42:55.170000,29187.95,29155,25522,29160,4996,29140,13188,29135,5000
2020-06-08 09:42:55.650000,29187.95,29165,25022,29170,4996,29150,13188,29145,5000
2020-06-08 09:42:56.730000,29187.95,29160,25018,29165,5400,29145,13188,29140,5000
2020-06-08 09:42:57.200000,29187.95,29160,25418,29165,5400,29145,13188,29140,5000
2020-06-08 09:42:58.400000,29187.95,29160,5396,29165,25422,29150,8188,29145,5000
2020-06-08 09:42:59.380000,29187.95,29160,400,29165,25422,29150,13188,29145,5000
2020-06-08 09:42:59.730000,29187.95,29160,400,29165,25422,29150,13188,29145,5000
2020-06-08 09:43:00.490000,29187.95,29165,400,29170,25018,29155,13188,29150,5000
2020-06-08 09:43:01.490000,29187.95,29165,5500,29170,25018,29150,13188,29145,5000
2020-06-08 09:43:02.480000,29187.95,29165,20522,29170,4996,29155,5000,29150,13188
2020-06-08 09:43:02.860000,29187.95,29165,500,29170,25018,29155,13188,29150,5000
2020-06-08 09:43:04.110000,29187.95,29165,500,29170,25018,29155,13188,29150,5000
2020-06-08 09:43:05.170000,29193.59,29165,5500,29170,25018,29150,13188,29145,5000
2020-06-08 09:43:06.230000,29193.59,29165,500,29170,25018,29155,13188,29150,5000
2020-06-08 09:43:06.610000,29193.59,29165,600,29170,25018,29155,13188,29150,5000
2020-06-08 09:43:07.770000,29193.59,29175,25022,29180,4996,29160,13188,29155,5000
2020-06-08 09:43:08.100000,29193.59,29175,25622,29180,4996,29160,13188,29155,5000
2020-06-08 09:43:09.910000,29193.59,29180,25018,29185,5000,29165,13188,29160,5000
2020-06-08 09:43:10.410000,29193.59,29180,25518,29185,5000,29165,13188,29160,5000
2020-06-08 09:43:11.480000,29193.59,29185,25022,29190,4996,29170,13188,29165,5000
2020-06-08 09:43:11.940000,29193.59,29185,25522,29190,4996,29170,13188,29165,5000
2020-06-08 09:43:13.330000,29193.59,29185,25522,29190,4996,29170,13188,29165,5000
2020-06-08 09:43:14.000000,29193.59,29180,25018,29185,5500,29165,13188,29160,5000
2020-06-08 09:43:15.110000,29201.91,29180,25418,29185,5000,29165,13188,29160,5000
2020-06-08 09:43:16.170000,29201.91,29175,25022,29180,5396,29160,13188,29155,5000
2020-06-08 09:43:17.230000,29201.91,29180,25418,29185,5000,29165,13188,29160,5000
2020-06-08 09:43:18.770000,29201.91,29180,400,29185,25022,29170,13188,29165,5000
2020-06-08 09:43:19.840000,29201.91,29180,400,29185,25022,29170,13188,29165,5000
2020-06-08 09:43:21.210000,29201.91,29180,400,29185,25022,29170,13188,29165,5000
2020-06-08 09:43:24.090000,29201.91,29180,400,29185,25022,29170,13188,29165,5000
2020-06-08 09:43:24.300000,29220.19,29190,25018,29195,5000,29175,13188,29170,5000
2020-06-08 09:43:25.150000,29220.19,29190,25418,29195,5000,29175,13188,29170,5000
2020-06-08 09:43:26.200000,29220.19,29190,25418,29195,5000,29175,13188,29170,5000
2020-06-08 09:43:26.800000,29220.19,29190,25418,29195,5000,29175,13188,29170,5000
2020-06-08 09:43:27.780000,29220.19,29185,25022,29190,5396,29170,13188,29165,5000
2020-06-08 09:43:28.810000,29220.19,29185,20322,29190,5396,29175,5000,29170,13188
2020-06-08 09:43:29.060000,29220.19,29185,20322,29190,5396,29170,13188,29165,5000
2020-06-08 09:43:29.880000,29220.19,29185,20322,29190,5396,29175,5000,29170,13188
2020-06-08 09:43:30.910000,29220.19,29190,25418,29195,5000,29175,13188,29170,5000
2020-06-08 09:43:32.470000,29220.19,29195,25022,29200,4996,29180,13188,29175,5000
2020-06-08 09:43:33.480000,29220.19,29195,25322,29200,4996,29180,13188,29175,5000
2020-06-08 09:43:34.570000,29204.01,29190,25018,29195,5300,29175,13188,29170,5000
2020-06-08 09:43:35.620000,29204.01,29190,25318,29195,5300,29175,13188,29170,5000
2020-06-08 09:43:36.000000,29204.01,29185,5000,29190,25318,29175,8188,29170,5000
2020-06-08 09:43:37.170000,29204.01,29185,200,29190,25318,29175,13188,29170,5000
2020-06-08 09:43:37.530000,29204.01,29185,300,29190,25318,29175,13188,29170,5000
2020-06-08 09:43:39.810000,29204.01,29185,25322,29190,5296,29170,13188,29165,5000
2020-06-08 09:43:40.360000,29204.01,29190,20322,29195,5000,29180,5000,29175,13188
2020-06-08 09:43:41.390000,29204.01,29185,25022,29190,5296,29170,13188,29165,5000
2020-06-08 09:43:41.840000,29204.01,29185,25322,29190,5296,29170,13188,29165,5000
2020-06-08 09:43:42.960000,29204.01,29180,25018,29185,5200,29165,13188,29160,5000
2020-06-08 09:43:43.990000,29204.01,29185,25222,29190,5296,29170,13188,29165,5000
2020-06-08 09:43:44.340000,29206.24,29185,20222,29190,5296,29175,5000,29170,13188
2020-06-08 09:43:45.030000,29206.24,29190,25318,29195,5000,29175,13188,29170,5000
2020-06-08 09:43:46.080000,29206.24,29190,300,29195,25022,29180,13188,29175,5000
2020-06-08 09:43:48.440000,29206.24,29200,25018,29205,5000,29185,13188,29180,5000
2020-06-08 09:43:49.250000,29206.24,29190,25018,29195,5000,29175,13188,29170,5000
2020-06-08 09:43:50.360000,29206.24,29190,200,29195,25022,29180,5000,29175,13188
2020-06-08 09:43:50.650000,29206.24,29190,200,29195,25022,29180,13188,29175,5000
2020-06-08 09:43:51.420000,29206.24,29195,25022,29200,5196,29180,13188,29175,5000
2020-06-08 09:43:52.370000,29206.24,29195,200,29200,25218,29185,8188,29180,5000
2020-06-08 09:43:53.410000,29206.24,29195,20322,29200,5196,29180,13188,29175,5000
2020-06-08 09:43:53.800000,29206.24,29195,25322,29200,5196,29180,13188,29175,5000
2020-06-08 09:43:55.010000,29226.57,29195,25322,29200,5196,29180,13188,29175,5000
2020-06-08 09:43:55.310000,29226.57,29195,100,29200,25218,29185,13188,29180,5000
2020-06-08 09:43:57.050000,29226.57,29195,20222,29200,5196,29185,5000,29180,13188
2020-06-08 09:43:57.250000,29226.57,29195,20322,29200,5196,29185,5000,29180,13188
2020-06-08 09:43:57.500000,29226.57,29195,300,29200,25218,29185,13188,29180,5000
2020-06-08 09:43:58.760000,29226.57,29195,25322,29200,5196,29180,13188,29175,5000
2020-06-08 09:43:59.020000,29226.57,29190,25018,29195,5300,29175,13188,29170,5000
2020-06-08 09:43:59.460000,29226.57,29195,25322,29200,5196,29180,13188,29175,5000
2020-06-08 09:44:00.260000,29226.57,29195,25322,29200,5196,29180,13188,29175,5000
2020-06-08 09:44:03.910000,29226.57,29195,200,29200,25218,29185,13188,29180,5000
2020-06-08 09:44:04.960000,29233.93,29195,300,29200,25218,29185,13188,29180,5000
2020-06-08 09:44:05.210000,29233.93,29195,25322,29200,5196,29180,13188,29175,5000
2020-06-08 09:44:08.900000,29233.93,29195,300,29200,25218,29185,13188,29180,5000
2020-06-08 09:44:11.530000,29233.93,29200,25218,29205,5000,29185,13188,29180,5000
2020-06-08 09:44:12.380000,29233.93,29205,25022,29210,4996,29190,13188,29185,5000
2020-06-08 09:44:13.430000,29233.93,29200,25018,29205,5300,29185,13188,29180,5000
2020-06-08 09:44:13.820000,29233.93,29200,25318,29205,5300,29185,13188,29180,5000
2020-06-08 09:44:16.020000,29220.17,29200,200,29205,25322,29190,13188,29185,5000
2020-06-08 09:44:16.540000,29220.17,29200,25318,29205,5300,29185,13188,29180,5000
2020-06-08 09:44:17.590000,29220.17,29200,300,29205,25322,29190,13188,29185,5000
2020-06-08 09:44:17.900000,29220.17,29200,300,29205,25322,29190,13188,29185,5000
2020-06-08 09:44:18.670000,29220.17,29200,300,29205,25322,29190,13188,29185,5000
2020-06-08 09:44:19.670000,29220.17,29200,25318,29205,5300,29185,13188,29180,5000
2020-06-08 09:44:20.150000,29220.17,29195,20022,29200,5296,29185,5000,29180,13188
2020-06-08 09:44:20.810000,29220.17,29195,25322,29200,5296,29180,13188,29175,5000
2020-06-08 09:44:21.790000,29220.17,29200,25318,29205,5000,29185,13188,29180,5000
2020-06-08 09:44:22.830000,29220.17,29190,25018,29195,5000,29175,13188,29170,5000
2020-06-08 09:44:23.890000,29220.17,29190,25218,29195,5000,29175,13188,29170,5000
2020-06-08 09:44:25.260000,29235.3,29190,25218,29195,5000,29175,13188,29170,5000
2020-06-08 09:44:26.010000,29235.3,29190,25218,29195,5000,29175,13188,29170,5000
2020-06-08 09:44:27.790000,29235.3,29195,25022,29200,5296,29180,13188,29175,5000
2020-06-08 09:44:28.630000,29235.3,29190,25018,29195,5100,29175,13188,29170,5000
2020-06-08 09:44:29.130000,29235.3,29190,25118,29195,5100,29175,13188,29170,5000
2020-06-08 09:44:31.260000,29235.3,29185,25022,29190,5096,29170,13188,29165,5000
2020-06-08 09:44:31.740000,29235.3,29185,5100,29190,25118,29170,13188,29165,5000
2020-06-08 09:44:32.840000,29235.3,29185,5100,29190,25118,29175,8188,29170,5000
2020-06-08 09:44:33.170000,29235.3,29185,5100,29190,25118,29175,8188,29170,5000
2020-06-08 09:44:33.910000,29235.3,29185,25122,29190,5096,29170,13188,29165,5000
2020-06-08 09:44:35.490000,29237.22,29180,25018,29185,5100,29165,13188,29160,5000
2020-06-08 09:44:35.740000,29237.22,29180,25118,29185,5100,29165,13188,29160,5000
2020-06-08 09:44:36.870000,29237.22,29180,25118,29185,5100,29165,13188,29160,5000
2020-06-08 09:44:37.590000,29237.22,29175,25022,29180,5096,29160,13188,29155,5000
2020-06-08 09:44:38.630000,29237.22,29175,25022,29180,5096,29160,13188,29155,5000
2020-06-08 09:44:39.660000,29237.22,29180,25118,29185,5100,29165,13188,29160,5000
2020-06-08 09:44:40.710000,29237.22,29175,25022,29180,5096,29160,13188,29155,5000
2020-06-08 09:44:41.750000,29237.22,29180,25118,29185,5100,29165,13188,29160,5000
2020-06-08 09:44:41.990000,29237.22,29175,25022,29180,5096,29160,13188,29155,5000
2020-06-08 09:44:45.390000,29198.27,29170,20022,29175,5000,29160,5000,29155,13188
2020-06-08 09:44:45.630000,29198.27,29175,25022,29180,5096,29160,13188,29155,5000
2020-06-08 09:44:46.470000,29198.27,29175,25022,29180,5096,29160,13188,29155,5000
2020-06-08 09:44:49.080000,29198.27,29170,25018,29175,5000,29155,13188,29150,5000
2020-06-08 09:44:50.120000,29198.27,29175,25022,29180,5096,29160,13188,29155,5000
2020-06-08 09:44:50.340000,29198.27,29170,25018,29175,5000,29155,13188,29150,5000
2020-06-08 09:44:52.640000,29198.27,29175,25022,29180,5096,29160,13188,29155,5000
2020-06-08 09:44:53.310000,29198.27,29170,25018,29175,5000,29155,13188,29150,5000
2020-06-08 09:44:54.290000,29198.27,29175,25022,29180,5096,29160,5000,29155,13188
2020-06-08 09:44:54.630000,29214.91,29175,25022,29180,5096,29160,13188,29155,5000
2020-06-08 09:44:55.340000,29214.91,29180,25118,29185,5100,29165,5000,29160,13188
2020-06-08 09:44:56.380000,29214.91,29180,25118,29185,5100,29165,13188,29160,5000
2020-06-08 09:44:57.530000,29214.91,29175,25022,29180,5096,29160,13188,29155,5000
2020-06-08 09:44:58.840000,29214.91,29165,25022,29170,4996,29150,13188,29145,5000
2020-06-08 09:45:00.040000,29214.91,29160,4996,29165,25022,29150,8188,29145,5000
2020-06-08 09:45:00.430000,29214.91,29165,25022,29170,4996,29150,13188,29145,5000
2020-06-08 09:45:01.640000,29214.91,29155,25022,29160,4996,29140,13188,29135,5000
2020-06-08 09:45:02.100000,29214.91,29160,25018,29165,5000,29145,13188,29140,5000
2020-06-08 09:45:03.210000,29214.91,29165,25022,29170,4996,29150,13188,29145,5000
2020-06-08 09:45:03.600000,29214.91,29165,25022,29170,4996,29150,13188,29145,5000
2020-06-08 09:45:05.300000,29203.91,29160,25018,29165,5000,29145,13188,29140,5000
2020-06-08 09:45:05.640000,29203.91,29150,25018,29155,5000,29135,13188,29130,5000
2020-06-08 09:45:06.860000,29203.91,29145,25022,29150,4996,29130,13188,29125,5103
2020-06-08 09:45:07.910000,29203.91,29140,25018,29145,5000,29125,13291,29120,5001
2020-06-08 09:45:08.940000,29203.91,29145,25022,29150,4996,29130,13188,29125,5103
2020-06-08 09:45:10.000000,29203.91,29145,25022,29150,4996,29130,13188,29125,5103
2020-06-08 09:45:11.580000,29203.91,29150,25018,29155,5000,29135,13188,29130,5000
2020-06-08 09:45:12.050000,29203.91,29150,25018,29155,5000,29135,13188,29130,5000
2020-06-08 09:45:13.170000,29203.91,29150,25018,29155,5000,29135,13188,29130,5000
2020-06-08 09:45:14.480000,29203.91,29155,25022,29160,4996,29140,13188,29135,5000
2020-06-08 09:45:14.830000,29207.35,29155,25022,29160,4996,29140,13188,29135,5000
2020-06-08 09:45:15.570000,29207.35,29155,25022,29160,4996,29140,13188,29135,5000
2020-06-08 09:45:17.430000,29207.35,29160,25018,29165,5000,29145,13188,29140,5000
2020-06-08 09:45:17.700000,29207.35,29160,25018,29165,5000,29145,13188,29140,5000
2020-06-08 09:45:18.470000,29207.35,29160,25018,29165,5000,29145,13188,29140,5000
2020-06-08 09:45:18.930000,29207.35,29155,25022,29160,4996,29140,13188,29135,5000
2020-06-08 09:45:20.240000,29207.35,29155,25022,29160,4996,29140,13187,29135,5000
2020-06-08 09:45:21.110000,29207.35,29155,25022,29160,4996,29140,13187,29135,5000
2020-06-08 09:45:21.690000,29207.35,29150,25018,29155,5000,29135,5000,29130,13187
2020-06-08 09:45:22.680000,29207.35,29150,25018,29155,5000,29135,13188,29130,4999
2020-06-08 09:45:23.730000,29207.35,29155,25022,29160,4996,29140,13187,29135,5000
2020-06-08 09:45:24.760000,29209.59,29155,5000,29160,25018,29145,8188,29140,4999
2020-06-08 09:45:25.010000,29209.59,29160,25018,29165,5000,29145,13188,29140,4999
2020-06-08 09:45:26.850000,29209.59,29155,25022,29160,4996,29140,13187,29135,5000
2020-06-08 09:45:27.880000,29209.59,29160,25018,29165,5000,29145,13188,29140,4999
2020-06-08 09:45:28.200000,29209.59,29155,25022,29160,4996,29140,13187,29135,5000
2020-06-08 09:45:29.390000,29209.59,29155,25022,29160,4996,29140,4999,29135,13188
2020-06-08 09:45:30.500000,29209.59,29155,25022,29160,4996,29140,13187,29135,5000
2020-06-08 09:45:30.690000,29209.59,29155,25022,29160,4996,29140,4999,29135,13188
2020-06-08 09:45:31.560000,29209.59,29150,20022,29155,5000,29140,4999,29135,13188
2020-06-08 09:45:31.840000,29209.59,29155,25022,29160,4996,29140,13187,29135,5000
2020-06-08 09:45:33.860000,29209.59,29155,25022,29160,4996,29140,13187,29135,5000
2020-06-08 09:45:34.720000,29192.79,29155,25022,29160,4996,29140,13187,29135,5000
2020-06-08 09:45:35.240000,29192.79,29160,25018,29165,5000,29145,13188,29140,4999
2020-06-08 09:45:36.270000,29192.79,29160,25018,29165,5000,29145,13188,29140,4999
2020-06-08 09:45:36.670000,29192.79,29165,25022,29170,4996,29150,13187,29145,5000
2020-06-08 09:45:37.330000,29192.79,29155,5000,29160,25018,29145,8188,29140,4999
2020-06-08 09:45:38.380000,29192.79,29155,20022,29160,4996,29145,5000,29140,13187
2020-06-08 09:45:38.640000,29192.79,29155,25022,29160,4996,29140,13187,29135,5000
2020-06-08 09:45:40.450000,29192.79,29155,25022,29160,4996,29140,13187,29135,5000
2020-06-08 09:45:41.520000,29192.79,29150,4996,29155,25022,29140,8188,29135,5000
2020-06-08 09:45:41.700000,29192.79,29155,25022,29160,4996,29140,13187,29135,5000
2020-06-08 09:45:42.560000,29192.79,29150,4996,29155,25022,29140,8188,29135,5000
2020-06-08 09:45:42.900000,29192.79,29155,25022,29160,4996,29140,13187,29135,5000
2020-06-08 09:45:43.610000,29192.79,29160,25018,29165,5000,29145,8188,29140,9999
2020-06-08 09:45:44.100000,29192.79,29160,25018,29165,5000,29145,13187,29140,5000
2020-06-08 09:45:45.200000,29205.93,29165,25022,29170,4996,29150,13188,29145,4999
2020-06-08 09:45:45.470000,29205.93,29160,25018,29165,5000,29145,13187,29140,5000
2020-06-08 09:45:46.220000,29205.93,29160,25018,29165,5000,29145,13187,29140,5000
2020-06-08 09:45:48.340000,29205.93,29155,25022,29160,4996,29140,13188,29135,4999
2020-06-08 09:45:49.540000,29205.93,29160,25018,29165,5000,29145,13187,29140,5000
2020-06-08 09:45:50.480000,29205.93,29160,20022,29165,5000,29150,5000,29145,13187
2020-06-08 09:45:50.750000,29205.93,29160,20022,29165,5000,29150,5000,29145,13187
2020-06-08 09:45:51.530000,29205.93,29160,25018,29165,5000,29145,13187,29140,5000
2020-06-08 09:45:51.930000,29205.93,29155,5000,29160,25018,29145,8188,29140,5000
2020-06-08 09:45:52.570000,29205.93,29155,20022,29160,4996,29145,4999,29140,13188
2020-06-08 09:45:53.600000,29205.93,29160,25018,29165,5000,29145,13187,29140,5000
2020-06-08 09:45:53.830000,29205.93,29165,25022,29170,4996,29150,13188,29145,4999
2020-06-08 09:45:54.640000,29211.54,29170,25018,29175,5000,29155,13187,29150,5000
2020-06-08 09:45:55.690000,29211.54,29175,5000,29180,25018,29165,8188,29160,5000
2020-06-08 09:45:56.140000,29211.54,29175,25022,29180,4996,29160,13188,29155,4999
2020-06-08 09:45:58.600000,29211.54,29175,25022,29180,4996,29160,13188,29155,4999
2020-06-08 09:45:59.300000,29211.54,29170,4996,29175,25022,29160,8188,29155,4999
2020-06-08 09:46:00.510000,29211.54,29180,25018,29185,5000,29165,13187,29160,5000
2020-06-08 09:46:01.430000,29211.54,29175,5000,29180,25018,29165,8188,29160,5000
2020-06-08 09:46:01.940000,29211.54,29180,25018,29185,5000,29165,13187,29160,5000
2020-06-08 09:46:02.970000,29211.54,29175,25022,29180,4996,29160,13188,29155,4999
2020-06-08 09:46:05.620000,29195.85,29175,25022,29180,4996,29160,13188,29155,4999
2020-06-08 09:46:06.660000,29195.85,29175,20022,29180,4996,29165,4999,29160,13188
2020-06-08 09:46:07.030000,29195.85,29180,25018,29185,5000,29165,13187,29160,5000
2020-06-08 09:46:07.560000,29195.85,29175,5000,29180,25018,29165,8188,29160,5000
2020-06-08 09:46:08.130000,29195.85,29185,25022,29190,4996,29170,13188,29165,4999
2020-06-08 09:46:09.310000,29195.85,29185,25022,29190,4996,29170,13188,29165,4999
2020-06-08 09:46:09.580000,29195.85,29190,25018,29195,5000,29175,13187,29170,5000
2020-06-08 09:46:11.440000,29195.85,29195,25022,29200,4996,29180,13188,29175,4999
2020-06-08 09:46:12.510000,29195.85,29190,25018,29195,5000,29175,13187,29170,5000
2020-06-08 09:46:12.830000,29195.85,29185,25022,29190,4996,29170,13188,29165,4999
2020-06-08 09:46:15.070000,29209.79,29180,20022,29185,5000,29170,5000,29165,13187
2020-06-08 09:46:15.270000,29209.79,29185,25022,29190,4996,29170,13188,29165,4999
2020-06-08 09:46:17.300000,29209.79,29185,25022,29190,4996,29170,13188,29165,4999
2020-06-08 09:46:19.270000,29209.79,29185,25022,29190,4996,29170,13188,29165,4999
2020-06-08 09:46:19.800000,29209.79,29190,25018,29195,5000,29175,13187,29170,5000
2020-06-08 09:46:20.830000,29209.79,29185,20022,29190,4996,29175,4999,29170,13188
2020-06-08 09:46:21.500000,29209.79,29185,20022,29190,4996,29175,4999,29170,13188
2020-06-08 09:46:22.470000,29209.79,29190,25018,29195,5000,29175,13187,29170,5000
2020-06-08 09:46:24.630000,29236.61,29190,25018,29195,5000,29175,4999,29170,13188
2020-06-08 09:46:24.970000,29236.61,29190,25018,29195,5000,29175,13187,29170,5000
2020-06-08 09:46:25.740000,29236.61,29185,20022,29190,4996,29175,4999,29170,13188
2020-06-08 09:46:26.710000,29236.61,29190,25018,29195,5000,29175,4999,29170,13188
2020-06-08 09:46:27.760000,29236.61,29185,25022,29190,4996,29170,13188,29165,4999
2020-06-08 09:46:31.770000,29236.61,29185,25022,29190,4996,29170,13188,29165,4999
2020-06-08 09:46:33.900000,29236.61,29190,25018,29195,5000,29175,13187,29170,5000
2020-06-08 09:46:34.570000,29221.69,29190,25018,29195,5000,29175,13187,29170,5000
2020-06-08 09:46:35.610000,29221.69,29195,25022,29200,4996,29180,13188,29175,4999
2020-06-08 09:46:35.950000,29221.69,29190,25018,29195,5000,29175,13187,29170,5000
2020-06-08 09:46:36.570000,29221.69,29195,25022,29200,4996,29180,13188,29175,4999
2020-06-08 09:46:37.140000,29221.69,29190,4996,29195,25022,29180,8188,29175,4999
2020-06-08 09:46:37.690000,29221.69,29195,25022,29200,4996,29180,13188,29175,4999
2020-06-08 09:46:38.160000,29221.69,29190,25018,29195,5000,29175,13187,29170,5000
2020-06-08 09:46:39.190000,29221.69,29190,4996,29195,25022,29180,8188,29175,4999
2020-06-08 09:46:39.430000,29221.69,29195,25022,29200,4996,29180,13188,29175,4999
2020-06-08 09:46:41.790000,29221.69,29200,25018,29205,5000,29185,13187,29180,5000
2020-06-08 09:46:42.230000,29221.69,29200,25018,29205,5000,29185,13187,29180,5000
2020-06-08 09:46:45.520000,29222.52,29195,25022,29200,4996,29180,13188,29175,4999
2020-06-08 09:46:45.740000,29222.52,29195,25022,29200,4996,29180,13188,29175,4999
2020-06-08 09:46:46.570000,29222.52,29200,25018,29205,5000,29185,13187,29180,5000
2020-06-08 09:46:48.630000,29222.52,29200,25018,29205,5000,29185,13187,29180,5000
2020-06-08 09:46:53.420000,29222.52,29200,25018,29205,5000,29185,13187,29180,5000
2020-06-08 09:46:56.530000,29221.26,29200,25018,29205,5000,29185,13187,29180,5000
2020-06-08 09:46:58.930000,29221.26,29205,25022,29210,4996,29190,13188,29185,4999
2020-06-08 09:47:02.330000,29221.26,29205,25022,29210,4996,29190,13188,29185,4999
2020-06-08 09:47:03.390000,29221.26,29205,25022,29210,4996,29190,13188,29185,4999
2020-06-08 09:47:05.530000,29225.64,29205,25022,29210,4996,29190,13188,29185,4999
2020-06-08 09:47:06.060000,29225.64,29200,25018,29205,5000,29185,13187,29180,5000
2020-06-08 09:47:07.090000,29225.64,29200,25018,29205,5000,29185,13187,29180,5000
2020-06-08 09:47:07.320000,29225.64,29195,25022,29200,4996,29180,13188,29175,4999
2020-06-08 09:47:08.150000,29225.64,29200,25018,29205,5000,29185,13187,29180,5000
2020-06-08 09:47:08.630000,29225.64,29195,20022,29200,4996,29185,4999,29180,13188
2020-06-08 09:47:09.730000,29225.64,29200,25018,29205,5000,29185,13187,29180,5000
2020-06-08 09:47:10.770000,29225.64,29195,25022,29200,4996,29180,13188,29175,4999
2020-06-08 09:47:11.820000,29225.64,29190,20022,29195,5000,29180,5000,29175,13187
2020-06-08 09:47:12.420000,29225.64,29190,25018,29195,5000,29175,13187,29170,5000
2020-06-08 09:47:13.380000,29225.64,29185,25022,29190,4996,29170,13188,29165,4999
2020-06-08 09:47:15.000000,29227.77,29180,20022,29185,5000,29170,5000,29165,13187
2020-06-08 09:47:15.990000,29227.77,29180,20022,29185,5000,29170,5000,29165,13187
2020-06-08 09:47:16.320000,29227.77,29180,25018,29185,5000,29165,13187,29160,5000
2020-06-08 09:47:18.330000,29227.77,29180,25018,29185,5000,29165,13187,29160,5000
2020-06-08 09:47:21.780000,29227.77,29185,25022,29190,4996,29170,13188,29165,4999
2020-06-08 09:47:23.090000,29227.77,29190,25018,29195,5000,29175,13187,29170,5000
2020-06-08 09:47:24.910000,29229.54,29190,25018,29195,5000,29175,13187,29170,5000
2020-06-08 09:47:25.300000,29229.54,29185,25022,29190,4996,29170,13188,29165,4999
2020-06-08 09:47:25.940000,29229.54,29185,25022,29190,4996,29170,13188,29165,4999
2020-06-08 09:47:27.250000,29229.54,29180,25018,29185,5000,29165,13187,29160,5000
2020-06-08 09:47:28.500000,29229.54,29185,25022,29190,4996,29170,13188,29165,4999
2020-06-08 09:47:30.060000,29229.54,29185,25022,29190,4996,29170,13188,29165,4999
2020-06-08 09:47:31.220000,29229.54,29190,25018,29195,5000,29175,13187,29170,5000
2020-06-08 09:47:32.300000,29229.54,29185,25022,29190,4996,29170,13188,29165,4999
2020-06-08 09:47:33.350000,29229.54,29180,25018,29185,5000,29165,13187,29160,5000
2020-06-08 09:47:34.400000,29229.54,29180,20022,29185,5000,29170,5000,29165,13187
2020-06-08 09:47:34.600000,29217.41,29180,4996,29185,25022,29170,8188,29165,4999
2020-06-08 09:47:35.420000,29217.41,29180,25018,29185,5000,29165,13187,29160,5000
