time,nav,sell1,sell1_cnt,sell2,sell2_cnt,buy1,buy1_cnt,buy2,buy2_cnt
2020-06-10 10:38:02.360000,0.0,29185,103,29190,29951,29175,9151,29170,10499
2020-06-10 10:38:02.990000,0.0,29185,103,29195,29901,29180,9151,29175,9999
2020-06-10 10:38:03.660000,0.0,29185,103,29195,29901,29180,9151,29175,9999
2020-06-10 10:38:05.720000,29227.08,29195,9949,29200,30001,29185,9151,29175,9999
2020-06-10 10:38:06.160000,29227.08,29200,30001,29205,9950,29185,9151,29180,10399
2020-06-10 10:38:06.490000,29227.08,29195,19952,29200,10049,29180,19550,29175,9999
2020-06-10 10:38:06.950000,29227.08,29195,29901,29200,10049,29180,9551,29175,9999
2020-06-10 10:38:09.080000,29227.08,29200,30001,29205,9950,29180,19550,29175,9999
2020-06-10 10:38:09.270000,29227.08,29200,30001,29205,9950,29185,9151,29180,10399
2020-06-10 10:38:15.580000,29228.22,29200,50,29205,29902,29190,9151,29185,9999
2020-06-10 10:38:16.450000,29228.22,29200,50,29205,9950,29195,9151,29185,9999
2020-06-10 10:38:17.120000,29228.22,29200,50,29205,1,29195,9151,29190,9999
2020-06-10 10:38:18.000000,29228.22,29200,50,29205,9950,29195,9151,29185,9999
2020-06-10 10:38:18.140000,29228.22,29200,50,29205,29902,29190,9151,29185,9999
2020-06-10 10:38:20.500000,29228.22,29200,50,29205,9950,29195,9151,29185,9999
2020-06-10 10:38:21.730000,29228.22,29200,50,29205,29902,29190,9151,29185,9999
2020-06-10 10:38:23.730000,29228.22,29200,50,29205,29902,29190,9151,29185,9999
2020-06-10 10:38:25.890000,29206.72,29200,50,29205,9950,29195,9151,29185,9999
2020-06-10 10:38:26.090000,29206.72,29200,50,29205,1,29195,9151,29190,9999
2020-06-10 10:38:26.890000,29206.72,29200,50,29205,9950,29195,9151,29185,9999
2020-06-10 10:38:27.350000,29206.72,29200,50,29205,1,29195,9151,29190,9999
2020-06-10 10:38:27.620000,29206.72,29200,50,29205,19953,29190,19150,29185,9999
2020-06-10 10:38:28.490000,29206.72,29200,50,29205,1,29190,19150,29185,9999
2020-06-10 10:38:28.640000,29206.72,29200,50,29205,1,29190,19150,29185,9999
2020-06-10 10:38:28.990000,29206.72,29200,50,29205,29902,29190,9151,29185,9999
2020-06-10 10:38:33.200000,29206.72,29200,50,29205,29902,29190,9151,29185,9999
2020-06-10 10:38:33.760000,29206.72,29200,50,29205,29902,29185,19150,29180,10399
2020-06-10 10:38:34.290000,29206.72,29200,50,29205,29902,29190,9151,29185,9999
2020-06-10 10:38:36.410000,29224.14,29200,50,29205,29902,29185,19150,29180,10399
2020-06-10 10:38:36.710000,29224.14,29200,20002,29205,9950,29185,19150,29180,10399
2020-06-10 10:38:37.440000,29224.14,29200,50,29205,29902,29185,19150,29180,10399
2020-06-10 10:38:37.540000,29224.14,29200,30001,29205,9950,29185,9151,29180,10399
2020-06-10 10:38:38.300000,29224.14,29200,30001,29205,9950,29185,9151,29180,10399
2020-06-10 10:38:40.120000,29224.14,29200,30001,29205,9950,29185,9151,29180,10399
2020-06-10 10:38:41.370000,29224.14,29200,50,29205,29902,29190,9151,29185,9999
2020-06-10 10:38:42.240000,29224.14,29200,30001,29205,9950,29185,9151,29180,10399
2020-06-10 10:38:45.940000,29211.72,29195,29901,29200,10049,29180,9551,29175,9999
2020-06-10 10:38:47.110000,29211.72,29195,29901,29200,10049,29180,9551,29175,9999
2020-06-10 10:38:47.470000,29211.72,29190,29951,29195,9949,29180,400,29175,9151
2020-06-10 10:38:48.540000,29211.72,29195,29901,29200,10049,29180,9551,29175,9999
2020-06-10 10:38:50.640000,29211.72,29195,29901,29200,10049,29180,400,29175,19150
2020-06-10 10:38:51.030000,29211.72,29190,29951,29195,9949,29180,400,29175,9151
2020-06-10 10:38:51.690000,29211.72,29195,29901,29200,10049,29180,9551,29175,9999
2020-06-10 10:38:52.130000,29211.72,29195,29901,29200,10049,29180,400,29175,19150
2020-06-10 10:38:54.410000,29217.64,29190,29951,29195,9949,29175,9151,29170,10499
2020-06-10 10:38:54.800000,29217.64,29185,29901,29190,9999,29170,9651,29165,9999
2020-06-10 10:38:55.800000,29217.64,29190,29951,29195,9949,29175,9151,29170,10499
2020-06-10 10:38:56.450000,29217.64,29195,29901,29200,10049,29175,19150,29170,10499
2020-06-10 10:38:57.060000,29217.64,29195,29901,29200,10049,29180,9151,29175,9999
2020-06-10 10:38:58.250000,29217.64,29195,29901,29200,10049,29175,19150,29170,10499
2020-06-10 10:38:59.190000,29217.64,29195,29901,29200,10049,29180,9151,29175,9999
2020-06-10 10:39:00.640000,29217.64,29195,29901,29200,10049,29180,9151,29175,9999
2020-06-10 10:39:01.920000,29217.64,29195,29901,29200,10049,29180,9151,29175,9999
2020-06-10 10:39:02.730000,29217.64,29190,19952,29195,9949,29175,19150,29170,10499
2020-06-10 10:39:02.920000,29217.64,29195,29901,29200,10049,29175,19150,29170,10499
2020-06-10 10:39:03.780000,29217.64,29190,29951,29195,9949,29175,9151,29170,10499
2020-06-10 10:39:04.860000,29201.38,29190,9999,29195,29901,29180,9151,29170,10499
2020-06-10 10:39:05.000000,29201.38,29195,29901,29200,10049,29180,9151,29175,9999
2020-06-10 10:39:05.400000,29201.38,29195,29901,29200,10049,29175,19150,29170,10499
2020-06-10 10:39:05.760000,29201.38,29190,29951,29195,9949,29175,9151,29170,10499
2020-06-10 10:39:06.790000,29201.38,29190,19952,29195,9949,29175,19150,29170,10499
2020-06-10 10:39:07.500000,29201.38,29190,29951,29195,9949,29175,9151,29170,10499
2020-06-10 10:39:14.310000,29201.38,29195,29901,29200,10049,29175,19150,29170,10499
2020-06-10 10:39:15.370000,29207.12,29195,29901,29200,10049,29175,19150,29170,10499
2020-06-10 10:39:15.620000,29207.12,29190,9999,29195,29901,29180,9151,29170,10499
2020-06-10 10:39:15.890000,29207.12,29190,29951,29195,9949,29175,9151,29170,10499
2020-06-10 10:39:17.490000,29207.12,29185,19952,29190,9999,29170,19650,29165,9999
2020-06-10 10:39:17.650000,29207.12,29185,29901,29190,9999,29170,9651,29165,9999
2020-06-10 10:39:17.960000,29207.12,29180,29951,29185,9949,29165,9151,29160,9999
2020-06-10 10:39:18.350000,29207.12,29185,29901,29190,9999,29170,9151,29165,9999
2020-06-10 10:39:19.180000,29207.12,29185,29851,29190,9999,29170,9151,29165,9999
2020-06-10 10:39:20.240000,29207.12,29185,9899,29190,29951,29175,9151,29165,9999
2020-06-10 10:39:20.480000,29207.12,29185,29851,29190,9999,29170,9151,29165,9999
2020-06-10 10:39:22.770000,29207.12,29190,29951,29195,9899,29175,9151,29170,9999
2020-06-10 10:39:23.060000,29207.12,29190,29951,29195,9899,29170,19150,29165,9999
2020-06-10 10:39:24.290000,29221.36,29185,29851,29190,9999,29170,9151,29165,9999
2020-06-10 10:39:31.960000,29221.36,29180,137,29185,29851,29170,9151,29165,9999
2020-06-10 10:39:33.820000,29221.36,29180,20089,29185,9899,29165,19150,29160,9999
2020-06-10 10:39:34.190000,29221.36,29180,137,29185,29851,29170,9151,29165,9999
2020-06-10 10:39:34.800000,29228.74,29180,30088,29185,9899,29165,9151,29160,9999
2020-06-10 10:39:37.550000,29228.74,29180,30088,29185,9899,29160,19150,29155,9999
2020-06-10 10:39:37.720000,29228.74,29180,30088,29185,9899,29165,9151,29160,9999
2020-06-10 10:39:38.630000,29228.74,29180,30088,29185,9899,29160,19150,29155,9999
2020-06-10 10:39:38.800000,29228.74,29180,30088,29185,9899,29165,9151,29160,9999
2020-06-10 10:39:40.750000,29228.74,29180,30088,29185,9899,29165,9151,29160,9999
2020-06-10 10:39:41.190000,29228.74,29180,30088,29185,9899,29165,9151,29160,9999
2020-06-10 10:39:41.660000,29228.74,29180,137,29185,29851,29170,9151,29165,9999
2020-06-10 10:39:42.130000,29228.74,29180,137,29185,29851,29165,19150,29160,9999
2020-06-10 10:39:42.780000,29228.74,29180,137,29185,29851,29170,9151,29165,9999
2020-06-10 10:39:43.830000,29228.74,29180,137,29185,29851,29170,9151,29165,9999
2020-06-10 10:39:44.350000,29204.26,29180,137,29185,29851,29165,19150,29160,9999
2020-06-10 10:39:44.780000,29204.26,29180,137,29185,29851,29170,9151,29165,9999
2020-06-10 10:39:46.490000,29204.26,29180,30088,29185,9899,29165,9151,29160,9999
2020-06-10 10:39:49.230000,29204.26,29180,30088,29185,9899,29165,9151,29160,9999
2020-06-10 10:39:55.540000,29194.16,29180,30088,29185,9899,29165,9151,29160,9999
2020-06-10 10:39:56.630000,29194.16,29175,19952,29180,10136,29160,19150,29155,9999
2020-06-10 10:39:57.150000,29194.16,29175,20089,29180,9999,29160,19150,29155,9999
2020-06-10 10:39:58.630000,29194.16,29175,29988,29180,9999,29160,9151,29155,9999
2020-06-10 10:39:59.760000,29194.16,29170,9999,29175,29988,29160,9151,29150,9999
2020-06-10 10:40:00.730000,29194.16,29170,137,29175,29851,29160,9151,29155,9999
2020-06-10 10:40:00.960000,29194.16,29170,137,29175,29851,29155,19150,29150,9999
2020-06-10 10:40:01.350000,29194.16,29170,137,29175,29851,29160,9151,29155,9999
2020-06-10 10:40:03.380000,29194.16,29170,137,29180,29951,29160,19150,29155,9999
2020-06-10 10:40:04.190000,29194.16,29170,137,29175,19952,29160,19150,29155,9999
2020-06-10 10:40:04.990000,29207.44,29170,137,29180,29951,29165,9151,29160,9999
2020-06-10 10:40:05.160000,29207.44,29180,29951,29185,9899,29165,9651,29160,9999
2020-06-10 10:40:06.070000,29207.44,29185,29851,29190,9999,29165,19650,29160,9999
2020-06-10 10:40:06.320000,29207.44,29185,29851,29190,9999,29170,9151,29165,10499
2020-06-10 10:40:10.080000,29207.44,29190,29951,29195,9899,29175,9151,29170,9999
2020-06-10 10:40:13.250000,29207.44,29190,29951,29195,9899,29175,9151,29170,9999
2020-06-10 10:40:13.960000,29207.44,29190,29951,29195,9899,29175,9151,29170,9999
2020-06-10 10:40:14.490000,29207.44,29190,29951,29195,9899,29170,19150,29165,10499
2020-06-10 10:40:15.000000,29206.84,29185,19952,29190,9999,29170,19150,29165,10499
2020-06-10 10:40:16.060000,29206.84,29190,29951,29195,9899,29175,9151,29170,9999
2020-06-10 10:40:17.280000,29206.84,29190,9999,29195,29851,29180,9151,29170,9999
2020-06-10 10:40:18.310000,29206.84,29195,29851,29200,10049,29180,9151,29175,9999
2020-06-10 10:40:19.420000,29206.84,29190,9999,29195,29851,29180,9151,29170,9999
2020-06-10 10:40:20.300000,29206.84,29195,29851,29200,10049,29180,9151,29175,9999
2020-06-10 10:40:20.470000,29206.84,29195,29851,29200,10049,29175,19150,29170,9999
2020-06-10 10:40:21.360000,29206.84,29190,19952,29195,9899,29175,19150,29170,9999
2020-06-10 10:40:21.480000,29206.84,29190,29951,29195,9899,29175,9151,29170,9999
2020-06-10 10:40:22.420000,29206.84,29190,29951,29195,9899,29175,9151,29170,9999
2020-06-10 10:40:23.480000,29206.84,29190,29951,29195,9899,29175,9151,29170,9999
2020-06-10 10:40:23.890000,29206.84,29185,29851,29190,9999,29170,9151,29165,10499
2020-06-10 10:40:26.250000,29218.34,29185,9899,29190,29951,29175,9151,29165,10499
2020-06-10 10:40:26.480000,29218.34,29185,9899,29190,29951,29175,9151,29165,10499
2020-06-10 10:40:27.480000,29218.34,29185,29851,29190,9999,29170,9151,29165,10499
2020-06-10 10:40:29.090000,29218.34,29185,9899,29190,29951,29175,9151,29165,10499
2020-06-10 10:40:29.840000,29218.34,29190,29951,29195,9899,29175,9151,29170,9999
2020-06-10 10:40:30.150000,29218.34,29185,29851,29190,9999,29170,9151,29165,10499
2020-06-10 10:40:32.980000,29218.34,29180,29951,29185,9899,29165,9651,29160,9999
2020-06-10 10:40:34.180000,29218.34,29185,29851,29190,9999,29165,19650,29160,9999
2020-06-10 10:40:35.090000,29208.13,29185,29851,29190,9999,29170,9151,29165,10499
2020-06-10 10:40:36.590000,29208.13,29185,29851,29190,9999,29170,9151,29165,10499
2020-06-10 10:40:39.460000,29208.13,29190,29951,29195,9899,29175,9151,29170,9999
2020-06-10 10:40:41.290000,29208.13,29195,29851,29200,10049,29180,9151,29175,9999
2020-06-10 10:40:42.930000,29208.13,29195,29851,29200,10049,29180,9151,29175,9999
2020-06-10 10:40:44.790000,29204.94,29200,30001,29205,9900,29185,9151,29180,9999
2020-06-10 10:40:46.600000,29204.94,29195,9899,29200,30001,29185,9151,29175,9999
2020-06-10 10:40:47.430000,29204.94,29200,30001,29205,9900,29185,9151,29180,9999
2020-06-10 10:40:48.350000,29204.94,29200,50,29205,29852,29190,9151,29185,9999
2020-06-10 10:40:49.690000,29204.94,29200,30001,29205,9900,29185,9151,29180,9999
2020-06-10 10:40:52.930000,29204.94,29200,30001,29205,9900,29185,9151,29180,9999
2020-06-10 10:40:53.930000,29204.94,29200,50,29205,29852,29185,19150,29180,9999
2020-06-10 10:40:54.110000,29204.94,29200,50,29205,29852,29190,9151,29185,9999
2020-06-10 10:40:57.070000,29208.9,29200,50,29205,29852,29190,9151,29185,9999
2020-06-10 10:40:57.390000,29208.9,29200,50,29205,9900,29195,9151,29185,9999
2020-06-10 10:40:58.080000,29208.9,29200,50,29205,1,29195,9151,29190,9999
2020-06-10 10:40:59.160000,29208.9,29200,50,29205,29852,29190,9151,29185,9999
2020-06-10 10:40:59.660000,29208.9,29200,20002,29205,9900,29185,19150,29180,9999
2020-06-10 10:41:00.740000,29208.9,29200,50,29205,29852,29190,9151,29185,9999
2020-06-10 10:41:01.190000,29208.9,29200,30001,29205,9900,29185,9151,29180,9999
2020-06-10 10:41:02.310000,29208.9,29200,30001,29205,9900,29185,9151,29180,9999
2020-06-10 10:41:02.630000,29208.9,29200,30001,29205,9900,29185,9151,29180,9999
2020-06-10 10:41:03.810000,29208.9,29200,30001,29205,9900,29185,9151,29180,9999
2020-06-10 10:41:05.690000,29220.63,29200,50,29205,29852,29190,9151,29185,9999
2020-06-10 10:41:05.990000,29220.63,29200,30001,29205,9900,29185,9151,29180,9999
2020-06-10 10:41:07.450000,29220.63,29200,50,29205,29852,29185,19150,29180,9999
2020-06-10 10:41:07.940000,29220.63,29200,30001,29205,9900,29185,9151,29180,9999
2020-06-10 10:41:12.780000,29220.63,29195,29851,29200,10049,29180,9151,29175,9999
2020-06-10 10:41:13.940000,29220.63,29200,30001,29205,9900,29180,19150,29175,9999
2020-06-10 10:41:14.360000,29220.63,29200,30001,29205,9900,29185,9151,29180,9999
2020-06-10 10:41:16.610000,29211.53,29195,87,29200,30001,29185,9151,29180,9999
2020-06-10 10:41:18.810000,29211.53,29195,87,29200,30001,29180,19150,29175,9999
2020-06-10 10:41:19.180000,29211.53,29195,87,29200,30001,29185,9151,29180,9999
2020-06-10 10:41:20.390000,29211.53,29195,87,29200,10049,29190,9151,29180,9999
2020-06-10 10:41:21.340000,29211.53,29195,87,29200,30001,29185,9151,29180,9999
2020-06-10 10:41:25.290000,29229.15,29195,87,29200,10049,29190,9151,29180,9999
2020-06-10 10:41:26.170000,29229.15,29195,87,29200,20002,29185,19150,29180,9999
2020-06-10 10:41:27.130000,29229.15,29195,87,29200,30001,29185,9151,29180,9999
2020-06-10 10:41:29.310000,29229.15,29195,87,29200,30001,29185,9151,29180,9999
2020-06-10 10:41:32.460000,29229.15,29195,87,29200,10049,29190,9151,29180,9999
2020-06-10 10:41:32.630000,29229.15,29195,87,29200,30001,29185,9151,29180,9999
2020-06-10 10:41:34.690000,29228.46,29195,87,29200,30001,29185,9151,29180,9999
2020-06-10 10:41:37.380000,29228.46,29195,29938,29200,10049,29180,9151,29175,9999
2020-06-10 10:41:39.190000,29228.46,29195,29938,29200,10049,29180,9151,29175,9999
2020-06-10 10:41:40.400000,29228.46,29190,29951,29195,9986,29175,9151,29170,9999
2020-06-10 10:41:40.660000,29228.46,29190,30038,29195,9899,29175,9151,29170,9999
2020-06-10 10:41:43.490000,29228.46,29185,19952,29190,10086,29170,19150,29165,10499
2020-06-10 10:41:43.690000,29228.46,29185,29938,29190,9999,29170,9151,29165,10499
2020-06-10 10:41:44.540000,29228.46,29185,29938,29190,9999,29165,19650,29160,9999
2020-06-10 10:41:44.720000,29225.52,29180,29951,29185,9986,29165,9651,29160,9999
2020-06-10 10:41:44.990000,29225.52,29180,30038,29185,9899,29165,9651,29160,9999
2020-06-10 10:41:45.990000,29225.52,29180,87,29185,29851,29170,9151,29165,10499
2020-06-10 10:41:46.390000,29225.52,29180,30038,29185,9899,29165,9651,29160,9999
2020-06-10 10:41:47.100000,29225.52,29180,30038,29185,9899,29165,9651,29160,9999
2020-06-10 10:41:47.250000,29225.52,29180,87,29185,29851,29170,9151,29165,10499
2020-06-10 10:41:48.410000,29225.52,29180,87,29190,29951,29175,9151,29170,9999
2020-06-10 10:41:50.160000,29225.52,29180,87,29185,29851,29170,9151,29165,10499
2020-06-10 10:41:51.830000,29225.52,29180,87,29190,29951,29175,9151,29170,9999
2020-06-10 10:41:55.730000,29200.41,29180,87,29185,19952,29170,19150,29165,10499
2020-06-10 10:41:56.200000,29200.41,29180,87,29190,29951,29175,9151,29170,9999
2020-06-10 10:41:57.590000,29200.41,29180,87,29185,29851,29170,9151,29165,10499
2020-06-10 10:41:58.850000,29200.41,29180,87,29190,29951,29175,9151,29170,9999
2020-06-10 10:42:01.680000,29200.41,29180,87,29185,29851,29170,9151,29165,10499
2020-06-10 10:42:02.590000,29200.41,29180,87,29185,29851,29170,9151,29165,10499
2020-06-10 10:42:03.840000,29200.41,29180,30038,29185,9899,29165,9651,29160,9999
2020-06-10 10:42:05.490000,29224.57,29180,29988,29185,9899,29165,9651,29160,9999
2020-06-10 10:42:06.330000,29224.57,29180,29988,29185,9899,29165,9651,29160,9999
2020-06-10 10:42:07.930000,29224.57,29180,29988,29185,9899,29165,9651,29160,9999
2020-06-10 10:42:11.050000,29224.57,29180,37,29185,29851,29170,9151,29165,10499
2020-06-10 10:42:11.490000,29224.57,29180,19989,29185,9899,29165,19650,29160,9999
2020-06-10 10:42:13.220000,29224.57,29180,19989,29185,9899,29165,19650,29160,9999
2020-06-10 10:42:13.440000,29224.57,29180,29988,29185,9899,29165,9651,29160,9999
2020-06-10 10:42:14.250000,29224.57,29180,29988,29185,9899,29165,9651,29160,9999
2020-06-10 10:42:14.770000,29204.33,29180,19989,29185,9899,29165,19650,29160,9999
2020-06-10 10:42:15.890000,29204.33,29180,29988,29185,9899,29165,9651,29160,9999
2020-06-10 10:42:16.030000,29204.33,29180,19989,29185,9899,29165,19650,29160,9999
2020-06-10 10:42:16.250000,29204.33,29180,37,29185,29851,29170,9151,29165,10499
2020-06-10 10:42:19.490000,29204.33,29180,29988,29185,9899,29165,9651,29160,9999
2020-06-10 10:42:20.600000,29204.33,29180,19989,29185,9899,29165,19650,29160,9999
2020-06-10 10:42:21.080000,29204.33,29180,29988,29185,9899,29165,9651,29160,9999
2020-06-10 10:42:23.560000,29204.33,29180,19989,29185,9899,29165,19650,29160,9999
2020-06-10 10:42:24.360000,29204.33,29175,19952,29180,10036,29165,500,29160,19150
2020-06-10 10:42:24.590000,29200.69,29175,29888,29180,9999,29160,9151,29155,9999
2020-06-10 10:42:25.280000,29200.69,29170,19952,29175,9936,29155,19150,29150,9999
2020-06-10 10:42:25.720000,29200.69,29170,19989,29175,9899,29155,19150,29150,9999
2020-06-10 10:42:26.470000,29200.69,29170,29988,29175,9899,29155,9151,29150,9999
2020-06-10 10:42:26.690000,29200.69,29170,37,29175,29851,29160,9151,29155,9999
2020-06-10 10:42:34.290000,29226.33,29170,37,29180,29951,29165,9151,29160,9999
2020-06-10 10:42:34.730000,29226.33,29175,29851,29180,9999,29165,100,29160,9151
2020-06-10 10:42:35.420000,29226.33,29180,29951,29185,9899,29165,9251,29160,9999
2020-06-10 10:42:36.590000,29226.33,29175,9899,29180,29951,29165,9251,29155,9999
2020-06-10 10:42:37.640000,29226.33,29175,19952,29180,9999,29165,100,29160,19150
2020-06-10 10:42:37.820000,29226.33,29175,29851,29180,9999,29165,100,29160,9151
2020-06-10 10:42:38.560000,29226.33,29175,9899,29180,29951,29165,9251,29155,9999
2020-06-10 10:42:38.650000,29226.33,29180,29951,29185,9899,29165,9251,29160,9999
2020-06-10 10:42:44.930000,29205.28,29180,29951,29185,9899,29165,9251,29160,9999
2020-06-10 10:42:47.060000,29205.28,29180,29951,29185,9899,29165,9251,29160,9999
2020-06-10 10:42:50.680000,29205.28,29185,29851,29190,9999,29170,9151,29165,10099
2020-06-10 10:42:54.330000,29205.28,29180,29951,29185,9899,29165,9251,29160,9999
2020-06-10 10:42:54.690000,29219.93,29180,9999,29185,29851,29170,9151,29165,100
2020-06-10 10:42:55.380000,29219.93,29180,29951,29185,9899,29165,9251,29160,9999
2020-06-10 10:42:57.470000,29219.93,29175,19952,29180,9999,29165,100,29160,19150
2020-06-10 10:42:57.790000,29219.93,29180,29951,29185,9899,29160,19150,29155,9999
2020-06-10 10:42:58.540000,29219.93,29180,29951,29185,9899,29165,9151,29160,9999
2020-06-10 10:42:58.790000,29219.93,29175,19952,29180,9999,29160,19150,29155,9999
2020-06-10 10:42:59.580000,29219.93,29180,29951,29185,9899,29165,9151,29160,9999
2020-06-10 10:43:01.610000,29219.93,29175,153,29180,29951,29165,9151,29160,9999
2020-06-10 10:43:04.100000,29219.93,29175,153,29180,29951,29165,9151,29155,9999
2020-06-10 10:43:04.540000,29216.43,29175,20105,29180,9999,29160,19150,29155,9999
2020-06-10 10:43:05.080000,29216.43,29175,153,29180,29951,29165,9151,29160,9999
2020-06-10 10:43:05.570000,29216.43,29175,153,29180,29951,29165,9151,29160,9999
2020-06-10 10:43:05.990000,29216.43,29175,153,29180,19952,29165,19150,29160,9999
2020-06-10 10:43:06.960000,29216.43,29175,153,29180,29951,29165,9151,29160,9999
2020-06-10 10:43:07.720000,29216.43,29175,153,29185,29851,29170,9151,29165,9999
2020-06-10 10:43:10.280000,29216.43,29185,29851,29190,9999,29170,9751,29165,9999
2020-06-10 10:43:11.940000,29216.43,29185,9899,29190,29951,29175,9151,29170,600
2020-06-10 10:43:12.100000,29216.43,29190,29951,29195,9899,29175,9151,29170,10599
2020-06-10 10:43:12.850000,29216.43,29185,29851,29190,9999,29170,9751,29165,9999
2020-06-10 10:43:14.060000,29216.43,29185,9899,29190,29951,29175,9151,29170,600
2020-06-10 10:43:14.280000,29216.43,29185,29851,29190,9999,29170,9751,29165,9999
2020-06-10 10:43:17.810000,29230.1,29185,9899,29190,29951,29175,9151,29170,600
2020-06-10 10:43:18.030000,29230.1,29185,9899,29190,29951,29175,9151,29170,600
2020-06-10 10:43:18.910000,29230.1,29185,19952,29190,9999,29170,19750,29165,9999
2020-06-10 10:43:19.080000,29230.1,29185,29851,29190,9999,29170,9751,29165,9999
2020-06-10 10:43:20.950000,29230.1,29180,29951,29185,9899,29165,9151,29160,9999
2020-06-10 10:43:21.300000,29230.1,29185,29851,29190,9999,29170,9151,29165,9999
2020-06-10 10:43:22.420000,29230.1,29180,19952,29185,9899,29165,19150,29160,9999
2020-06-10 10:43:23.120000,29230.1,29180,29951,29185,9899,29165,9151,29160,9999
2020-06-10 10:43:23.480000,29230.1,29175,29851,29180,9999,29160,9151,29155,9999
2020-06-10 10:43:25.730000,29207.45,29175,29851,29180,9999,29160,9151,29155,9999
2020-06-10 10:43:26.090000,29207.45,29180,29951,29185,9899,29165,9151,29160,9999
2020-06-10 10:43:26.590000,29207.45,29175,29851,29180,9999,29160,9151,29155,9999
2020-06-10 10:43:27.260000,29207.45,29180,29951,29185,9899,29160,19150,29155,9999
2020-06-10 10:43:27.420000,29207.45,29180,29951,29185,9899,29165,9151,29160,9999
2020-06-10 10:43:31.680000,29207.45,29175,19952,29180,9999,29160,19150,29155,9999
2020-06-10 10:43:32.570000,29207.45,29180,29951,29185,9899,29160,19150,29155,9999
2020-06-10 10:43:33.620000,29207.45,29180,29951,29185,9899,29165,9151,29160,9999
2020-06-10 10:43:33.890000,29207.45,29180,29951,29185,9899,29160,19150,29155,9999
2020-06-10 10:43:35.750000,29200.88,29180,29951,29185,9899,29165,9151,29160,9999
2020-06-10 10:43:39.010000,29200.88,29175,19952,29180,9999,29160,19150,29155,9999
2020-06-10 10:43:39.460000,29200.88,29180,29950,29185,9899,29165,9151,29160,9999
2020-06-10 10:43:40.980000,29200.88,29175,19951,29180,9999,29160,19150,29155,9999
2020-06-10 10:43:41.070000,29200.88,29175,19951,29180,9999,29160,19150,29155,9999
2020-06-10 10:43:42.100000,29200.88,29175,9899,29180,29950,29165,9151,29155,9999
2020-06-10 10:43:42.350000,29200.88,29180,29950,29185,9899,29165,9151,29160,9999
2020-06-10 10:43:45.150000,29204.87,29180,29950,29185,9899,29160,19150,29155,9999
2020-06-10 10:43:46.760000,29204.87,29175,9899,29180,29950,29165,9151,29155,9999
2020-06-10 10:43:46.870000,29204.87,29175,9899,29180,29950,29165,9151,29155,9999
2020-06-10 10:43:47.870000,29204.87,29180,29950,29185,9899,29165,9151,29160,9999
2020-06-10 10:43:51.460000,29204.87,29180,19951,29185,9899,29165,19150,29160,9999
2020-06-10 10:43:51.620000,29204.87,29185,29850,29190,9999,29170,9151,29165,9999
2020-06-10 10:43:52.680000,29204.87,29185,29850,29190,9999,29170,9151,29165,9999
2020-06-10 10:43:55.990000,29215.69,29180,29950,29185,9899,29165,9151,29160,9999
2020-06-10 10:44:00.750000,29215.69,29180,29950,29185,9899,29165,9151,29160,9999
2020-06-10 10:44:01.990000,29215.69,29180,29950,29185,9899,29165,9151,29160,9999
2020-06-10 10:44:04.080000,29215.69,29185,29850,29190,9999,29170,9151,29165,9999
2020-06-10 10:44:05.580000,29199.96,29185,29850,29190,9999,29170,9151,29165,9999
2020-06-10 10:44:05.920000,29199.96,29185,29850,29190,9999,29165,19150,29160,9999
2020-06-10 10:44:06.950000,29199.96,29185,29850,29190,9999,29170,9151,29165,9999
2020-06-10 10:44:07.800000,29199.96,29185,29850,29190,9999,29170,9151,29165,9999
2020-06-10 10:44:08.160000,29199.96,29185,9899,29190,29950,29175,9151,29165,9999
2020-06-10 10:44:09.280000,29199.96,29185,9899,29190,29950,29175,9151,29170,9999
2020-06-10 10:44:09.890000,29199.96,29190,29950,29195,9899,29175,9151,29170,9999
2020-06-10 10:44:10.520000,29199.96,29190,19951,29195,9899,29175,19150,29170,9999
2020-06-10 10:44:10.780000,29199.96,29190,9999,29195,29850,29180,9151,29170,9999
2020-06-10 10:44:11.480000,29199.96,29190,29950,29195,9899,29175,9151,29170,9999
2020-06-10 10:44:12.560000,29199.96,29190,9999,29195,29850,29180,9151,29170,9999
2020-06-10 10:44:14.480000,29222.25,29195,29850,29200,10049,29180,9151,29175,9999
2020-06-10 10:44:15.230000,29222.25,29190,9999,29195,29850,29180,9151,29170,9999
2020-06-10 10:44:15.590000,29222.25,29190,19951,29195,9899,29175,19150,29170,9999
2020-06-10 10:44:16.260000,29222.25,29190,29950,29195,9899,29175,9151,29170,9999
2020-06-10 10:44:16.500000,29222.25,29190,9999,29195,29850,29180,9151,29170,9999
2020-06-10 10:44:17.090000,29222.25,29190,9999,29195,29850,29180,9151,29170,9999
2020-06-10 10:44:17.860000,29222.25,29190,9999,29195,29850,29180,9151,29170,9999
2020-06-10 10:44:18.090000,29222.25,29195,29850,29200,10049,29180,9151,29175,9999
2020-06-10 10:44:19.390000,29222.25,29190,9999,29195,29850,29180,9151,29170,9999
2020-06-10 10:44:20.510000,29222.25,29195,29850,29200,10049,29180,9151,29175,9999
2020-06-10 10:44:21.540000,29222.25,29195,9899,29200,30000,29185,9151,29175,9999
2020-06-10 10:44:21.760000,29222.25,29200,30000,29205,9900,29185,9151,29180,9999
2020-06-10 10:44:25.280000,29226.06,29200,20001,29205,9900,29185,19150,29180,9999
2020-06-10 10:44:26.290000,29226.06,29200,30000,29205,9900,29185,9151,29180,9999
2020-06-10 10:44:28.680000,29226.06,29195,29850,29200,10049,29180,9151,29175,9999
2020-06-10 10:44:30.520000,29226.06,29200,30000,29205,9900,29185,9151,29180,9999
2020-06-10 10:44:41.280000,29218.93,29200,30000,29205,9900,29185,9151,29180,9999
2020-06-10 10:44:43.220000,29218.93,29195,29850,29200,10049,29180,9151,29175,9999
2020-06-10 10:44:45.500000,29219.72,29190,112,29195,29850,29180,9151,29175,9999
2020-06-10 10:44:47.500000,29219.72,29190,30062,29195,9899,29175,9151,29170,9999
2020-06-10 10:44:47.830000,29219.72,29190,30062,29195,9899,29175,9151,29170,9999
2020-06-10 10:44:48.970000,29219.72,29190,30062,29195,9899,29175,9151,29170,9999
2020-06-10 10:44:49.090000,29219.72,29190,30062,29195,9899,29175,9151,29170,9999
2020-06-10 10:44:52.090000,29219.72,29190,30062,29195,9899,29175,9151,29170,9999
2020-06-10 10:44:53.140000,29219.72,29190,30012,29195,9899,29175,9151,29170,9999
2020-06-10 10:44:54.280000,29219.72,29190,10061,29195,29850,29180,9151,29170,9999
2020-06-10 10:44:54.460000,29218.46,29190,30012,29195,9899,29175,9151,29170,9999
2020-06-10 10:44:56.700000,29218.46,29190,30012,29195,9899,29175,9151,29170,9999
2020-06-10 10:44:57.850000,29218.46,29190,30012,29195,9899,29175,9151,29170,9999
2020-06-10 10:44:59.790000,29218.46,29190,30012,29195,9899,29175,9151,29170,9999
2020-06-10 10:45:03.100000,29218.46,29185,29850,29190,10061,29170,9151,29165,9999
2020-06-10 10:45:03.350000,29218.46,29185,29912,29190,9999,29170,9151,29165,9999
2020-06-10 10:45:04.150000,29218.46,29185,29912,29190,9999,29170,9151,29165,9999
2020-06-10 10:45:05.490000,29226.92,29185,62,29190,29950,29175,9151,29170,9999
2020-06-10 10:45:06.270000,29226.92,29185,62,29190,29950,29175,9151,29170,9999
2020-06-10 10:45:08.730000,29226.92,29185,29912,29190,9999,29170,9151,29165,9999
2020-06-10 10:45:09.940000,29226.92,29185,29912,29190,9999,29170,9151,29165,9999
2020-06-10 10:45:10.290000,29226.92,29180,19951,29185,9961,29165,19150,29160,9999
2020-06-10 10:45:11.040000,29226.92,29180,20013,29185,9899,29165,19150,29160,9999
2020-06-10 10:45:11.210000,29226.92,29180,62,29185,29850,29165,19150,29160,9999
2020-06-10 10:45:11.550000,29226.92,29180,62,29185,29850,29170,9151,29165,9999
2020-06-10 10:45:13.400000,29226.92,29180,62,29185,29850,29165,19150,29160,9999
2020-06-10 10:45:14.220000,29226.92,29180,62,29185,29850,29170,9151,29165,9999
2020-06-10 10:45:14.350000,29226.92,29180,62,29185,29850,29170,9151,29165,9999
2020-06-10 10:45:18.690000,29225.94,29180,30012,29185,9899,29165,9151,29160,9999
2020-06-10 10:45:19.930000,29225.94,29180,30012,29185,9899,29165,9151,29160,9999
2020-06-10 10:45:20.580000,29225.94,29175,9899,29180,30012,29165,9151,29155,9999
2020-06-10 10:45:21.050000,29225.94,29175,62,29180,29950,29165,9151,29160,9999
2020-06-10 10:45:22.280000,29225.94,29175,62,29180,29950,29165,9151,29160,9999
2020-06-10 10:45:23.250000,29225.94,29175,62,29180,29950,29165,9151,29160,9999
2020-06-10 10:45:24.280000,29201.82,29175,62,29180,9999,29170,9151,29160,9999
2020-06-10 10:45:24.450000,29201.82,29185,29850,29190,9999,29170,9451,29165,9999
2020-06-10 10:45:25.310000,29201.82,29180,9999,29185,29850,29170,9451,29160,9999
2020-06-10 10:45:25.490000,29201.82,29180,29950,29185,9899,29170,300,29165,9151
2020-06-10 10:45:25.670000,29201.82,29180,29950,29185,9899,29165,9151,29160,9999
2020-06-10 10:45:25.890000,29201.82,29175,29850,29180,9999,29160,9151,29155,9999
2020-06-10 10:45:26.950000,29201.82,29180,29950,29185,9899,29165,9151,29155,9999
2020-06-10 10:45:27.130000,29201.82,29180,29950,29185,9899,29165,9151,29160,9999
2020-06-10 10:45:29.280000,29201.82,29180,9999,29185,29850,29170,9151,29160,9999
2020-06-10 10:45:30.300000,29201.82,29180,29950,29185,9899,29165,9151,29160,9999
2020-06-10 10:45:32.080000,29201.82,29180,9999,29185,29850,29170,9151,29160,9999
2020-06-10 10:45:32.840000,29201.82,29180,29950,29185,9899,29165,9151,29160,9999
2020-06-10 10:45:34.750000,29223.98,29175,9899,29180,29950,29165,9151,29155,9999
2020-06-10 10:45:35.200000,29223.98,29175,19951,29180,9999,29160,19150,29155,9999
2020-06-10 10:45:35.900000,29223.98,29175,29850,29180,9999,29160,9151,29155,9999
2020-06-10 10:45:36.120000,29223.98,29175,19951,29180,9999,29160,19150,29155,9999
2020-06-10 10:45:36.950000,29223.98,29175,9899,29180,29950,29165,9151,29155,9999
2020-06-10 10:45:37.110000,29223.98,29175,29850,29180,9999,29160,9151,29155,9999
2020-06-10 10:45:39.670000,29223.98,29175,9899,29180,29950,29165,9151,29155,9999
2020-06-10 10:45:39.890000,29223.98,29180,29950,29185,9899,29165,9151,29160,9999
2020-06-10 10:45:42.260000,29223.98,29180,19951,29185,9899,29165,19150,29160,9999
2020-06-10 10:45:43.230000,29223.98,29180,29950,29185,9899,29165,9151,29160,9999
2020-06-10 10:45:44.820000,29223.98,29185,29850,29190,9999,29170,9151,29160,9999
2020-06-10 10:45:45.010000,29223.98,29180,9999,29185,29850,29170,9151,29160,9999
2020-06-10 10:45:45.260000,29221.76,29185,29850,29190,9999,29170,9151,29165,9999
2020-06-10 10:45:46.850000,29221.76,29190,29950,29195,9899,29175,9151,29170,9999
2020-06-10 10:45:47.650000,29221.76,29185,29850,29190,9999,29170,9151,29165,9999
2020-06-10 10:45:48.510000,29221.76,29185,9899,29190,29950,29175,9151,29165,9999
2020-06-10 10:45:48.710000,29221.76,29185,29850,29190,9999,29170,9151,29165,9999
2020-06-10 10:45:49.600000,29221.76,29185,9899,29190,29950,29175,9151,29165,9999
2020-06-10 10:45:49.910000,29221.76,29190,29950,29195,9899,29175,9151,29170,9999
2020-06-10 10:45:53.210000,29221.76,29185,29850,29190,9999,29170,9151,29165,9999
2020-06-10 10:45:54.260000,29223.98,29190,29950,29195,9899,29170,19150,29165,9999
2020-06-10 10:45:54.350000,29223.98,29190,29950,29195,9899,29175,9151,29170,9999
2020-06-10 10:45:55.440000,29223.98,29185,29850,29190,9999,29170,9151,29165,9999
2020-06-10 10:45:55.680000,29223.98,29190,29950,29195,9899,29175,9151,29170,9999
2020-06-10 10:45:59.220000,29223.98,29195,29850,29200,10049,29180,9151,29175,9999
2020-06-10 10:45:59.990000,29223.98,29195,9899,29200,30000,29180,9151,29175,9999
2020-06-10 10:46:00.490000,29223.98,29195,9899,29200,30000,29185,9151,29175,9999
2020-06-10 10:46:01.570000,29223.98,29200,50,29205,29851,29190,9151,29185,9999
2020-06-10 10:46:01.800000,29223.98,29200,30000,29205,9900,29185,9151,29180,9999
2020-06-10 10:46:02.990000,29223.98,29200,30000,29205,9900,29180,19150,29175,9999
2020-06-10 10:46:04.160000,29223.98,29195,29850,29200,10049,29180,9151,29175,9999
2020-06-10 10:46:04.320000,29202.93,29195,29850,29200,10049,29180,9151,29175,9999
2020-06-10 10:46:05.720000,29202.93,29200,30000,29205,9900,29185,9151,29180,9999
2020-06-10 10:46:06.190000,29202.93,29195,29850,29200,10049,29180,9151,29175,9999
2020-06-10 10:46:06.710000,29202.93,29195,29850,29200,10049,29180,9151,29175,9999
2020-06-10 10:46:07.970000,29202.93,29200,30000,29205,9900,29185,9151,29180,9999
2020-06-10 10:46:08.190000,29202.93,29200,30000,29205,9900,29180,19150,29175,9999
2020-06-10 10:46:08.890000,29202.93,29200,30000,29205,9900,29185,9151,29180,9999
2020-06-10 10:46:10.130000,29202.93,29200,30000,29205,9900,29185,9151,29180,9999
2020-06-10 10:46:11.890000,29202.93,29195,29850,29200,10049,29180,9151,29175,9999
2020-06-10 10:46:12.420000,29202.93,29200,30000,29205,9900,29180,19150,29175,9999
2020-06-10 10:46:13.140000,29202.93,29195,29850,29200,10049,29180,9151,29175,9999
2020-06-10 10:46:13.300000,29202.93,29195,29850,29200,10049,29180,9151,29175,9999
2020-06-10 10:46:13.530000,29202.93,29195,19951,29200,10049,29180,9151,29175,9999
2020-06-10 10:46:14.190000,29202.93,29195,29850,29200,10049,29180,9151,29175,9999
2020-06-10 10:46:14.550000,29202.93,29195,19951,29200,10049,29180,19150,29175,9999
2020-06-10 10:46:15.280000,29222.37,29195,29850,29200,10049,29180,9151,29175,9999
2020-06-10 10:46:18.890000,29222.37,29200,30000,29205,9900,29185,9151,29180,9999
2020-06-10 10:46:29.000000,29206.6,29200,10049,29205,29851,29190,9151,29180,9999
2020-06-10 10:46:29.450000,29206.6,29200,50,29205,29851,29190,9151,29185,9999
2020-06-10 10:46:30.560000,29206.6,29195,128,29200,10049,29190,9151,29180,9999
2020-06-10 10:46:31.600000,29206.6,29195,128,29200,10049,29190,9151,29180,9999
2020-06-10 10:46:32.090000,29206.6,29195,128,29200,30000,29185,9151,29180,9999
2020-06-10 10:46:33.480000,29206.6,29195,128,29200,50,29190,9151,29185,9999
2020-06-10 10:46:34.790000,29203.71,29200,50,29205,9900,29195,9151,29190,400
2020-06-10 10:46:35.180000,29203.71,29200,50,29205,9900,29195,9151,29190,400
2020-06-10 10:46:36.880000,29203.71,29200,50,29205,9900,29195,9151,29190,400
2020-06-10 10:46:37.850000,29203.71,29200,50,29205,9900,29195,9151,29190,400
2020-06-10 10:46:38.290000,29203.71,29200,50,29205,9900,29195,9151,29190,400
2020-06-10 10:46:38.790000,29203.71,29200,50,29205,1,29195,9151,29190,10399
2020-06-10 10:46:39.200000,29203.71,29205,9900,29210,29950,29195,9151,29190,400
2020-06-10 10:46:40.180000,29203.71,29205,29851,29210,9999,29190,9551,29185,9999
2020-06-10 10:46:40.350000,29203.71,29205,29851,29210,9999,29190,9751,29185,9999
2020-06-10 10:46:50.720000,29225.54,29205,9900,29210,29950,29195,9151,29190,600
2020-06-10 10:46:51.640000,29225.54,29205,9900,29210,29950,29195,9151,29190,600
2020-06-10 10:46:51.820000,29225.54,29205,1,29210,29950,29195,9151,29190,10599
2020-06-10 10:47:02.580000,29221.4,29205,1,29215,29850,29200,9151,29195,9999
2020-06-10 10:47:03.280000,29221.4,29215,29850,29220,9999,29200,9151,29195,9999
2020-06-10 10:47:06.000000,29218.58,29210,29950,29215,9899,29195,9151,29190,10599
2020-06-10 10:47:07.670000,29218.58,29210,9999,29215,29850,29200,9151,29190,10599
2020-06-10 10:47:07.830000,29218.58,29215,29850,29220,9999,29200,9151,29195,9999
2020-06-10 10:47:08.150000,29218.58,29215,9899,29220,29950,29205,9151,29195,9999
2020-06-10 10:47:09.650000,29218.58,29220,29950,29225,9899,29205,9151,29200,9999
2020-06-10 10:47:12.830000,29218.58,29215,29850,29220,9999,29200,9151,29195,9999
2020-06-10 10:47:14.950000,29242.33,29215,29850,29220,9999,29200,9151,29195,9999
2020-06-10 10:47:19.290000,29242.33,29215,9899,29220,29950,29205,9151,29195,9999
2020-06-10 10:47:19.690000,29242.33,29215,29850,29220,9999,29200,9151,29195,9999
2020-06-10 10:47:19.990000,29242.33,29215,19951,29220,9999,29200,19150,29195,9999
2020-06-10 10:47:20.820000,29242.33,29215,29850,29220,9999,29200,9151,29195,9999
2020-06-10 10:47:22.250000,29242.33,29215,19951,29220,9999,29200,19150,29195,9999
2020-06-10 10:47:22.970000,29242.33,29220,29950,29225,9899,29205,9151,29200,9999
2020-06-10 10:47:23.130000,29242.33,29220,29950,29225,9899,29205,9151,29200,9999
2020-06-10 10:47:24.600000,29248.55,29215,29850,29220,9999,29200,9151,29195,9999
2020-06-10 10:47:24.750000,29248.55,29215,29850,29220,9999,29200,9151,29195,9999
2020-06-10 10:47:24.960000,29248.55,29215,29850,29220,9999,29200,9151,29195,9999
2020-06-10 10:47:25.630000,29248.55,29215,19951,29220,9999,29200,19150,29195,9999
2020-06-10 10:47:26.610000,29248.55,29215,29850,29220,9999,29200,9151,29195,9999
2020-06-10 10:47:26.780000,29248.55,29215,29850,29220,9999,29200,9151,29195,9999
2020-06-10 10:47:27.080000,29248.55,29215,9899,29220,29950,29205,9151,29195,9999
2020-06-10 10:47:28.220000,29248.55,29215,9899,29220,29950,29205,9151,29195,9999
2020-06-10 10:47:29.330000,29248.55,29215,29850,29220,9999,29200,9151,29195,9999
2020-06-10 10:47:29.590000,29248.55,29215,9899,29220,29950,29205,9150,29195,9999
2020-06-10 10:47:30.330000,29248.55,29215,29850,29220,9999,29200,9150,29195,9999
2020-06-10 10:47:30.480000,29248.55,29215,9899,29220,29950,29205,9150,29195,9999
2020-06-10 10:47:31.380000,29248.55,29215,29850,29220,9999,29200,9150,29195,9999
2020-06-10 10:47:32.610000,29248.55,29210,9999,29215,29850,29200,9150,29190,10599
2020-06-10 10:47:32.860000,29248.55,29215,29850,29220,9999,29200,9150,29195,9999
2020-06-10 10:47:34.000000,29248.55,29215,29850,29220,9999,29200,9150,29195,9999
2020-06-10 10:47:36.480000,29246.99,29215,9899,29220,29950,29205,9150,29195,9999
2020-06-10 10:47:36.980000,29246.99,29220,29950,29225,9899,29205,9150,29200,9999
2020-06-10 10:47:37.900000,29246.99,29215,29850,29220,9999,29200,9150,29195,9999
2020-06-10 10:47:38.700000,29246.99,29215,29800,29220,9999,29200,9150,29195,9999
2020-06-10 10:47:38.860000,29246.99,29215,29800,29220,9999,29200,9150,29195,9999
2020-06-10 10:47:39.190000,29246.99,29215,29800,29220,9999,29200,9150,29195,9999
2020-06-10 10:47:53.480000,29233.84,29210,19951,29215,9849,29195,19149,29190,10599
2020-06-10 10:47:55.060000,29240.76,29210,29950,29215,9849,29195,9150,29190,10599
2020-06-10 10:47:59.820000,29240.76,29210,29950,29215,9849,29195,9150,29190,10599
2020-06-10 10:48:00.930000,29240.76,29215,29800,29220,9999,29200,9150,29195,9999
2020-06-10 10:48:09.260000,29224.57,29215,29800,29220,9999,29200,9150,29195,9999
2020-06-10 10:48:09.450000,29224.57,29215,29800,29220,9999,29195,19149,29190,10599
2020-06-10 10:48:10.290000,29224.57,29215,29800,29220,9999,29195,19149,29190,10599
2020-06-10 10:48:10.380000,29224.57,29215,29800,29220,9999,29200,9150,29195,9999
2020-06-10 10:48:14.900000,29251.11,29210,113,29215,29800,29200,9150,29195,9999
2020-06-10 10:48:17.760000,29251.11,29210,20064,29215,9849,29195,19149,29190,10599
2020-06-10 10:48:19.820000,29251.11,29210,113,29215,29800,29200,9150,29195,9999
2020-06-10 10:48:19.970000,29251.11,29210,20064,29215,9849,29195,19149,29190,10599
2020-06-10 10:48:20.860000,29251.11,29210,10112,29215,29800,29200,9150,29190,10599
2020-06-10 10:48:21.790000,29251.11,29210,20064,29215,9849,29195,19149,29190,10599
2020-06-10 10:48:22.180000,29251.11,29210,10112,29215,29800,29200,9150,29190,10599
2020-06-10 10:48:23.190000,29251.11,29210,10112,29215,29800,29200,9150,29190,10599
2020-06-10 10:48:23.970000,29251.11,29210,113,29215,29800,29200,9150,29195,9999
2020-06-10 10:48:24.070000,29251.11,29210,113,29215,29800,29200,9150,29195,9999
2020-06-10 10:48:24.380000,29230.79,29210,113,29215,29800,29200,9150,29195,9999
2020-06-10 10:48:26.690000,29230.79,29210,30063,29215,9849,29195,9150,29190,10599
2020-06-10 10:48:26.850000,29230.79,29210,113,29215,29800,29200,9150,29195,9999
2020-06-10 10:48:34.000000,29230.79,29210,113,29215,9849,29205,9150,29195,9999
2020-06-10 10:48:34.520000,29245.88,29210,113,29215,29800,29200,9150,29195,9999
2020-06-10 10:48:34.980000,29245.88,29210,113,29220,29950,29200,19149,29195,9999
2020-06-10 10:48:35.480000,29245.88,29210,113,29215,29800,29200,9150,29195,9999
2020-06-10 10:48:36.670000,29245.88,29210,113,29215,9849,29205,9150,29195,9999
2020-06-10 10:48:36.830000,29245.88,29210,113,29215,29800,29200,9150,29195,9999
2020-06-10 10:48:36.950000,29245.88,29210,113,29220,29950,29200,19149,29195,9999
2020-06-10 10:48:37.720000,29245.88,29210,113,29215,9849,29205,9150,29195,9999
2020-06-10 10:48:39.830000,29245.88,29210,113,29215,29800,29200,9150,29195,9999
2020-06-10 10:48:40.870000,29245.88,29210,113,29215,9849,29205,9150,29195,9999
2020-06-10 10:48:41.000000,29245.88,29210,113,29215,29800,29200,9150,29195,9999
2020-06-10 10:48:43.500000,29245.88,29210,113,29220,29950,29200,19149,29195,9999
2020-06-10 10:48:43.670000,29245.88,29210,113,29215,29800,29200,9150,29195,9999
2020-06-10 10:48:43.890000,29245.88,29210,113,29215,29800,29200,9150,29195,9999
2020-06-10 10:48:45.620000,29233.95,29210,113,29215,19951,29200,19149,29195,9999
2020-06-10 10:48:45.710000,29233.95,29210,113,29215,29800,29200,9150,29195,9999
2020-06-10 10:48:50.900000,29233.95,29210,30063,29215,9849,29195,9150,29190,10599
2020-06-10 10:48:52.930000,29233.95,29205,9849,29210,30063,29195,9150,29190,600
2020-06-10 10:48:53.130000,29233.95,29205,9962,29210,29950,29195,9150,29190,600
2020-06-10 10:48:53.380000,29233.95,29205,113,29210,29950,29195,9150,29190,10599
2020-06-10 10:48:57.700000,29249.79,29205,113,29210,29950,29195,9150,29190,10599
2020-06-10 10:49:00.680000,29249.79,29205,113,29210,9999,29200,9150,29190,10599
2020-06-10 10:49:01.120000,29249.79,29205,113,29210,19951,29195,19149,29190,10599
2020-06-10 10:49:01.900000,29249.79,29205,113,29210,29950,29195,9150,29190,10599
2020-06-10 10:49:02.960000,29249.79,29205,113,29215,29800,29195,19149,29190,10599
2020-06-10 10:49:03.080000,29249.79,29205,113,29210,29950,29195,9150,29190,10599
2020-06-10 10:49:04.820000,29250.76,29205,113,29215,29800,29195,19149,29190,10599
2020-06-10 10:49:05.610000,29250.76,29205,113,29210,19951,29195,19149,29190,10599
2020-06-10 10:49:06.740000,29250.76,29205,113,29210,9999,29200,9150,29190,10599
2020-06-10 10:49:07.790000,29250.76,29205,113,29215,29800,29200,9150,29195,9999
2020-06-10 10:49:08.790000,29250.76,29205,113,29210,19951,29195,19149,29190,10599
2020-06-10 10:49:08.940000,29250.76,29205,113,29210,29950,29195,9150,29190,10599
2020-06-10 10:49:09.820000,29250.76,29205,20064,29210,9999,29190,19749,29185,9999
2020-06-10 10:49:10.140000,29250.76,29205,113,29210,29950,29195,9150,29190,10599
2020-06-10 10:49:10.880000,29250.76,29205,20064,29210,9999,29190,19749,29185,9999
2020-06-10 10:49:11.190000,29250.76,29205,29913,29210,9999,29190,9750,29185,9999
2020-06-10 10:49:12.990000,29250.76,29205,113,29210,29950,29195,9150,29190,10599
2020-06-10 10:49:17.720000,29221.27,29205,29913,29210,9999,29190,9750,29185,9999
2020-06-10 10:49:17.850000,29221.27,29205,9962,29210,29950,29195,9150,29190,600
2020-06-10 10:49:18.350000,29221.27,29205,29913,29210,9999,29190,9750,29185,9999
2020-06-10 10:49:23.090000,29221.27,29205,9962,29210,29950,29195,9150,29190,600
2020-06-10 10:49:23.980000,29221.27,29205,29913,29210,9999,29190,9750,29185,9999
2020-06-10 10:49:30.040000,29244.31,29205,9962,29210,29950,29195,9150,29190,600
2020-06-10 10:49:30.980000,29244.31,29205,113,29210,29950,29195,9150,29190,10599
2020-06-10 10:49:33.290000,29244.31,29205,113,29210,29950,29195,9150,29190,10599
2020-06-10 10:49:34.070000,29244.31,29205,29913,29210,9999,29190,9750,29185,9999
2020-06-10 10:49:34.390000,29248.12,29205,113,29210,29950,29190,19749,29185,9999
2020-06-10 10:49:36.170000,29248.12,29205,20064,29210,9999,29190,19749,29185,9999
2020-06-10 10:49:36.420000,29248.12,29205,29913,29210,9999,29190,9750,29185,9999
2020-06-10 10:49:37.480000,29248.12,29200,19951,29205,9962,29190,600,29185,19149
2020-06-10 10:49:38.290000,29248.12,29200,113,29205,29800,29190,9750,29185,9999
2020-06-10 10:49:48.850000,29220.26,29200,113,29205,29800,29190,9750,29185,9999
2020-06-10 10:49:50.900000,29220.26,29200,113,29205,9849,29195,9150,29190,600
2020-06-10 10:49:51.970000,29220.26,29210,19951,29215,9849,29195,19649,29190,10599
2020-06-10 10:49:52.440000,29220.26,29210,9999,29215,29800,29200,9150,29195,500
2020-06-10 10:49:53.550000,29220.26,29215,29800,29220,9999,29200,9150,29195,10499
2020-06-10 10:49:59.290000,29210.35,29210,20078,29215,9849,29195,19649,29190,10599
2020-06-10 10:49:59.550000,29210.35,29210,30077,29215,9849,29195,9650,29190,10599
2020-06-10 10:50:00.580000,29210.35,29210,10126,29215,29800,29200,9150,29195,500
2020-06-10 10:50:01.530000,29210.35,29210,10126,29215,29800,29200,9150,29195,500
2020-06-10 10:50:01.990000,29210.35,29210,30077,29215,9849,29195,9650,29190,10599
2020-06-10 10:50:02.460000,29210.35,29210,30077,29215,9849,29195,9650,29190,10599
2020-06-10 10:50:02.890000,29210.35,29210,127,29215,29800,29195,19649,29190,10599
2020-06-10 10:50:03.640000,29210.35,29210,10126,29215,29800,29200,9150,29195,500
2020-06-10 10:50:04.710000,29239.1,29210,127,29215,29800,29200,9150,29195,10499
2020-06-10 10:50:17.990000,29238.39,29210,30077,29215,9849,29195,9650,29190,10599
2020-06-10 10:50:21.980000,29238.39,29210,127,29215,29800,29200,9150,29195,10499
2020-06-10 10:50:22.790000,29238.39,29210,30077,29215,9849,29195,9650,29190,10599
2020-06-10 10:50:22.980000,29238.39,29210,20078,29215,9849,29195,19649,29190,10599
2020-06-10 10:50:24.930000,29238.06,29210,127,29215,29800,29200,9150,29195,10499
2020-06-10 10:50:25.050000,29238.06,29210,127,29215,29800,29200,9150,29195,10499
2020-06-10 10:50:25.350000,29238.06,29210,77,29215,29800,29200,9150,29195,10499
2020-06-10 10:50:26.880000,29238.06,29210,77,29215,29800,29195,19649,29190,10599
2020-06-10 10:50:27.410000,29238.06,29210,10076,29215,29800,29200,9150,29195,500
2020-06-10 10:50:30.150000,29238.06,29210,30027,29215,9849,29195,9650,29190,10599
2020-06-10 10:50:30.580000,29238.06,29210,77,29215,29800,29195,19649,29190,10599
2020-06-10 10:50:31.000000,29238.06,29210,30027,29215,9849,29195,9650,29190,10599
2020-06-10 10:50:42.080000,29243.82,29205,29800,29210,10076,29190,9750,29185,9999
2020-06-10 10:50:42.270000,29243.82,29205,29877,29210,9999,29190,9750,29185,9999
2020-06-10 10:50:48.850000,29226.92,29205,77,29210,29950,29195,9150,29190,10599
2020-06-10 10:50:54.380000,29238.3,29205,77,29215,29800,29200,9150,29195,9999
2020-06-10 10:50:55.160000,29238.3,29210,29950,29215,9849,29200,300,29195,9150
2020-06-10 10:50:59.390000,29238.3,29215,29800,29220,9999,29200,9450,29195,9999
2020-06-10 10:50:59.510000,29238.3,29210,9999,29215,29800,29200,9450,29190,10599
2020-06-10 10:51:00.860000,29238.3,29215,29800,29220,9999,29200,9450,29195,9999
2020-06-10 10:51:01.250000,29238.3,29215,29800,29220,9999,29200,9450,29195,9999
2020-06-10 10:51:02.000000,29238.3,29215,29800,29220,9999,29200,9450,29195,9999
2020-06-10 10:51:02.190000,29238.3,29220,29950,29225,9849,29200,19449,29195,9999
2020-06-10 10:51:03.040000,29238.3,29215,29800,29220,9999,29200,9450,29195,9999
2020-06-10 10:51:03.200000,29238.3,29215,9849,29220,29950,29205,9150,29200,300
2020-06-10 10:51:04.450000,29222.4,29215,9849,29220,29950,29205,9150,29200,300
2020-06-10 10:51:04.980000,29222.4,29215,19951,29220,9999,29200,19449,29195,9999
2020-06-10 10:51:05.670000,29222.4,29215,19951,29220,9999,29200,19449,29195,9999
2020-06-10 10:51:05.980000,29222.4,29215,9849,29220,29950,29205,9150,29200,300
2020-06-10 10:51:06.710000,29222.4,29215,29800,29220,9999,29200,9450,29195,9999
2020-06-10 10:51:14.810000,29235.14,29215,29800,29220,9999,29200,9450,29195,9999
2020-06-10 10:51:15.600000,29235.14,29220,29950,29225,9849,29200,19449,29195,9999
2020-06-10 10:51:16.210000,29235.14,29215,9849,29220,29950,29205,9150,29200,300
2020-06-10 10:51:18.270000,29235.14,29215,9849,29220,29950,29205,9150,29200,300
2020-06-10 10:51:18.450000,29235.14,29220,29950,29225,9849,29200,19449,29195,9999
2020-06-10 10:51:19.590000,29235.14,29215,9849,29220,29950,29205,9150,29200,300
2020-06-10 10:51:20.400000,29235.14,29220,29950,29225,9849,29205,9150,29200,10299
2020-06-10 10:51:20.600000,29235.14,29220,9999,29225,29800,29210,9150,29200,10299
2020-06-10 10:51:21.460000,29235.14,29220,29950,29225,9849,29205,9150,29200,10299
2020-06-10 10:51:29.380000,29240.47,29225,29800,29230,9999,29210,9150,29205,9999
2020-06-10 10:51:42.550000,29229.22,29230,29950,29235,9849,29215,9150,29210,9999
2020-06-10 10:51:43.780000,29229.22,29225,86,29230,29950,29215,9150,29210,9999
2020-06-10 10:51:45.690000,29258.27,29225,29886,29230,9999,29210,9150,29205,9999
2020-06-10 10:51:46.080000,29258.27,29225,9935,29230,29950,29215,9150,29205,9999
2020-06-10 10:51:46.800000,29258.27,29225,86,29230,29950,29215,9150,29210,9999
2020-06-10 10:51:48.190000,29258.27,29225,86,29235,29800,29220,9150,29215,9999
2020-06-10 10:51:48.900000,29258.27,29235,29800,29240,9999,29220,9450,29215,9999
2020-06-10 10:51:49.200000,29258.27,29235,29800,29240,9999,29220,9450,29215,9999
2020-06-10 10:51:54.140000,29258.27,29240,29950,29245,9849,29225,9150,29220,10299
2020-06-10 10:51:54.450000,29242.0,29240,29950,29245,9849,29225,9150,29220,10299
2020-06-10 10:51:57.810000,29242.0,29240,19951,29245,9849,29225,19149,29220,10299
2020-06-10 10:51:57.960000,29242.0,29240,29950,29245,9849,29225,9150,29220,10299
2020-06-10 10:51:58.850000,29242.0,29240,29950,29245,9849,29225,9150,29220,10299
2020-06-10 10:51:59.120000,29242.0,29240,19951,29245,9849,29225,19149,29220,10299
2020-06-10 10:51:59.900000,29242.0,29240,29950,29245,9849,29225,9150,29220,10299
2020-06-10 10:52:01.040000,29242.0,29240,9999,29245,29800,29230,9150,29220,10299
2020-06-10 10:52:01.990000,29242.0,29245,29800,29250,10000,29230,9150,29225,9999
2020-06-10 10:52:02.150000,29242.0,29240,9999,29245,29800,29230,9150,29220,10299
2020-06-10 10:52:03.040000,29242.0,29245,29800,29250,10000,29230,9150,29225,9999
2020-06-10 10:52:05.790000,29249.8,29245,9849,29250,29951,29235,9150,29225,9999
2020-06-10 10:52:06.210000,29249.8,29245,9849,29250,29951,29235,9150,29225,9999
2020-06-10 10:52:07.230000,29249.8,29250,29951,29255,9850,29235,9150,29230,9999
2020-06-10 10:52:08.240000,29249.8,29250,10000,29255,29801,29235,9150,29230,9999
2020-06-10 10:52:08.590000,29249.8,29250,19952,29255,1,29235,9150,29230,9999
2020-06-10 10:52:09.820000,29249.8,29250,1,29255,19952,29240,9150,29230,9999
2020-06-10 10:52:09.980000,29249.8,29250,19952,29255,1,29235,9150,29220,19634
2020-06-10 10:52:10.430000,29249.8,29250,1,29255,19952,29240,9150,29225,20000
2020-06-10 10:52:12.600000,29249.8,29250,1,29255,19952,29240,9150,29225,20000
2020-06-10 10:52:13.520000,29249.8,29250,19952,29255,1,29235,9150,29220,19634
2020-06-10 10:52:14.580000,29249.8,29250,1,29255,19952,29240,9150,29225,20000
2020-06-10 10:52:14.910000,29243.05,29250,19952,29255,1,29235,9150,29220,19634
2020-06-10 10:52:16.300000,29243.05,29250,1,29255,1,29240,9150,29225,20000
2020-06-10 10:52:17.210000,29243.05,29250,1,29255,1,29240,9150,29230,20000
2020-06-10 10:52:17.360000,29243.05,29250,1,29255,1,29245,9150,29230,20000
2020-06-10 10:52:18.240000,29243.05,29250,1,29255,1,29245,9150,29230,20000
2020-06-10 10:52:18.390000,29243.05,29250,1,29255,1,29245,9150,29230,20000
2020-06-10 10:52:18.540000,29243.05,29250,1,29255,19952,29240,9150,29225,20000
2020-06-10 10:52:19.960000,29243.05,29255,19952,29265,20000,29240,9150,29225,20000
2020-06-10 10:52:20.380000,29243.05,29255,19952,29265,20000,29240,9150,29225,20000
2020-06-10 10:52:20.850000,29243.05,29250,19951,29255,1,29235,9150,29220,19334
2020-06-10 10:52:21.190000,29243.05,29250,19951,29255,1,29235,9150,29220,19334
2020-06-10 10:52:22.850000,29243.05,29255,19952,29265,20000,29240,9150,29225,20000
2020-06-10 10:52:24.490000,29294.5,29250,19951,29255,1,29235,9150,29220,19334
2020-06-10 10:52:26.170000,29294.5,29245,19951,29255,20001,29230,9150,29215,20000
2020-06-10 10:52:27.240000,29294.5,29250,19951,29255,1,29235,9150,29220,19334
2020-06-10 10:52:28.420000,29294.5,29250,19951,29255,1,29235,9150,29220,19334
2020-06-10 10:52:29.410000,29294.5,29245,19951,29255,20001,29230,9150,29215,20000
2020-06-10 10:52:29.580000,29294.5,29250,19951,29255,1,29235,9150,29220,19334
2020-06-10 10:52:30.190000,29294.5,29245,19951,29255,20001,29230,9150,29215,20000
2020-06-10 10:52:30.920000,29294.5,29250,19951,29255,1,29235,9150,29220,19334
2020-06-10 10:52:31.050000,29294.5,29245,19951,29255,20001,29230,9150,29215,20000
2020-06-10 10:52:35.830000,29281.17,29250,19951,29255,1,29235,9150,29220,19334
2020-06-10 10:52:37.090000,29281.17,29250,19951,29255,1,29235,9150,29220,19334
2020-06-10 10:52:37.580000,29281.17,29255,19952,29265,20000,29240,9150,29225,20000
2020-06-10 10:52:38.390000,29281.17,29250,19951,29255,1,29235,9150,29220,19334
2020-06-10 10:52:45.280000,29280.63,29255,19952,29265,20000,29240,9150,29225,20000
2020-06-10 10:52:48.810000,29280.63,29255,19952,29265,20000,29240,9150,29225,20000
2020-06-10 10:52:52.060000,29280.63,29255,1,29260,19951,29245,9150,29230,20000
2020-06-10 10:52:52.960000,29280.63,29255,19952,29265,20000,29240,9150,29225,20000
2020-06-10 10:52:53.380000,29280.63,29255,19952,29265,20000,29240,9150,29225,20000
2020-06-10 10:52:53.770000,29280.63,29255,19952,29265,20000,29240,9150,29225,20000
2020-06-10 10:52:56.620000,29302.24,29250,19951,29255,1,29235,9150,29220,19334
2020-06-10 10:52:56.990000,29302.24,29250,19951,29255,1,29235,9150,29220,19334
2020-06-10 10:52:57.440000,29302.24,29255,19952,29265,20000,29240,9150,29225,20000
2020-06-10 10:52:58.190000,29302.24,29250,19951,29255,1,29235,9150,29220,19334
2020-06-10 10:53:01.550000,29302.24,29255,19952,29265,20000,29240,9150,29225,20000
2020-06-10 10:53:02.410000,29302.24,29255,19952,29265,20000,29240,9150,29225,20000
2020-06-10 10:53:05.050000,29300.1,29255,19952,29265,20000,29240,9150,29225,20000
2020-06-10 10:53:07.300000,29300.1,29250,19951,29255,1,29235,9150,29220,19334
2020-06-10 10:53:09.360000,29300.1,29255,19952,29265,20000,29240,9150,29225,20000
2020-06-10 10:53:11.390000,29300.1,29255,19902,29265,20000,29240,9150,29225,20000
2020-06-10 10:53:17.880000,29301.28,29260,19902,29270,20000,29245,9150,29230,20000
2020-06-10 10:53:20.090000,29301.28,29255,19902,29265,20000,29240,9150,29225,20000
2020-06-10 10:53:20.890000,29301.28,29260,19902,29270,20000,29245,9150,29230,20000
2020-06-10 10:53:21.190000,29301.28,29260,19902,29270,20000,29245,9150,29230,20000
2020-06-10 10:53:26.980000,29302.24,29265,19902,29275,20000,29250,9150,29235,20000
2020-06-10 10:53:27.980000,29302.24,29265,19902,29275,20000,29250,9150,29235,20000
2020-06-10 10:53:28.790000,29302.24,29265,19902,29275,20000,29250,9150,29235,20000
2020-06-10 10:53:28.970000,29302.24,29260,154,29265,19902,29250,9150,29235,20000
2020-06-10 10:53:30.420000,29302.24,29260,20056,29270,20000,29245,9150,29230,20000
2020-06-10 10:53:30.890000,29302.24,29260,20056,29270,20000,29245,9150,29230,20000
2020-06-10 10:53:31.420000,29302.24,29260,154,29265,19902,29250,9150,29235,20000
2020-06-10 10:53:32.470000,29302.24,29260,20056,29270,20000,29245,9150,29230,20000
2020-06-10 10:53:32.590000,29302.24,29260,154,29265,19902,29250,9150,29235,20000
2020-06-10 10:53:36.740000,29301.14,29260,154,29270,19902,29255,9150,29240,20000
2020-06-10 10:53:37.710000,29301.14,29260,154,29270,19902,29255,9150,29240,20000
2020-06-10 10:53:38.850000,29301.14,29260,154,29265,19902,29250,9150,29235,20000
2020-06-10 10:53:39.810000,29301.14,29260,154,29265,19902,29250,9150,29235,20000
2020-06-10 10:53:40.820000,29301.14,29260,154,29270,19902,29255,9150,29240,20000
2020-06-10 10:53:41.180000,29301.14,29275,19902,29285,20000,29255,9750,29240,20000
2020-06-10 10:53:41.620000,29301.14,29270,19902,29280,20000,29255,9750,29240,20000
2020-06-10 10:53:42.450000,29301.14,29270,19902,29280,20000,29255,9150,29240,20000
2020-06-10 10:53:44.900000,29309.29,29270,19902,29280,20000,29255,9150,29240,20000
2020-06-10 10:53:45.490000,29309.29,29270,19902,29280,20000,29255,9150,29240,20000
2020-06-10 10:53:46.600000,29309.29,29275,19902,29285,20000,29260,9150,29245,19334
2020-06-10 10:53:47.650000,29309.29,29270,19902,29280,20000,29255,9150,29240,20000
2020-06-10 10:53:50.260000,29309.29,29270,19902,29280,20000,29255,9150,29240,20000
2020-06-10 10:53:50.490000,29309.29,29275,19902,29285,20000,29260,9150,29245,19334
2020-06-10 10:53:51.650000,29309.29,29270,19902,29280,20000,29255,9150,29240,20000
2020-06-10 10:53:53.570000,29309.29,29275,19902,29285,20000,29260,9150,29245,19334
2020-06-10 10:53:54.470000,29309.29,29275,19902,29285,20000,29260,9150,29245,19334
2020-06-10 10:53:54.710000,29307.59,29275,19902,29285,20000,29260,9150,29245,19334
2020-06-10 10:53:56.690000,29307.59,29270,19902,29280,20000,29255,9150,29240,20000
2020-06-10 10:53:56.860000,29307.59,29275,19902,29285,20000,29260,9150,29245,19334
2020-06-10 10:53:59.380000,29307.59,29270,19902,29280,20000,29255,9150,29240,20000
2020-06-10 10:54:00.820000,29307.59,29275,19902,29285,20000,29260,9150,29245,19334
2020-06-10 10:54:01.030000,29307.59,29275,19902,29285,20000,29260,9150,29245,19334
2020-06-10 10:54:01.330000,29307.59,29280,19902,29290,20000,29265,9150,29250,20000
2020-06-10 10:54:02.960000,29307.59,29285,19902,29295,20000,29270,9150,29255,20000
2020-06-10 10:54:03.190000,29307.59,29285,19902,29295,20000,29270,9150,29255,20000
2020-06-10 10:54:03.520000,29307.59,29280,19902,29290,20000,29265,9150,29245,19334
2020-06-10 10:54:04.530000,29307.59,29280,19902,29290,20000,29260,9150,29245,19334
2020-06-10 10:54:04.690000,29305.25,29280,19902,29290,20000,29265,9150,29250,20000
2020-06-10 10:54:05.750000,29305.25,29285,19902,29295,20000,29270,9150,29255,20000
2020-06-10 10:54:07.690000,29305.25,29285,19902,29295,20000,29270,9150,29255,20000
2020-06-10 10:54:08.170000,29305.25,29285,19902,29295,20000,29270,9150,29255,20000
2020-06-10 10:54:08.640000,29305.25,29285,19902,29295,20000,29270,9150,29255,20000
2020-06-10 10:54:10.420000,29305.25,29285,19902,29295,20000,29270,9150,29255,20000
2020-06-10 10:54:10.860000,29305.25,29290,19902,29300,20001,29275,9150,29260,20000
2020-06-10 10:54:13.550000,29305.25,29285,19902,29295,20000,29270,9150,29255,20000
2020-06-10 10:54:14.080000,29306.57,29285,19902,29295,20000,29270,9150,29255,20000
2020-06-10 10:54:18.400000,29306.57,29290,19902,29300,20001,29275,9150,29260,20000
2020-06-10 10:54:18.780000,29306.57,29285,19902,29295,20000,29270,9150,29255,20000
2020-06-10 10:54:22.430000,29306.57,29290,19902,29300,20001,29275,9150,29260,20000
2020-06-10 10:54:23.780000,29306.57,29285,19902,29295,20000,29270,9150,29255,20000
2020-06-10 10:54:24.560000,29306.57,29285,19902,29295,20000,29270,9150,29255,20000
2020-06-10 10:54:25.780000,29307.58,29290,19902,29300,20001,29275,9150,29260,20000
2020-06-10 10:54:31.910000,29307.58,29285,19902,29295,20000,29270,9150,29255,20000
2020-06-10 10:54:33.090000,29307.58,29290,19902,29300,20001,29275,9150,29260,20000
2020-06-10 10:54:33.490000,29307.58,29285,19902,29295,20000,29270,9150,29255,20000
2020-06-10 10:54:35.600000,29314.04,29280,19902,29290,20000,29265,9150,29250,20000
2020-06-10 10:54:40.180000,29314.04,29280,19902,29290,20000,29265,9150,29250,20000
2020-06-10 10:54:42.970000,29314.04,29280,19902,29290,20000,29265,9150,29250,20000
2020-06-10 10:54:46.640000,29313.24,29275,19902,29285,20000,29260,9150,29245,19334
2020-06-10 10:54:46.940000,29313.24,29275,19902,29285,20000,29260,9150,29245,19334
2020-06-10 10:54:47.880000,29313.24,29275,19902,29285,20000,29260,9150,29245,19334
2020-06-10 10:54:48.880000,29313.24,29275,19902,29285,20000,29260,9150,29245,19334
2020-06-10 10:54:49.890000,29313.24,29270,19902,29280,20000,29255,9150,29240,20000
2020-06-10 10:54:53.520000,29313.24,29265,19902,29275,20000,29250,9150,29235,20000
2020-06-10 10:54:53.720000,29313.24,29270,19902,29280,20000,29255,9150,29240,20000
2020-06-10 10:54:56.700000,29291.21,29275,19902,29285,20000,29260,9150,29245,19334
2020-06-10 10:54:57.830000,29291.21,29270,19902,29280,20000,29255,9150,29240,20000
2020-06-10 10:54:58.810000,29291.21,29270,19902,29280,20000,29255,9150,29240,20000
2020-06-10 10:55:00.940000,29291.21,29275,19902,29285,20000,29260,9150,29245,19334
2020-06-10 10:55:03.220000,29291.21,29275,19902,29280,20000,29255,9150,29240,20000
2020-06-10 10:55:03.480000,29291.21,29270,19902,29280,20000,29255,9150,29240,20000
2020-06-10 10:55:04.810000,29302.04,29275,19902,29285,20000,29260,9150,29245,19334
2020-06-10 10:55:05.670000,29302.04,29270,19902,29280,20000,29255,9150,29240,20000
2020-06-10 10:55:06.040000,29302.04,29275,19902,29285,20000,29255,9150,29240,20000
2020-06-10 10:55:06.680000,29302.04,29275,19902,29285,20000,29260,9150,29245,19334
2020-06-10 10:55:07.200000,29302.04,29275,19902,29285,20000,29260,9150,29245,19334
2020-06-10 10:55:08.260000,29302.04,29270,19902,29280,20000,29255,9150,29240,20000
2020-06-10 10:55:08.480000,29302.04,29275,19902,29285,20000,29255,9150,29240,20000
2020-06-10 10:55:08.760000,29302.04,29275,19902,29285,20000,29260,9150,29245,19334
2020-06-10 10:55:09.840000,29302.04,29270,19902,29280,20000,29255,9150,29240,20000
2020-06-10 10:55:10.030000,29302.04,29275,19902,29285,20000,29255,9150,29240,20000
2020-06-10 10:55:10.250000,29302.04,29270,19902,29280,20000,29255,9150,29240,20000
2020-06-10 10:55:13.120000,29302.04,29265,117,29270,19902,29255,9150,29240,20000
2020-06-10 10:55:13.980000,29302.04,29265,20019,29275,20000,29250,9150,29235,20000
2020-06-10 10:55:14.480000,29302.04,29265,117,29270,19902,29255,9150,29240,20000
2020-06-10 10:55:16.090000,29283.68,29265,20019,29275,20000,29250,9150,29235,20000
2020-06-10 10:55:17.070000,29283.68,29265,117,29270,19902,29255,9150,29240,20000
2020-06-10 10:55:17.760000,29283.68,29265,20019,29275,20000,29250,9150,29235,20000
2020-06-10 10:55:18.180000,29283.68,29265,117,29270,19902,29250,9150,29235,20000
2020-06-10 10:55:18.680000,29283.68,29265,117,29270,19902,29255,9150,29240,20000
2020-06-10 10:55:19.180000,29283.68,29265,117,29270,19902,29250,9150,29235,20000
2020-06-10 10:55:19.650000,29283.68,29265,20019,29275,20000,29250,9150,29235,20000
2020-06-10 10:55:20.880000,29283.68,29260,19902,29265,117,29245,9150,29230,20000
2020-06-10 10:55:21.480000,29283.68,29260,20019,29270,20000,29245,9150,29230,20000
2020-06-10 10:55:23.480000,29283.68,29260,117,29265,19902,29250,9150,29235,20000
2020-06-10 10:55:30.410000,29282.41,29260,20019,29270,20000,29245,9150,29230,20000
2020-06-10 10:55:30.880000,29282.41,29260,20019,29270,20000,29245,9150,29230,20000
2020-06-10 10:55:31.990000,29282.41,29260,20019,29270,20000,29245,9150,29230,20000
2020-06-10 10:55:34.380000,29302.14,29255,19902,29260,117,29240,9150,29225,20000
2020-06-10 10:55:35.130000,29302.14,29255,20019,29265,20000,29240,9150,29225,20000
2020-06-10 10:55:35.440000,29302.14,29255,117,29260,19902,29245,9150,29230,20000
2020-06-10 10:55:38.270000,29302.14,29255,20019,29265,20000,29240,9150,29225,20000
2020-06-10 10:55:38.420000,29302.14,29255,20019,29265,20000,29240,9150,29225,20000
2020-06-10 10:55:38.600000,29302.14,29255,20019,29265,20000,29240,9150,29225,20000
2020-06-10 10:55:39.390000,29302.14,29255,117,29260,19902,29245,9150,29230,20000
2020-06-10 10:55:43.060000,29302.14,29255,117,29265,19902,29250,9150,29235,20000
2020-06-10 10:55:43.250000,29302.14,29265,19902,29275,20000,29250,9550,29235,20000
2020-06-10 10:55:44.220000,29304.43,29265,19902,29275,20000,29250,9550,29235,20000
2020-06-10 10:55:55.360000,29296.56,29260,1,29265,19902,29250,9550,29235,20000
2020-06-10 10:55:57.340000,29296.56,29260,1,29270,19902,29255,9150,29250,400
2020-06-10 10:55:57.500000,29296.56,29270,19902,29280,20000,29260,49,29255,9150
2020-06-10 10:55:58.920000,29296.56,29270,19901,29280,20000,29260,49,29255,9150
2020-06-10 10:56:05.240000,29301.12,29275,19901,29280,20000,29260,49,29255,9150
2020-06-10 10:56:05.430000,29301.12,29275,19901,29285,20000,29260,9199,29250,400
2020-06-10 10:56:05.650000,29301.12,29275,19901,29285,20000,29260,9199,29250,400
2020-06-10 10:56:08.510000,29301.12,29275,19901,29285,20000,29260,49,29255,9150
2020-06-10 10:56:08.690000,29301.12,29270,19901,29280,20000,29260,49,29255,9150
2020-06-10 10:56:08.880000,29301.12,29275,19901,29285,20000,29260,9199,29250,400
2020-06-10 10:56:13.080000,29301.12,29280,19901,29285,20000,29260,9199,29250,400
2020-06-10 10:56:13.380000,29301.12,29275,19901,29285,20000,29260,9199,29250,400
2020-06-10 10:56:14.270000,29305.18,29275,19901,29285,20000,29260,9199,29250,400
2020-06-10 10:56:16.820000,29305.18,29275,19901,29285,20000,29260,9199,29250,400
2020-06-10 10:56:18.740000,29305.18,29280,19901,29290,20000,29265,9150,29260,49
2020-06-10 10:56:24.670000,29316.62,29280,19901,29290,20000,29265,9150,29260,49
2020-06-10 10:56:32.780000,29316.62,29285,19901,29295,20000,29270,9150,29260,49
2020-06-10 10:56:36.370000,29301.86,29290,19901,29300,20001,29275,9150,29260,20049
2020-06-10 10:56:36.750000,29301.86,29285,19901,29295,20000,29270,9150,29260,49
2020-06-10 10:56:37.860000,29301.86,29290,19901,29300,20001,29275,9150,29260,20049
2020-06-10 10:56:38.190000,29301.86,29290,19901,29300,20001,29275,9150,29260,20049
2020-06-10 10:56:40.040000,29301.86,29285,19901,29295,20000,29270,9150,29260,49
2020-06-10 10:56:40.180000,29301.86,29285,19901,29295,20000,29270,9150,29260,49
2020-06-10 10:56:41.180000,29301.86,29285,19901,29295,20000,29270,9150,29260,49
2020-06-10 10:56:45.420000,29300.67,29290,19901,29300,20001,29275,9150,29260,20049
2020-06-10 10:56:45.810000,29300.67,29285,19901,29295,20000,29270,9150,29260,49
2020-06-10 10:56:46.280000,29300.67,29290,19901,29300,20001,29275,9150,29260,20049
2020-06-10 10:56:52.590000,29300.67,29290,19901,29300,20001,29275,9150,29260,20049
2020-06-10 10:56:55.180000,29310.89,29295,19901,29300,1,29280,9150,29265,20000
2020-06-10 10:56:57.770000,29310.89,29290,123,29295,19901,29280,9150,29265,20000
2020-06-10 10:56:59.010000,29310.89,29290,123,29300,19902,29285,9150,29270,19334
2020-06-10 10:56:59.380000,29310.89,29290,123,29295,19901,29280,9150,29265,20000
2020-06-10 10:57:02.080000,29310.89,29290,623,29295,19901,29280,9150,29265,20000
2020-06-10 10:57:02.240000,29310.89,29290,623,29300,19902,29285,9150,29270,19334
2020-06-10 10:57:03.130000,29310.89,29290,623,29300,19902,29285,9150,29270,19334
2020-06-10 10:57:04.180000,29310.89,29290,623,29295,19901,29280,9150,29265,20000
2020-06-10 10:57:04.660000,29302.54,29290,20524,29300,20001,29275,9150,29260,20049
2020-06-10 10:57:06.270000,29302.54,29285,19901,29290,623,29270,9150,29260,49
2020-06-10 10:57:06.580000,29302.54,29285,20024,29290,500,29270,9150,29260,49
2020-06-10 10:57:07.330000,29302.54,29285,123,29290,20401,29275,9150,29260,20049
2020-06-10 10:57:08.680000,29302.54,29285,123,29290,20401,29270,9150,29260,49
2020-06-10 10:57:09.390000,29302.54,29285,20024,29290,500,29270,9150,29260,49
2020-06-10 10:57:09.600000,29302.54,29285,123,29290,20401,29275,9150,29260,20049
2020-06-10 10:57:10.470000,29302.54,29285,20024,29290,500,29270,9150,29260,49
2020-06-10 10:57:13.110000,29302.54,29285,20024,29290,500,29270,9150,29260,49
2020-06-10 10:57:13.520000,29302.54,29285,20024,29290,500,29270,9150,29260,49
2020-06-10 10:57:16.750000,29309.52,29280,19901,29285,123,29265,9150,29260,49
2020-06-10 10:57:16.940000,29309.52,29280,20024,29290,20500,29265,9150,29260,49
2020-06-10 10:57:17.990000,29309.52,29280,123,29285,19901,29270,9150,29260,49
2020-06-10 10:57:18.380000,29309.52,29280,20024,29290,20500,29265,9150,29260,49
2020-06-10 10:57:20.480000,29309.52,29275,19901,29280,123,29260,9199,29245,19334
2020-06-10 10:57:20.670000,29309.52,29275,123,29280,19901,29265,9150,29260,49
2020-06-10 10:57:21.020000,29309.52,29275,20024,29280,5000,29260,9199,29245,19334
2020-06-10 10:57:21.310000,29309.52,29275,20024,29280,5000,29260,9199,29245,19334
2020-06-10 10:57:22.060000,29309.52,29275,123,29280,24901,29260,9199,29245,19334
2020-06-10 10:57:22.280000,29309.52,29275,20024,29280,5000,29260,9199,29245,19334
2020-06-10 10:57:23.090000,29309.52,29275,123,29280,24901,29260,9199,29245,19334
2020-06-10 10:57:23.450000,29309.52,29275,123,29280,24901,29265,9150,29260,49
2020-06-10 10:57:24.190000,29309.52,29275,123,29280,24901,29260,9199,29245,19334
2020-06-10 10:57:25.760000,29312.41,29275,20024,29280,5000,29260,9199,29245,19334
2020-06-10 10:57:25.860000,29312.41,29275,123,29280,24901,29260,9199,29245,19334
2020-06-10 10:57:26.220000,29312.41,29275,20024,29280,5000,29260,9199,29245,19334
2020-06-10 10:57:26.690000,29312.41,29275,123,29280,24901,29260,9199,29245,19334
2020-06-10 10:57:28.280000,29312.41,29275,123,29280,24901,29260,9199,29245,19334
2020-06-10 10:57:28.930000,29312.41,29275,123,29280,24901,29265,9150,29260,49
2020-06-10 10:57:33.750000,29312.41,29275,20024,29280,5000,29260,9199,29245,19334
2020-06-10 10:57:37.680000,29311.68,29275,123,29280,24901,29265,9150,29260,49
2020-06-10 10:57:38.600000,29311.68,29275,20024,29280,5000,29260,9199,29245,19334
2020-06-10 10:57:38.880000,29311.68,29275,123,29280,24901,29265,9150,29260,49
2020-06-10 10:57:42.770000,29311.68,29275,123,29280,5000,29270,9150,29260,49
2020-06-10 10:57:44.800000,29292.35,29275,123,29280,24901,29265,9150,29260,49
2020-06-10 10:57:45.840000,29292.35,29270,1,29275,123,29265,9150,29260,49
2020-06-10 10:57:45.980000,29292.35,29270,124,29280,24901,29265,9150,29260,49
2020-06-10 10:57:48.190000,29292.35,29270,124,29275,19901,29260,9199,29245,19334
2020-06-10 10:57:49.130000,29292.35,29270,124,29280,24901,29265,9150,29260,49
2020-06-10 10:57:49.400000,29292.35,29270,124,29275,19901,29260,9199,29245,19334
2020-06-10 10:57:51.860000,29292.35,29270,20025,29280,25000,29260,49,29255,9150
2020-06-10 10:57:52.770000,29292.35,29270,20025,29280,25000,29260,49,29255,9150
2020-06-10 10:57:54.240000,29292.35,29270,124,29275,19901,29260,9199,29245,19334
2020-06-10 10:58:01.140000,29308.78,29270,20025,29280,25000,29260,49,29255,9150
2020-06-10 10:58:02.390000,29308.78,29270,20025,29280,25000,29260,49,29255,9150
2020-06-10 10:58:04.990000,29284.28,29265,19901,29270,124,29250,9150,29235,20000
2020-06-10 10:58:05.780000,29284.28,29265,20024,29270,1,29250,9150,29235,20000
2020-06-10 10:58:05.990000,29284.28,29265,123,29270,19902,29255,9150,29240,20000
2020-06-10 10:58:06.830000,29284.28,29265,20024,29270,1,29250,9150,29235,20000
2020-06-10 10:58:07.000000,29284.28,29265,20024,29270,1,29250,9150,29235,20000
2020-06-10 10:58:07.880000,29284.28,29265,123,29270,19902,29250,9150,29235,20000
2020-06-10 10:58:08.220000,29284.28,29265,20024,29270,1,29250,9150,29235,20000
2020-06-10 10:58:11.870000,29284.28,29265,123,29270,19902,29255,9150,29240,20000
2020-06-10 10:58:13.940000,29284.28,29265,20024,29270,1,29250,9150,29235,20000
2020-06-10 10:58:14.780000,29296.08,29265,123,29270,19902,29255,9150,29240,20000
2020-06-10 10:58:20.000000,29296.08,29265,20024,29270,1,29250,9150,29235,20000
2020-06-10 10:58:20.420000,29296.08,29265,123,29270,19902,29255,9150,29240,20000
2020-06-10 10:58:20.780000,29296.08,29265,123,29270,19902,29255,9150,29240,20000
2020-06-10 10:58:21.590000,29296.08,29265,20024,29270,1,29250,9150,29235,20000
2020-06-10 10:58:21.750000,29296.08,29265,123,29270,19902,29255,9150,29240,20000
2020-06-10 10:58:22.890000,29296.08,29265,123,29270,1,29260,9150,29245,19334
2020-06-10 10:58:23.730000,29296.08,29265,123,29270,1,29260,9150,29245,19334
2020-06-10 10:58:24.280000,29296.08,29265,123,29270,1,29255,9150,29240,20000
2020-06-10 10:58:25.340000,29303.53,29265,123,29270,1,29260,9150,29245,19334
2020-06-10 10:58:28.460000,29303.53,29270,1,29275,19901,29260,9650,29245,19334
2020-06-10 10:58:29.560000,29303.53,29270,1,29280,24901,29265,9150,29260,500
2020-06-10 10:58:29.880000,29303.53,29270,1,29275,19901,29260,9650,29245,19334
2020-06-10 10:58:30.590000,29303.53,29270,1,29280,24901,29265,9150,29260,500
2020-06-10 10:58:32.570000,29303.53,29270,1,29275,19901,29260,9650,29245,19334
2020-06-10 10:58:34.800000,29300.93,29270,1,29280,24901,29265,9150,29260,500
2020-06-10 10:58:35.120000,29300.93,29270,1,29280,24901,29265,9150,29260,500
2020-06-10 10:58:38.490000,29300.93,29270,1,29275,19901,29260,9650,29245,19334
2020-06-10 10:58:39.570000,29300.93,29270,1,29280,24901,29265,9150,29260,500
2020-06-10 10:58:40.380000,29300.93,29270,1,29280,24901,29265,9150,29260,500
2020-06-10 10:58:41.130000,29300.93,29270,1,29275,19901,29260,9650,29245,19334
2020-06-10 10:58:42.270000,29300.93,29270,1,29280,24901,29265,9150,29260,500
2020-06-10 10:58:42.680000,29300.93,29270,1,29275,19901,29260,9547,29245,19334
2020-06-10 10:58:44.110000,29286.09,29275,19901,29280,5000,29270,31,29260,9547
2020-06-10 10:58:44.440000,29286.09,29270,500,29275,19901,29260,9547,29245,19334
2020-06-10 10:58:45.390000,29286.09,29270,600,29275,19901,29260,9547,29245,19334
2020-06-10 10:58:46.380000,29286.09,29270,600,29275,19901,29260,9047,29245,19334
2020-06-10 10:58:49.600000,29286.09,29270,20501,29280,25000,29255,9047,29240,20000
2020-06-10 10:58:52.740000,29286.09,29270,600,29275,19901,29260,9047,29245,19334
2020-06-10 10:58:53.750000,29286.09,29270,20501,29280,25000,29255,9047,29240,20000
2020-06-10 10:58:54.060000,29286.09,29270,600,29275,19901,29260,9047,29245,19334
2020-06-10 10:58:55.360000,29286.93,29270,600,29275,19901,29255,9047,29240,20000
2020-06-10 10:58:55.450000,29286.93,29270,700,29275,19901,29255,9047,29240,20000
2020-06-10 10:58:56.340000,29286.93,29270,700,29275,19901,29260,9047,29245,19334
2020-06-10 10:58:56.440000,29286.93,29270,700,29275,19901,29255,9047,29240,20000
2020-06-10 10:58:56.580000,29286.93,29270,700,29275,19901,29260,9047,29245,19334
2020-06-10 10:59:01.350000,29286.93,29280,24901,29290,20500,29265,9047,29250,20000
2020-06-10 10:59:02.200000,29286.93,29270,700,29280,24901,29265,9047,29250,20000
2020-06-10 10:59:02.430000,29286.93,29280,24901,29290,20500,29265,9047,29250,20000
2020-06-10 10:59:02.850000,29286.93,29280,25601,29290,20500,29265,9047,29250,20000
2020-06-10 10:59:03.380000,29286.93,29275,19901,29280,5700,29260,9047,29245,19334
2020-06-10 10:59:03.770000,29286.93,29275,20601,29280,5000,29260,9047,29245,19334
2020-06-10 10:59:07.070000,29302.49,29275,20601,29280,25000,29255,9047,29240,20000
2020-06-10 10:59:07.980000,29302.49,29275,20601,29280,5000,29255,9047,29240,20000
2020-06-10 10:59:08.320000,29302.49,29275,20601,29280,5000,29260,9047,29245,19334
2020-06-10 10:59:09.550000,29302.49,29275,700,29280,24901,29265,9047,29250,20000
2020-06-10 10:59:09.790000,29302.49,29275,700,29280,24901,29260,9047,29245,19334
2020-06-10 10:59:10.490000,29302.49,29275,20601,29280,5000,29260,9047,29245,19334
2020-06-10 10:59:13.270000,29302.49,29275,20601,29280,5000,29255,9047,29240,20000
2020-06-10 10:59:13.710000,29302.49,29275,20601,29280,5000,29255,9047,29240,20000
2020-06-10 10:59:15.050000,29284.49,29275,20601,29280,5000,29260,9047,29245,19334
2020-06-10 10:59:16.430000,29284.49,29270,19901,29275,700,29255,9047,29240,20000
2020-06-10 10:59:16.520000,29284.49,29270,20601,29280,25000,29255,9047,29240,20000
2020-06-10 10:59:19.020000,29284.49,29265,19901,29270,700,29250,9047,29235,20000
2020-06-10 10:59:19.380000,29284.49,29265,20501,29275,20000,29250,9047,29235,20000
2020-06-10 10:59:20.350000,29284.49,29265,600,29270,19901,29255,9047,29240,20000
2020-06-10 10:59:21.190000,29284.49,29265,20501,29275,20000,29250,9047,29235,20000
2020-06-10 10:59:24.360000,29284.49,29265,600,29270,19901,29255,9047,29240,20000
2020-06-10 10:59:24.520000,29284.49,29265,20601,29275,20000,29250,9047,29235,20000
2020-06-10 10:59:31.160000,29304.85,29260,19901,29265,700,29245,9047,29230,20000
2020-06-10 10:59:31.340000,29304.85,29260,600,29265,19901,29250,9047,29235,20000
2020-06-10 10:59:31.500000,29304.85,29265,19901,29275,20000,29250,9047,29235,20000
2020-06-10 10:59:31.920000,29304.85,29260,19901,29265,600,29245,9047,29230,20000
2020-06-10 10:59:32.720000,29304.85,29265,19901,29275,20000,29250,9047,29235,20000
2020-06-10 10:59:34.480000,29287.5,29265,20501,29275,20000,29250,9047,29235,20000
2020-06-10 10:59:35.330000,29287.5,29270,19901,29280,25000,29255,9047,29240,20000
2020-06-10 10:59:35.510000,29287.5,29270,20501,29280,25000,29255,9047,29240,20000
2020-06-10 10:59:38.470000,29287.5,29270,21001,29280,25000,29255,9047,29240,20000
2020-06-10 10:59:41.320000,29287.5,29270,21001,29280,25000,29250,9047,29235,20000
2020-06-10 10:59:43.120000,29287.5,29265,19901,29270,1100,29250,9047,29235,20000
2020-06-10 10:59:43.280000,29287.5,29265,20501,29270,500,29250,9047,29235,20000
2020-06-10 10:59:44.040000,29287.5,29265,600,29270,20401,29255,9047,29240,20000
2020-06-10 10:59:44.450000,29287.5,29265,600,29270,20401,29250,9047,29235,20000
2020-06-10 10:59:45.320000,29292.52,29265,600,29270,20401,29255,9047,29240,20000
2020-06-10 10:59:46.310000,29292.52,29265,600,29270,20401,29250,9047,29235,20000
2020-06-10 10:59:46.540000,29292.52,29265,600,29270,20401,29255,9047,29240,20000
2020-06-10 10:59:47.740000,29292.52,29265,600,29270,20401,29250,9047,29235,20000
2020-06-10 10:59:48.350000,29292.52,29265,20501,29270,500,29250,9047,29235,20000
2020-06-10 11:00:00.050000,29314.37,29265,20501,29270,500,29250,9047,29235,20000
2020-06-10 11:00:00.970000,29314.37,29265,600,29270,20401,29255,9047,29240,20000
2020-06-10 11:00:02.000000,29314.37,29270,20401,29280,25000,29255,9047,29240,20000
2020-06-10 11:00:02.240000,29314.37,29270,21001,29280,25000,29255,9047,29240,20000
2020-06-10 11:00:06.470000,29305.63,29270,21001,29280,25000,29255,9047,29240,20000
2020-06-10 11:00:09.160000,29305.63,29270,1100,29275,19901,29255,9047,29240,20000
2020-06-10 11:00:10.140000,29305.63,29270,1100,29275,19901,29260,9047,29245,19334
2020-06-10 11:00:11.100000,29305.63,29270,500,29275,19901,29260,9047,29245,19334
2020-06-10 11:00:11.310000,29305.63,29270,500,29280,24901,29260,9047,29250,20000
2020-06-10 11:00:11.550000,29305.63,29270,1200,29275,19901,29260,9047,29245,19334
2020-06-10 11:00:14.140000,29305.63,29270,1200,29280,24901,29260,9047,29245,19334
2020-06-10 11:00:14.490000,29287.36,29270,1200,29275,19901,29260,9047,29245,19334
2020-06-10 11:00:15.390000,29287.36,29270,1200,29280,24901,29265,9047,29250,20000
2020-06-10 11:00:15.610000,29287.36,29270,1200,29275,19901,29260,9047,29245,19334
2020-06-10 11:00:16.920000,29287.36,29270,1200,29280,24901,29265,9047,29250,20000
2020-06-10 11:00:17.120000,29287.36,29270,500,29280,24901,29265,9047,29250,20000
2020-06-10 11:00:17.980000,29287.36,29270,1200,29275,19901,29265,9047,29245,19334
2020-06-10 11:00:18.160000,29287.36,29270,1200,29280,24901,29260,9047,29245,19334
2020-06-10 11:00:18.440000,29287.36,29270,1300,29275,19901,29260,9047,29245,19334
2020-06-10 11:00:27.010000,29303.67,29265,137,29270,1300,29260,9047,29245,19334
2020-06-10 11:00:27.340000,29303.67,29265,937,29270,500,29255,9047,29240,20000
2020-06-10 11:00:27.570000,29303.67,29265,137,29270,500,29260,9047,29245,19334
2020-06-10 11:00:31.480000,29303.67,29270,1500,29280,24901,29260,9547,29245,19334
2020-06-10 11:00:34.490000,29303.67,29270,1500,29275,19901,29260,9547,29245,19334
2020-06-10 11:00:35.570000,29281.66,29270,500,29280,24901,29265,9047,29260,500
2020-06-10 11:00:41.480000,29281.66,29280,6500,29285,19901,29270,9047,29265,1900
2020-06-10 11:00:44.300000,29281.66,29280,26401,29290,20500,29265,10947,29260,500
2020-06-10 11:00:44.520000,29284.07,29280,26401,29290,20500,29265,9047,29260,500
2020-06-10 11:00:50.110000,29284.07,29280,6500,29285,19901,29270,9047,29260,500
2020-06-10 11:00:50.570000,29284.07,29280,26401,29290,20500,29265,9047,29260,500
2020-06-10 11:00:53.610000,29284.07,29280,26401,29290,20500,29265,9047,29260,500
2020-06-10 11:00:54.770000,29280.5,29270,1,29280,26401,29265,9047,29260,500
2020-06-10 11:00:55.880000,29280.5,29270,601,29280,24901,29265,9047,29260,500
2020-06-10 11:00:56.070000,29280.5,29270,1,29280,24901,29265,9047,29260,500
2020-06-10 11:01:00.100000,29280.5,29270,1601,29280,24901,29265,9047,29260,500
2020-06-10 11:01:01.080000,29280.5,29270,1601,29275,19901,29260,9547,29245,19334
2020-06-10 11:01:02.640000,29280.5,29270,1601,29280,24901,29265,9047,29260,500
2020-06-10 11:01:03.020000,29280.5,29270,1601,29275,19901,29260,9547,29245,19334
2020-06-10 11:01:03.690000,29280.5,29270,1601,29280,24901,29265,9047,29260,500
2020-06-10 11:01:04.890000,29304.07,29270,1601,29280,24901,29260,9547,29245,19334
2020-06-10 11:01:05.780000,29304.07,29270,1601,29275,19901,29260,9547,29245,19334
2020-06-10 11:01:05.970000,29304.07,29270,1601,29280,24901,29260,9547,29245,19334
2020-06-10 11:01:06.870000,29304.07,29270,1601,29275,19901,29260,9547,29245,19334
2020-06-10 11:01:08.980000,29304.07,29270,1601,29275,19901,29260,9047,29245,19334
2020-06-10 11:01:15.980000,29303.91,29270,1601,29280,24901,29265,9047,29250,20000
2020-06-10 11:01:16.310000,29303.91,29270,1601,29275,19901,29260,9047,29245,19334
2020-06-10 11:01:16.820000,29303.91,29270,1601,29275,19901,29260,9047,29245,19334
2020-06-10 11:01:19.030000,29303.91,29270,1601,29280,24901,29265,9047,29250,20000
2020-06-10 11:01:19.290000,29303.91,29270,1,29280,24901,29265,9047,29250,20000
2020-06-10 11:01:25.560000,29283.53,29280,6700,29285,19901,29270,9047,29255,20000
2020-06-10 11:01:27.560000,29283.53,29280,5000,29285,19901,29270,9047,29255,20000
2020-06-10 11:01:29.590000,29283.53,29280,6700,29285,19901,29270,9047,29255,20000
2020-06-10 11:01:30.600000,29283.53,29280,6650,29285,19901,29270,9047,29255,20000
2020-06-10 11:01:32.320000,29283.53,29280,6650,29285,19901,29270,9047,29255,20000
2020-06-10 11:01:32.520000,29283.53,29280,4950,29290,20401,29275,9047,29260,20000
2020-06-10 11:01:32.800000,29283.53,29280,6650,29290,20401,29275,9047,29260,20000
2020-06-10 11:01:33.120000,29283.53,29280,6650,29285,19901,29270,9047,29255,20000
2020-06-10 11:01:43.660000,29305.28,29280,26551,29290,20500,29265,9047,29250,20000
2020-06-10 11:01:44.070000,29305.28,29280,6650,29285,19901,29270,9047,29255,20000
2020-06-10 11:01:48.860000,29306.65,29280,26551,29290,20500,29265,9047,29250,20000
2020-06-10 11:01:49.560000,29306.65,29280,6650,29285,19901,29265,9047,29250,20000
2020-06-10 11:01:49.720000,29306.65,29280,26551,29290,20500,29265,9047,29250,20000
2020-06-10 11:01:50.860000,29306.65,29280,26551,29290,20500,29260,9047,29245,19334
2020-06-10 11:01:52.190000,29306.65,29275,19901,29280,6650,29260,9047,29245,19334
2020-06-10 11:01:53.170000,29306.65,29275,21501,29280,4950,29260,9047,29245,19334
2020-06-10 11:01:54.250000,29306.65,29275,1600,29280,24851,29265,9047,29250,20000
2020-06-10 11:01:54.410000,29306.65,29275,21501,29280,4950,29260,9047,29245,19334
2020-06-10 11:01:54.500000,29306.65,29275,21501,29280,4950,29260,9047,29245,19334
2020-06-10 11:01:57.780000,29306.41,29275,1600,29280,24851,29265,9047,29250,20000
2020-06-10 11:01:58.360000,29306.41,29280,24851,29290,20500,29265,9047,29250,20000
2020-06-10 11:01:58.890000,29306.41,29280,26451,29290,20500,29265,9047,29250,20000
2020-06-10 11:02:02.090000,29306.41,29280,6550,29285,19901,29270,9047,29255,20000
2020-06-10 11:02:02.480000,29306.41,29280,4950,29285,19901,29270,9047,29255,20000
2020-06-10 11:02:03.140000,29306.41,29280,6550,29285,19901,29270,9047,29255,20000
2020-06-10 11:02:05.280000,29285.41,29280,6550,29285,19901,29265,9047,29250,20000
2020-06-10 11:02:05.570000,29285.41,29280,26451,29290,20500,29265,9047,29250,20000
2020-06-10 11:02:06.320000,29285.41,29280,26451,29290,20500,29265,9047,29250,20000
2020-06-10 11:02:09.480000,29285.41,29280,6550,29285,19901,29270,9047,29255,20000
2020-06-10 11:02:11.640000,29285.41,29275,89,29280,6550,29270,9047,29255,20000
2020-06-10 11:02:11.980000,29285.41,29275,1689,29280,4950,29270,9047,29255,20000
2020-06-10 11:02:12.820000,29285.41,29275,1689,29280,24851,29265,9047,29250,20000
2020-06-10 11:02:13.980000,29285.41,29275,1689,29280,4950,29270,9047,29255,20000
2020-06-10 11:02:14.350000,29285.41,29275,1689,29280,4950,29270,9047,29255,20000
2020-06-10 11:02:14.520000,29310.84,29275,89,29280,4950,29270,9047,29255,20000
2020-06-10 11:02:16.340000,29310.84,29275,1789,29280,4950,29270,9047,29255,20000
2020-06-10 11:02:16.480000,29310.84,29275,2289,29280,4950,29270,9047,29255,20000
2020-06-10 11:02:17.570000,29310.84,29275,2289,29280,4950,29265,9047,29250,20000
2020-06-10 11:02:18.460000,29310.84,29275,589,29280,4950,29270,9047,29255,20000
2020-06-10 11:02:18.740000,29310.84,29275,2289,29280,4950,29270,9047,29255,20000
2020-06-10 11:02:19.490000,29310.84,29275,589,29280,4950,29270,9047,29255,20000
2020-06-10 11:02:20.730000,29310.84,29280,4950,29290,20401,29275,8458,29260,20000
2020-06-10 11:02:21.650000,29310.84,29280,6750,29290,20401,29270,8458,29255,20000
2020-06-10 11:02:21.940000,29310.84,29280,6750,29285,19901,29270,8458,29255,20000
2020-06-10 11:02:22.710000,29310.84,29280,4950,29290,20401,29275,8458,29260,20000
2020-06-10 11:02:22.940000,29310.84,29280,6750,29290,20401,29270,8458,29255,20000
2020-06-10 11:02:23.880000,29310.84,29280,6750,29290,20401,29270,8458,29255,20000
2020-06-10 11:02:28.550000,29282.43,29280,6750,29285,19901,29270,8458,29255,20000
2020-06-10 11:02:28.680000,29282.43,29280,6750,29290,20401,29275,8458,29260,20000
2020-06-10 11:02:28.880000,29282.43,29280,4950,29290,20401,29275,8458,29260,20000
2020-06-10 11:02:30.550000,29282.43,29290,500,29295,19901,29280,3508,29265,20000
2020-06-10 11:02:31.080000,29282.43,29290,2300,29295,19901,29280,3508,29265,20000
2020-06-10 11:02:33.270000,29282.43,29290,500,29295,19901,29280,3508,29265,20000
2020-06-10 11:02:33.640000,29282.43,29290,700,29295,19901,29280,3508,29265,20000
2020-06-10 11:02:34.330000,29292.24,29290,500,29300,19902,29285,3508,29270,19334
2020-06-10 11:02:35.170000,29292.24,29290,2400,29295,19901,29280,3508,29265,20000
2020-06-10 11:02:35.890000,29292.24,29290,2300,29295,19901,29280,3508,29265,20000
2020-06-10 11:02:36.020000,29292.24,29290,500,29295,19901,29280,3508,29265,20000
2020-06-10 11:02:36.970000,29292.24,29290,500,29300,19902,29285,3508,29270,19334
2020-06-10 11:02:38.020000,29292.24,29290,2500,29295,19901,29280,3508,29265,20000
2020-06-10 11:02:38.240000,29292.24,29290,500,29300,19902,29285,3508,29270,19334
2020-06-10 11:02:39.410000,29292.24,29290,2000,29300,19902,29285,3508,29270,19334
2020-06-10 11:02:40.110000,29292.24,29290,500,29300,19902,29285,3508,29270,19334
2020-06-10 11:02:41.390000,29292.24,29290,2500,29295,19901,29280,3508,29265,20000
2020-06-10 11:02:41.500000,29292.24,29290,2500,29295,19901,29280,3508,29265,20000
2020-06-10 11:02:42.200000,29292.24,29290,500,29300,19902,29285,3508,29270,19334
2020-06-10 11:02:43.280000,29292.24,29290,500,29300,19902,29285,3508,29270,19334
2020-06-10 11:02:44.330000,29292.24,29300,2101,29305,19901,29290,3508,29275,20000
2020-06-10 11:02:44.480000,29315.15,29300,22001,29310,20000,29290,500,29285,3008
2020-06-10 11:02:46.470000,29315.15,29300,22001,29310,20000,29290,500,29285,3008
2020-06-10 11:02:47.560000,29315.15,29300,2100,29305,19901,29290,3508,29270,19334
2020-06-10 11:02:48.560000,29315.15,29300,2100,29305,19901,29290,3508,29275,20000
2020-06-10 11:02:49.370000,29315.15,29300,22001,29310,20000,29285,3008,29270,19334
2020-06-10 11:02:50.140000,29315.15,29295,19901,29300,2100,29280,3008,29265,20000
2020-06-10 11:02:50.290000,29315.15,29295,22001,29305,20000,29280,3008,29265,20000
2020-06-10 11:02:50.420000,29315.15,29295,2100,29300,19901,29285,3008,29270,19334
2020-06-10 11:02:51.180000,29315.15,29295,2100,29300,19901,29285,3008,29270,19334
2020-06-10 11:02:51.670000,29315.15,29295,2100,29300,19901,29285,3008,29270,19334
2020-06-10 11:02:52.180000,29315.15,29295,2100,29300,19901,29285,3008,29270,19334
2020-06-10 11:02:56.850000,29310.91,29295,2200,29300,19901,29285,3008,29270,19334
2020-06-10 11:02:57.180000,29310.91,29295,2200,29305,19901,29290,3008,29275,20000
2020-06-10 11:02:57.980000,29310.91,29295,2200,29305,19901,29290,3008,29275,20000
2020-06-10 11:02:59.150000,29310.91,29295,2200,29305,19901,29290,3008,29275,20000
2020-06-10 11:02:59.950000,29310.91,29305,19901,29315,20000,29290,3008,29275,20000
2020-06-10 11:03:00.380000,29310.91,29305,22101,29315,20000,29290,3008,29275,20000
2020-06-10 11:03:13.550000,29319.59,29300,19901,29305,2200,29285,3008,29270,19334
2020-06-10 11:03:14.350000,29319.59,29300,2200,29305,19901,29290,3008,29275,20000
2020-06-10 11:03:20.080000,29335.68,29300,2200,29305,19901,29290,3008,29275,20000
2020-06-10 11:03:24.310000,29330.0,29300,2200,29305,19901,29290,3008,29275,20000
2020-06-10 11:03:25.210000,29330.0,29300,22101,29310,20000,29285,3008,29270,19334
2020-06-10 11:03:25.890000,29330.0,29300,2200,29305,19901,29285,3008,29270,19334
2020-06-10 11:03:26.380000,29330.0,29300,22101,29310,20000,29285,3008,29270,19334
2020-06-10 11:03:39.140000,29321.0,29295,19901,29300,2200,29280,3008,29265,20000
2020-06-10 11:03:40.060000,29321.0,29295,22201,29305,20000,29280,3008,29265,20000
2020-06-10 11:03:42.280000,29321.0,29295,22201,29305,20000,29280,3008,29265,20000
2020-06-10 11:03:43.090000,29321.0,29295,2300,29300,19901,29285,3008,29270,19334
2020-06-10 11:03:43.370000,29321.0,29295,22201,29305,20000,29280,3008,29265,20000
2020-06-10 11:03:44.260000,29321.0,29295,2300,29300,19901,29280,3008,29265,20000
2020-06-10 11:03:44.480000,29321.43,29295,22201,29305,20000,29280,3008,29265,20000
2020-06-10 11:03:45.400000,29321.43,29295,22201,29305,20000,29280,3008,29265,20000
2020-06-10 11:03:46.310000,29321.43,29295,2300,29300,19901,29285,3008,29270,19334
2020-06-10 11:03:46.650000,29321.43,29295,22201,29305,20000,29280,3008,29265,20000
2020-06-10 11:03:48.430000,29321.43,29295,2300,29300,19901,29285,3008,29270,19334
2020-06-10 11:03:50.290000,29321.43,29295,2400,29305,19901,29290,3008,29275,20000
2020-06-10 11:03:52.150000,29321.43,29295,2400,29305,19901,29290,3008,29275,20000
2020-06-10 11:03:52.340000,29321.43,29295,2400,29305,19901,29290,3008,29275,20000
2020-06-10 11:03:53.200000,29321.43,29305,19901,29315,20000,29290,3008,29275,20000
2020-06-10 11:03:53.380000,29321.43,29305,22301,29315,20000,29290,3008,29275,20000
2020-06-10 11:03:55.290000,29322.92,29310,19901,29320,20000,29295,3008,29280,20000
2020-06-10 11:03:55.540000,29322.92,29310,22301,29320,20000,29290,3008,29275,20000
2020-06-10 11:03:56.340000,29322.92,29310,22301,29320,20000,29290,3008,29275,20000
2020-06-10 11:03:56.840000,29322.92,29305,151,29310,22301,29295,3008,29280,20000
2020-06-10 11:03:57.880000,29322.92,29305,2551,29310,19901,29295,3008,29280,20000
2020-06-10 11:03:59.330000,29322.92,29305,22452,29315,20000,29290,3008,29275,20000
2020-06-10 11:03:59.880000,29322.92,29305,22452,29315,20000,29290,3008,29275,20000
2020-06-10 11:04:00.380000,29322.92,29305,2551,29310,19901,29295,3008,29280,20000
2020-06-10 11:04:01.330000,29322.92,29305,22452,29315,20000,29290,3008,29275,20000
2020-06-10 11:04:02.100000,29322.92,29305,22452,29315,20000,29290,3008,29275,20000
2020-06-10 11:04:02.270000,29322.92,29305,2551,29310,19901,29295,3008,29280,20000
2020-06-10 11:04:05.500000,29321.55,29305,151,29310,19901,29295,160,29280,20000
2020-06-10 11:04:06.770000,29321.55,29305,151,29310,19901,29290,160,29275,20000
2020-06-10 11:04:07.290000,29321.55,29305,151,29310,19901,29295,160,29280,20000
2020-06-10 11:04:10.690000,29321.55,29305,151,29315,19901,29300,160,29285,20000
2020-06-10 11:04:10.970000,29321.55,29300,160,29305,151,29295,160,29280,20000
2020-06-10 11:04:11.520000,29321.55,29300,151,29310,19901,29295,160,29280,20000
2020-06-10 11:04:16.080000,29327.14,29300,151,29305,19901,29290,20054,29275,20000
2020-06-10 11:04:17.170000,29327.14,29300,101,29305,19901,29290,20054,29275,20000
2020-06-10 11:04:17.990000,29327.14,29300,101,29305,19901,29290,20054,29275,20000
2020-06-10 11:04:19.050000,29327.14,29300,101,29310,19901,29295,20054,29280,20000
2020-06-10 11:04:19.640000,29327.14,29300,101,29310,19901,29295,20054,29280,20000
2020-06-10 11:04:23.440000,29327.14,29315,19901,29325,20000,29300,20054,29285,20000
2020-06-10 11:04:23.780000,29327.14,29315,19901,29325,20000,29300,20054,29285,20000
2020-06-10 11:04:24.280000,29339.76,29310,19901,29325,20000,29295,20054,29285,20000
2020-06-10 11:04:25.000000,29339.76,29315,19901,29325,20000,29300,20054,29285,20000
2020-06-10 11:04:25.840000,29339.76,29310,19901,29320,20000,29295,20054,29280,20000
2020-06-10 11:04:30.230000,29339.76,29310,19901,29320,20000,29295,20054,29280,20000
2020-06-10 11:04:30.510000,29339.76,29315,19901,29325,20000,29300,20054,29285,20000
2020-06-10 11:04:32.450000,29339.76,29320,19901,29330,20000,29300,20054,29285,20000
2020-06-10 11:04:33.230000,29339.76,29315,19901,29325,20000,29300,20054,29285,20000
2020-06-10 11:04:33.650000,29339.76,29320,19901,29330,20000,29305,20054,29290,20000
2020-06-10 11:04:34.150000,29337.86,29315,19901,29325,20000,29300,20054,29285,20000
2020-06-10 11:04:35.340000,29337.86,29315,19901,29325,20000,29300,20054,29285,20000
2020-06-10 11:04:36.390000,29337.86,29320,19901,29330,20000,29305,20054,29290,20000
2020-06-10 11:04:42.650000,29337.86,29320,19901,29330,20000,29305,20054,29290,20000
2020-06-10 11:04:43.730000,29337.86,29325,19901,29335,20000,29310,20054,29295,19334
2020-06-10 11:04:48.180000,29332.78,29320,19901,29330,20000,29305,20054,29290,20000
2020-06-10 11:04:53.690000,29332.78,29320,20401,29330,20000,29305,20054,29290,20000
2020-06-10 11:05:01.300000,29342.98,29320,500,29325,19901,29310,20054,29295,19334
2020-06-10 11:05:02.470000,29342.98,29320,20401,29330,20000,29305,20054,29290,20000
2020-06-10 11:05:03.080000,29342.98,29315,19901,29320,500,29300,20054,29285,20000
2020-06-10 11:05:03.580000,29342.98,29315,19901,29320,500,29300,20054,29285,20000
2020-06-10 11:05:06.330000,29335.23,29315,19901,29320,500,29300,20054,29285,20000
2020-06-10 11:05:08.110000,29335.23,29315,19901,29320,500,29300,20054,29285,20000
2020-06-10 11:05:09.470000,29335.23,29320,20401,29330,20000,29305,20054,29290,20000
2020-06-10 11:05:10.550000,29335.23,29315,19901,29320,500,29300,20054,29285,20000
2020-06-10 11:05:12.010000,29335.23,29320,20401,29330,20000,29305,20054,29290,20000
2020-06-10 11:05:12.720000,29335.23,29315,19901,29320,500,29300,20054,29285,20000
2020-06-10 11:05:13.720000,29335.23,29320,20401,29330,20000,29305,20054,29290,20000
2020-06-10 11:05:14.060000,29335.23,29315,19901,29320,500,29300,20054,29285,20000
2020-06-10 11:05:15.310000,29347.32,29320,20401,29330,20000,29305,20054,29290,20000
2020-06-10 11:05:15.560000,29347.32,29320,20401,29330,20000,29305,20054,29290,20000
2020-06-10 11:05:15.780000,29347.32,29315,19901,29320,500,29300,20054,29285,20000
2020-06-10 11:05:17.580000,29347.32,29310,19901,29320,20500,29295,20054,29280,20000
2020-06-10 11:05:18.620000,29347.32,29305,19901,29315,20000,29290,20054,29275,20000
2020-06-10 11:05:19.530000,29347.32,29310,19901,29320,20500,29295,20054,29280,20000
2020-06-10 11:05:20.570000,29347.32,29305,19901,29315,20000,29290,20054,29275,20000
2020-06-10 11:05:20.920000,29347.32,29310,19901,29320,20500,29290,20054,29275,20000
2020-06-10 11:05:21.480000,29347.32,29310,19901,29320,20500,29295,20054,29280,20000
2020-06-10 11:05:24.280000,29347.32,29305,19901,29315,20000,29290,20054,29275,20000
2020-06-10 11:05:24.500000,29318.01,29300,19901,29310,20000,29285,20054,29270,19334
2020-06-10 11:05:25.320000,29318.01,29305,19901,29315,20000,29290,20054,29275,20000
2020-06-10 11:05:26.340000,29318.01,29310,19901,29320,20500,29295,20054,29280,20000
2020-06-10 11:05:26.560000,29318.01,29310,19901,29320,20500,29295,20054,29280,20000
2020-06-10 11:05:27.570000,29318.01,29310,19901,29320,20500,29295,20054,29280,20000
2020-06-10 11:05:32.800000,29318.01,29315,19901,29320,500,29300,20054,29285,20000
2020-06-10 11:05:34.230000,29318.01,29310,19901,29320,20500,29295,20054,29280,20000
2020-06-10 11:05:38.190000,29331.9,29310,19901,29320,20500,29290,20054,29275,20000
2020-06-10 11:05:38.900000,29331.9,29310,19901,29320,20500,29295,20054,29280,20000
2020-06-10 11:05:39.080000,29331.9,29310,19901,29320,20500,29295,20054,29280,20000
2020-06-10 11:05:40.100000,29331.9,29315,19901,29320,500,29300,20054,29280,20000
2020-06-10 11:05:40.440000,29331.9,29315,19901,29320,500,29300,20054,29285,20000
2020-06-10 11:05:40.880000,29331.9,29310,20007,29320,20500,29295,20054,29280,20000
2020-06-10 11:05:47.780000,29324.47,29310,20307,29320,20500,29295,20054,29280,20000
2020-06-10 11:05:48.860000,29324.47,29310,406,29315,19901,29300,20054,29285,20000
2020-06-10 11:05:49.440000,29324.47,29310,406,29315,19901,29295,20054,29280,20000
2020-06-10 11:05:49.810000,29324.47,29310,406,29315,19901,29300,20054,29285,20000
2020-06-10 11:05:50.240000,29324.47,29310,406,29315,19901,29295,20054,29280,20000
2020-06-10 11:05:50.940000,29324.47,29310,20307,29320,20500,29295,20054,29280,20000
2020-06-10 11:05:51.060000,29324.47,29310,406,29315,19901,29295,20054,29280,20000
2020-06-10 11:05:51.340000,29324.47,29310,20307,29320,20500,29295,20054,29280,20000
2020-06-10 11:05:51.880000,29324.47,29310,20307,29320,20500,29295,20054,29280,20000
2020-06-10 11:05:54.220000,29324.47,29310,406,29315,19901,29300,20054,29285,20000
2020-06-10 11:05:55.220000,29345.7,29310,406,29315,19901,29295,20054,29280,20000
2020-06-10 11:05:55.370000,29345.7,29310,20307,29320,20500,29295,20054,29280,20000
2020-06-10 11:05:56.310000,29345.7,29310,406,29315,19901,29295,20054,29280,20000
2020-06-10 11:05:56.450000,29345.7,29310,20307,29320,20500,29295,20054,29280,20000
2020-06-10 11:06:00.420000,29345.7,29310,20307,29320,20500,29295,20054,29280,20000
2020-06-10 11:06:04.670000,29339.55,29310,20307,29320,20500,29295,20054,29280,20000
2020-06-10 11:06:05.140000,29339.55,29310,406,29315,19901,29300,20054,29285,20000
2020-06-10 11:06:07.890000,29339.55,29310,20307,29320,20500,29295,20054,29280,20000
2020-06-10 11:06:09.210000,29339.55,29310,406,29315,19901,29300,20054,29285,20000
2020-06-10 11:06:18.370000,29342.24,29310,406,29315,19901,29300,20054,29285,20000
2020-06-10 11:06:23.400000,29342.24,29310,20307,29320,20500,29295,20054,29280,20000
2020-06-10 11:06:24.330000,29325.92,29310,406,29315,19901,29300,20054,29285,20000
2020-06-10 11:06:30.540000,29325.92,29310,20307,29320,20500,29295,20054,29280,20000
2020-06-10 11:06:31.520000,29325.92,29310,406,29315,19901,29300,20054,29285,20000
2020-06-10 11:06:32.570000,29325.92,29310,20307,29320,20500,29295,20054,29280,20000
2020-06-10 11:06:32.720000,29325.92,29310,406,29315,19901,29300,20054,29285,20000
2020-06-10 11:06:33.740000,29325.92,29310,406,29315,19901,29300,20054,29285,20000
2020-06-10 11:06:39.000000,29337.2,29310,20307,29320,20500,29295,20054,29280,20000
2020-06-10 11:06:44.550000,29327.96,29300,300,29310,20007,29295,20054,29280,20000
2020-06-10 11:06:44.690000,29327.96,29300,406,29310,19901,29295,20054,29280,20000
2020-06-10 11:06:48.390000,29327.96,29300,406,29310,19901,29290,20054,29275,20000
2020-06-10 11:06:48.750000,29327.96,29300,406,29310,19901,29295,20054,29280,20000
2020-06-10 11:06:53.070000,29327.96,29315,19901,29320,500,29300,20054,29295,1400
2020-06-10 11:06:54.150000,29327.96,29310,19901,29320,20500,29295,21454,29280,20000
2020-06-10 11:06:55.210000,29324.64,29315,19901,29320,500,29300,20054,29295,1400
2020-06-10 11:06:55.460000,29324.64,29310,19901,29320,20500,29295,21454,29280,20000
2020-06-10 11:06:56.400000,29324.64,29310,19901,29320,20500,29295,21454,29280,20000
2020-06-10 11:07:03.180000,29324.64,29310,19851,29320,20500,29295,21454,29280,20000
2020-06-10 11:07:07.480000,29320.99,29315,19851,29320,500,29300,20054,29295,1400
2020-06-10 11:07:08.400000,29320.99,29310,19851,29320,20500,29295,21454,29280,20000
2020-06-10 11:07:10.620000,29320.99,29315,19851,29320,500,29300,20054,29295,1400
2020-06-10 11:07:11.940000,29320.99,29315,19851,29320,500,29295,21454,29285,20000
2020-06-10 11:07:12.410000,29320.99,29310,19851,29320,20500,29295,21454,29280,20000
2020-06-10 11:07:13.380000,29320.99,29310,19851,29320,20500,29295,20054,29280,20000
2020-06-10 11:07:17.270000,29337.37,29315,19851,29320,500,29300,20054,29285,20000
2020-06-10 11:07:19.680000,29337.37,29320,20351,29330,20000,29305,20054,29290,20000
2020-06-10 11:07:21.970000,29337.37,29320,20351,29330,20000,29305,20054,29290,20000
2020-06-10 11:07:22.520000,29337.37,29320,500,29325,19851,29310,20054,29295,19334
2020-06-10 11:07:23.670000,29337.37,29320,500,29325,19851,29310,20054,29295,19334
2020-06-10 11:07:24.670000,29343.61,29320,500,29325,19851,29310,20054,29295,19334
2020-06-10 11:07:25.750000,29343.61,29315,134,29320,20351,29305,20054,29290,20000
2020-06-10 11:07:25.940000,29343.61,29315,19985,29320,500,29300,20054,29285,20000
2020-06-10 11:07:26.140000,29343.61,29315,134,29320,20351,29305,20054,29290,20000
2020-06-10 11:07:26.470000,29343.61,29315,134,29320,20351,29305,20054,29290,20000
2020-06-10 11:07:27.330000,29343.61,29315,19985,29320,500,29300,20054,29285,20000
2020-06-10 11:07:27.640000,29343.61,29315,134,29320,20351,29305,20054,29290,20000
2020-06-10 11:07:29.670000,29343.61,29315,19985,29320,500,29300,20054,29285,20000
